2548 4216
475 248 562 292 sinan
583 249 701 293 narnus.
1021 229 1079 293 349

141 341 224 404 Idem
241 350 339 426 potest
353 345 454 427 quoad
468 348 624 426 regulares
640 322 856 422 confessarios,
873 345 929 406 nisi
949 345 1078 408 habeant

98 428 291 512 privilegium
306 434 337 495 in
352 435 548 498 contrarium.
572 437 710 497 Attamen
726 436 750 497 si
771 435 925 516 regulares
947 435 1077 498 illimita-

98 525 160 578 tam
176 523 427 603 approbationem
449 525 465 584 a
481 522 623 586 defuncto
637 524 788 605 Episcopo
810 524 1015 603 recepissent,
1030 526 1076 588 vel

97 607 123 664 si
145 611 266 698 tempus
287 611 474 694 assignatum
500 613 638 674 nondum
663 613 769 674 fuisset
793 612 950 692 elapsum,
978 619 1029 674 aut
1052 613 1077 676 si

97 697 277 774 approbatio
291 699 360 762 data
374 699 478 762 fuisset
495 701 532 762 od
547 701 778 783 beneplacitum,
796 707 869 763 tuno
892 719 953 760 non
976 707 1077 781 posset
1105 777 1108 780 Ι

97 782 421 868 VicariusCapitularis
432 808 495 866 eos,
506 789 582 852 Sede
590 797 724 862 vacante,
737 789 774 850 ad
785 807 911 850 exaruen
925 807 1079 867 revocare,

95 875 128 930 et
154 873 257 936 minbs
282 876 408 939 idoneos
434 884 569 958 repertos
590 879 628 940 ab
654 877 812 939 audiendis
833 876 1076 940 confessionibus

95 963 295 1042 suspendere.
308 968 351 1028 lta
365 967 580 1045 communiter,
593 967 648 1028 etsi
659 967 846 1047 aliquatenus
859 965 1029 1046 disputetur
1038 968 1076 1030 de

95 1048 205 1112 ultima
219 1052 389 1134 hypothesi.
1155 1105 1157 1111 ,

138 1143 208 1201 484.
234 1144 354 1213 Quaerit.
373 1147 405 1206 5⁰
421 1147 468 1205 An
483 1144 653 1225 Capitulum
676 1149 727 1206 aut
746 1143 881 1205 Vicarius
900 1143 1075 1224 Capitularis

95 1243 205 1288 causas
219 1231 328 1292 arduas
343 1239 371 1293 et
392 1233 543 1312 imprimis
564 1231 800 1294 matrimoniales
820 1250 926 1294 causas
946 1251 1073 1314 cognos-

96 1331 167 1376 cere
182 1324 212 1378 et
226 1320 367 1399 expedire
379 1321 494 1402 possit?

139 1405 229 1486 Resp.
242 1407 344 1484 Posse,
353 1411 437 1488 juxta
447 1411 627 1472 sententiam
638 1427 847 1484 communem,
858 1428 964 1472 causas
973 1411 1072 1473 crimi-

95 1491 183 1554 nales
198 1495 279 1557 etde
293 1495 399 1559 haeresi
415 1517 598 1578 cognoscere
612 1506 643 1560 et
656 1498 809 1578 expedire.

137 1580 221 1643 Idem
232 1591 277 1645 est
289 1577 499 1649 dicendumde
511 1587 609 1648 causis
624 1585 908 1662 matrimonialibus,
920 1606 986 1666 quae
996 1587 1075 1648 ordi·

95 1670 216 1731 nariam
228 1673 471 1751 iurisdictionem
489 1675 630 1756 Episcopi
649 1693 710 1736 non
733 1674 902 1752 excedunt,
924 1693 985 1735 non
1004 1677 1072 1737 obs-

94 1765 180 1820 tante
194 1777 231 1820 eo
246 1763 325 1842 quod
344 1763 453 1825 dicitur
468 1763 497 1824 in
514 1783 586 1825 sess
603 1767 654 1839 25,
665 1781 730 1842 cap.
744 1767 783 1823 EO
794 1762 906 1824 Concil.
924 1763 1069 1839 Trident,

94 1866 161 1926 <1110
176 1851 378 1913 excluduntur
392 1853 539 1918 duntaxat
551 1851 668 1914 Praelati
683 1850 851 1912 inferiores
965 1859 966 1862 ’

138 1937 170 1997 Si
185 1943 285 2000 tamen
299 1959 398 2002 causae
411 1941 472 2002 sint
485 1941 526 2002 ita
540 1941 642 2002 arduae
656 1945 706 2012 ut,
722 1939 891 2002 secundino
910 1947 1071 2004 consuetu·

93 2024 202 2086 dinem
218 2029 434 2106 ecclesiarum,
452 2030 522 2106 solis
537 2029 693 2110 Episcopis
707 2035 879 2108 competere
893 2037 1071 2090 censeantur

95 2112 145 2194 (v.-
158 2134 187 2194 g.
207 2117 319 2196 Synodi
335 2117 539 2200 coadunatio),
556 2118 621 2179 illas
633 2165 640 2193 ,
658 2124 740 2178 extra
754 2135 858 2178 casum
870 2117 1005 2196 urgentis
1019 2136 1072 2179 ne·

93 2205 262 2282 cessitatis,
280 2224 340 2266 non
359 2207 467 2286 poterit
482 2205 652 2285 Capitulum
673 2222 729 2265 uec
743 2205 880 2266 Vicarius
897 2203 1072 2284 Capitularis

92 2291 258 2372 expedire,
274 2301 307 2356 ut
320 2295 443 2356 tradunt
457 2293 597 2374 Pirrhing
609 2299 639 2354 et
654 2293 798 2372 Layman.

136 2383 208 2442 485.
233 2383 355 2454 Quaerit.
385 2387 416 2445 6⁰
445 2381 522 2455 Quid
549 2381 643 2464 possit
666 2381 836 2460 Capitulum
862 2387 913 2443 aut
937 2380 1072 2442 Vicarius

92 2469 276 2550 Capituiaris
290 2472 370 2533 circa
383 2471 554 2548 beneficiat
588 2470 590 2476 ’

136 2561 229 2638 Resp.
245 2562 312 2621 Non
328 2578 416 2640 posse
430 2560 480 2620 illa
494 2557 651 2635 conferre,
668 2557 745 2619 Sede
762 2564 906 2634 vacante,
922 2557 946 2619 si
966 2577 1071 2620 eorum

91 2647 221 2709 collatio
232 2648 269 2708 ad
287 2649 386 2710 solum
400 2649 585 2729 Episcopum
599 2646 789 2728 pertinebat:
806 2649 846 2708 ita
864 2646 994 2708 decrevit
1012 2647 1071 2710 Eo·

93 2734 227 2797 niiacius
242 2737 325 2813 Vlli,
342 2737 594 2812 ann01298,bis
616 2735 715 2796 verbis
732 2754 739 2794 :
763 2757 778 2793 u
796 2735 857 2797 Etsi
880 2736 1069 2815 Capitulum,

97 2846 115 2884 α
137 2823 217 2885 Sede
234 2831 378 2896 vacante,
396 2825 542 2887 beneficia
561 2843 630 2907 quae
652 2824 690 2900 ad
713 2824 908 2886 Collationern
931 2825 1071 2906 Episcopi

97 2936 115 2974 c
137 2913 302 2994 pertinent,
313 2913 450 2976 conterre
465 2932 528 2974 non
543 2915 650 2994 possit,
666 2921 862 2994 praesentatos
875 2921 975 2975 tamen
991 2915 1008 2974 a
1022 2933 1072 2992 pa·

97 3023 116 3062 ι
137 3002 236 3064 tronis
250 3009 347 3084 potest
355 3004 533 3080 admittere,
550 3003 575 3064 si
587 3004 647 3064 sint
660 3002 779 3080 idonei,
795 3009 825 3063 et
845 3019 897 3063 eos
917 3001 1071 3063 instituere

95 3113 116 3152 α
136 3091 172 3152 in
185 3090 341 3154 beneficiis
354 3092 390 3153 ad
406 3110 475 3172 quae
488 3091 599 3153 fuerint
612 3091 801 3170 praesentati,
819 3089 886 3150 licet
898 3090 934 3150 ad
947 3088 1070 3168 Episco-

95 3203 115 3241 ι
136 3180 274 3260 pum,si
296 3189 484 3262 superesset,
506 3178 649 3242 admissio
672 3185 701 3238 et
728 3177 876 3239 institutio
897 3177 1069 3258 hujusmodi

95 3292 115 3329 ι
136 3267 339 3350 pertineret.»
356 3271 427 3350 Cap.
445 3267 529 3343 Etsi,
544 3266 715 3343 delectit,
729 3266 816 3328 inca

135 3366 262 3429 Collatia
278 3365 497 3428 beneficiorum
518 3383 605 3446 quae,
630 3363 706 3426 Sede
724 3370 862 3441 vacante,
882 3382 937 3425 suo
960 3363 1070 3426 titulari

88 3455 259 3534 orbantur,
275 3453 312 3516 ad
334 3455 469 3517 futurum
491 3455 675 3535 Episcopum
699 3461 875 3516 reservatur.
894 3453 951 3516 Ubi
969 3458 1070 3514 tamen

89 3551 199 3628 vigent
212 3545 336 3624 Regulae
351 3543 564 3622 Cancellariae,
580 3543 616 3603 ad
632 3544 663 3603 S.
686 3541 863 3603 Pontificem
881 3550 1071 3622 reservantur

87 3656 130 3700 cx
148 3654 180 3695 re
205 3633 254 3695 ula
266 3639 310 3695 2¹.

134 3655 313 3812 Sugradicta
328 3733 484 3812 responsio
499 3747 561 3791 non
576 3727 703 3807 impedit
716 3731 881 3814 quominus
893 3731 923 3792 in
935 3729 1008 3792 locis
1019 3730 1071 3794 ubi
1121 3781 1123 3785 .
