2590 4214
524 293 608 336 crasa
631 293 746 338 ruuurs.
1062 281 1124 342 toa

148 411 183 453 ea
198 411 266 474 quae
281 397 296 453 a
315 391 445 473 parocho
463 393 613 464 dimanat,
630 395 701 456 cirm
722 393 850 462 vicarius
871 395 965 476 possit
980 395 1122 476 jurisdic-

149 480 264 543 tionem
277 481 365 542 simul
381 483 436 542 eta
452 483 582 562 parocho
592 491 621 544 et
633 483 670 544 ab
683 483 832 564 Episcopo
847 485 991 564 recipere.
1098 509 1100 519 ·

188 569 268 632 Dicit
281 570 403 651 quidem
425 579 529 638 auctor
546 571 685 634 Proelcrt.
709 571 740 634 S.
768 571 904 654 Salpitii
913 571 967 654 (no
985 579 1055 651 ⁶228,
1071 574 1124 656 ΙΙΙ)

149 657 278 720 vicarios
293 659 482 740 temporales,
495 659 579 742 juxta
593 660 785 741 disciplinam
795 660 874 741 apud
889 679 945 722 nos
959 662 1121 742 vigentem,

149 746 280 827 delegari
296 749 334 809 ah
344 749 493 829 Episcopo
503 768 572 812 cum
582 749 793 830 jurisdictione
803 751 921 811 tauthm
936 768 992 832 pro
1005 749 1127 812 contes-

150 835 288 898 siooihus
301 837 459 898 audiendis
472 844 502 900 et
515 857 570 920 pro
584 837 783 900 celebratione
801 837 901 900 missae
913 857 925 898 ε·
937 838 1037 919 quoad
1051 839 1128 899 vcrd

150 931 273 988 caeteras
286 926 470 1000 functiones,
482 927 609 996 ,arbitrio
625 925 744 1007 parochi
762 926 870 987 dimitti
888 934 922 988 ut
938 945 988 988 eas
1003 926 1058 988 sihi
1073 945 1125 988 re·

150 1031 268 1076 servare
287 1014 389 1094 possit.
406 1014 503 1091 Unde,
518 1016 602 1097 Juxta
621 1015 736 1095 ipsum,
752 1014 874 1076 invalidi
893 1020 994 1076 essent
1009 1015 1128 1076 actush

152 1101 263 1163 vie'ario
277 1102 388 1182 peracti
402 1103 516 1184 absque
529 1103 717 1184 delegatione
734 1102 872 1184 parochi,
890 1108 923 1165 ut
938 1110 1009 1183 puta
1021 1103 1124 1164 Matri-

152 1191 300 1252 monium.
316 1191 374 1252 Sed
388 1191 540 1253 immerito
552 1193 639 1252 nobis
652 1190 769 1271 videtur
783 1191 874 1254 asseri
887 1191 977 1253 talem
991 1191 1126 1272 discipli-

153 1297 223 1340 nam
238 1279 319 1359 apud
334 1297 390 1340 nos
404 1281 583 1359 generaliter
597 1280 707 1361 vigere.
821 1337 823 1342 .

191 1369 269 1430 Ghm
281 1375 381 1430 autem
397 1367 551 1448 delegatus
564 1368 601 1429 ad
616 1367 842 1448 generalitatem
857 1387 1017 1431 causarum
1033 1368 1129 1449 possit.

152 1457 349 1538 subdelegare
374 1457 412 1518 ad
438 1457 568 1537 aliquem
599 1456 809 1536 particularem
832 1463 961 1529 casum,
991 1455 1126 1536 sequitur

151 1545 247 1607 dictos
259 1547 385 1606 vicarios
395 1563 482 1625 posse
492 1545 582 1606 etiam
594 1545 724 1624 aliquem
736 1543 921 1606 sacerdotem
932 1543 970 1605 ad
979 1545 1123 1606 assisten-

151 1635 227 1697 dum
241 1635 329 1696 alicui
340 1633 532 1694 Matrimonia
546 1633 641 1694 valide
655 1632 862 1713 subdelegare.
878 1631 938 1694 Sed
952 1650 1012 1694 non
1028 1637 1128 1713 potest

151 1723 347 1804 subdelegare
363 1739 417 1802 pro
431 1722 624 1802 generalitate
638 1739 809 1783 causarum.

169 1826 173 1832 '
190 1817 260 1875 556.
278 1811 398 1884 Quaerit.
422 1815 455 1871 2⁰
473 1814 580 1874 Utrum
598 1809 698 1872 vicarii
718 1809 957 1888 jurisdictionem
977 1827 1047 1888 erga
1067 1827 1104 1889 pa

150 1901 311 1964 roohianos
328 1899 443 1980 possint
459 1905 542 1960 extra
555 1898 728 1978 parochiam
746 1915 886 1960 exercere
901 1917 996 1979 perse
1010 1898 1054 1960 vel
1071 1917 1127 1978 per

149 1991 248 2054 alios?
551 2033 555 2040 .

190 2083 281 2157 Resp.
300 2083 330 2140 {⁰
346 2081 468 2140 Certum
481 2084 526 2138 est
542 2077 624 2156 qudd
639 2095 700 2137 non
718 2077 833 2155 possint
854 2075 1008 2138 absolvere
1023 2093 1122 2136 sacri-

150 2169 320 2231 mentaliter
333 2165 531 2248 parochianos
545 2171 627 2225 extra
642 2163 816 2245 parochiam
833 2163 878 2224 vel
898 2163 1053 2243 parochias
1067 2183 1127 2244 pro

149 2259 263 2338 quibus
276 2257 491 2338 approbantur,
507 2254 579 2316 oum
593 2251 630 2314 ad
644 2251 702 2313 hoc
715 2253 753 2312 sit
765 2252 933 2313 necessaria
947 2251 1126 2330 approbatio-

148 2346 291 2429 Episcopi
304 2345 361 2406 loci
374 2344 404 2404 in
420 2361 481 2424 quo
492 2341 695 2403 confessiones
711 2339 884 2402 audiuntur.
900 2342 942 2401 lta
954 2339 1089 2401 deciscat
1104 2341 1126 2400 a

149 2437 182 2498 S.
198 2437 308 2514 Congr.
323 2432 451 2507 Concil,
465 2433 501 2493 ta
513 2431 633 2508 januar.
652 2431 726 2491 ldll
743 2436 773 2490 et
786 2433 804 2490 3
818 2429 884 2490 dec.
903 2432 990 2491 1707.

190 2529 223 2586 2⁰
241 2521 344 2594 Quoad
360 2522 417 2584 alia
437 2523 635 2594 sacramenta,
656 2537 684 2579 v.
703 2537 747 2598 g.,
762 2516 861 2599 quoad
882 2516 1120 2594 Matrimonium,

148 2632 190 2677 aa
203 2611 305 2674 vicarii
320 2607 683 2692 possintjurisdictionem
697 2623 837 2668 exercere
851 2612 935 2668 extra
950 2606 1125 2685 parochiam

149 2721 223 2785 erga
237 2700 451 2782 parochianos,
468 2694 698 2758 controvertitur
714 2713 721 2757 :
738 2695 840 2776 plures
855 2701 986 2776 negant;
1002 2695 1073 2776 quia
1085 2715 1120 2756 ex

148 2793 295 2855 Clemeut.
316 2786 443 2862 Dudum,
461 2787 504 2848 De
520 2783 689 2868 sepulturis,
704 2785 857 2866 regulares
874 2785 1030 2866 approbati
1050 2802 1124 2846 cum

147 2877 355 2962 jurisdictione
371 2875 507 2956 delegata
525 2874 695 2936 nullatenus
716 2874 922 2936 consessiones
945 2873 1049 2934 audire
1068 2874 1123 2936 de·

150 2970 235 3044 bent,
250 2975 333 3029 eatru
346 2965 479 3026 ciuitates
490 2971 519 3025 et
527 2961 658 3024 dioeceses
671 2962 702 3023 in
712 2963 822 3042 quihus
837 2962 958 3022 luerunt
968 2961 1117 3041 deputati:

149 3065 289 3138 tempore
303 3054 383 3116 euim
399 3051 609 3136 publicationis
625 3050 901 3126 Clementinarum,
918 3047 1054 3110 nondum
1068 3067 1126 3131 ap·

150 3144 289 3227 probatio
310 3148 373 3204 erat
393 3139 536 3222 requisita
554 3138 593 3200 ad
616 3137 799 3201 validitatem
821 3137 1000 3199 sacramenti
1020 3138 1122 3200 Poeni·

149 3234 265 3310 mutia,
281 3231 334 3295 sed
348 3231 405 3292 hac
418 3228 533 3312 epocha
549 3226 724 3302 sufficiebat,
740 3235 871 3308 potestas
882 3225 1124 3304 jurisdictionis}

150 3323 176 3386 si
196 3341 269 3404 ergo
289 3329 364 3383 tune
381 3318 538 3381 deficiebat
561 3323 691 3400 potestas
707 3315 924 3398 jurisdictionis
946 3333 1002 3395 pro
1022 3331 1134 3391 sacra-¹

151 3419 256 3474 mento
275 3409 463 3473 Poeniteutiae
487 3407 610 3488 quando
634 3406 787 3485 regulares
807 3403 1012 3467 confessiones
1037 3405 1120 3467 exci-

152 3500 276 3582 piebant
301 3506 388 3561 estro
410 3496 545 3558 deitates
566 3502 596 3557 et
619 3493 750 3557 dioceses
776 3511 831 3574 pro
856 3492 967 3574 quibus
993 3491 1124 3575 delegati

152 3590 284 3666 fuerant,
304 3605 377 3668 ergo
389 3593 463 3648 tune
475 3583 643 3664 iurisdictio
658 3583 794 3663 delegata
811 3581 849 3644 ad
863 3583 1048 3645 territorium
1062 3602 1121 3646 res·

152 3678 361 3758 tringehatur;
377 3693 449 3755 ergo
464 3673 546 3735 idem
561 3691 626 3735 esse
639 3671 728 3734 dehet
742 3670 840 3746 hodie,
858 3672 985 3752 proinde
1000 3690 1120 3754 genera·

155 3768 223 3831 liter
243 3766 302 3828 dici
321 3764 409 3828 debet
425 3762 508 3843 quod
527 3763 626 3825 vicarii
641 3759 881 3842 jurisdictionem
901 3778 1040 3824 exercere
1058 3778 1120 3823 noa
