2562 4224
165 283 222 337 tto
436 289 588 334 stannum
611 288 693 332 rurrrs
714 286 864 332 cauoxrct.

202 399 292 474 Resp.
310 394 439 466 Quaestio
458 401 503 455 est
526 391 724 472 expendenda
751 390 806 450 sub
833 387 947 468 duplici
970 393 1140 467 respectu:

165 491 196 545 {⁰
209 481 330 543 relative
344 482 438 559 adjus
448 498 626 553 commune;
639 479 671 539 2⁰
681 477 802 539 relative
812 477 850 537 ud
860 475 1023 556 specialem
1034 476 1140 538 Eccle-

162 571 215 632 siae
231 570 388 631 Gallicanae
403 576 585 648 presentem
600 573 731 627 statum:

174 664 177 668 ’
204 661 224 718 l.
250 657 353 728 Quoad
366 657 421 718 Jus
437 675 595 717 commune.
615 653 777 715 Primarius
786 659 815 715 et
825 670 985 733 supremus
997 652 1141 714 omnium

164 745 380 807 beneficiorum
395 753 425 806 et
438 744 607 805 ciliciorum
618 742 745 803 Collator
755 748 800 802 est
810 743 841 803 S.
853 739 989 802 Pontifex
1003 759 1011 800 ε
1024 741 1143 820 accepit

159 835 246 894 enim
260 833 298 894 ab
313 833 440 913 ipsomet
456 831 573 892 Christo
587 830 708 911 plenam
723 829 1018 910 atindependentem
1037 835 1143 908 potes-

165 927 256 982 tatem
279 920 421 1002 pascendi
449 926 477 980 et
506 918 694 1000 gubernandi
722 917 923 979 universalem
948 916 1138 990 Ecclesiam

168 1009 292 1086 proinde
311 1006 485 1070 conferendi
498 1006 646 1068 beneficia
660 1014 689 1068 et
704 1005 800 1067 officia
818 1005 1028 1067 ecclesiastica.
1053 1005 1145 1067 Unde

166 1096 223 1157 hoc
245 1095 411 1176 disciplinae
433 1102 581 1182 punctum
605 1095 643 1157 ad
666 1095 762 1174 ipsam
786 1093 879 1154 fidem
902 1094 1048 1174 pertinet,
1073 1101 1103 1154 et
1126 1096 1144 1154 a

166 1184 290 1244 nemine
319 1183 468 1245 catholico
493 1184 595 1263 negari
620 1189 728 1263 potest.
758 1184 891 1261 «Neque
913 1183 1145 1261 praerogativam

171 1272 286 1333 ahanc
315 1280 345 1332 et
372 1278 550 1350 potestatem
578 1271 675 1332 ullum
702 1271 729 1332 ei
758 1269 927 1332 Concilium
953 1269 1090 1330 adimere
1114 1278 1146 1332 et

168 1381 186 1416 a
207 1359 344 1421 minuere
358 1365 476 1440 potest,
497 1359 657 1421 autetiam
681 1359 761 1439 Papa
785 1359 955 1419 concedens
978 1356 1146 1419 Ordinariis

172 1471 186 1502 a
208 1447 333 1528 aliisque
355 1448 527 1509 facultatem
550 1446 726 1509 conferendi
747 1446 912 1521 beneficia,
932 1463 965 1506 se
983 1445 1081 1524 privat
1093 1453 1147 1507 aut

172 1557 187 1591 a
207 1536 324 1617 privare
338 1541 437 1618 potest
446 1535 527 1598 dicta
541 1534 681 1597 facultate
691 1536 709 1596 a
718 1534 833 1597 Christo
843 1534 998 1614 accepta.»
1012 1533 1143 1596 Lauren.

167 1623 278 1685 Forum
294 1623 402 1704 benef,
419 1633 496 1704 part.
513 1629 549 1700 a,
567 1643 597 1704 p.
614 1627 683 1684 tlt.

174 1763 177 1772 .
210 1716 281 1774 264.
305 1712 461 1792 Multiplici
475 1709 1148 1793 modoPapajusheneficiaconferendiexer-

165 1819 237 1860 cere
252 1801 347 1873 valet;
363 1799 501 1860 videlicet
517 1819 524 1858 :

210 1889 239 1946 l·
260 1887 334 1948 lure
347 1887 519 1964 concursds,
535 1889 685 1968 quatenus
698 1887 852 1950 concurrit
864 1901 936 1948 cunr
951 1887 1070 1949 caeteris
1083 1889 1147 1950 col-

170 1973 314 2036 latoribus
333 1974 524 2036 inferioribus
541 1994 548 2034 :
565 1993 684 2056 semper
693 1977 776 2036 enirn
786 1975 828 2037 sic
838 1992 1020 2036 concurrere
1034 1981 1146 2056 potest,

164 2064 240 2122 clam
256 2064 291 2122 ea
304 2062 443 2125 facultate
460 2071 591 2144 nequeat
605 2063 724 2144 privari.

209 2155 241 2210 2⁰
261 2151 335 2212 lure
348 2150 544 2212 devotationis
556 2169 563 2210 :
575 2151 649 2212 dum
660 2170 696 2212 ex
711 2151 813 2232 aliqua
823 2151 913 2212 causa
924 2152 941 2210 a
951 2150 1147 2215 collatoribus

167 2236 360 2301 inferioribus
374 2239 412 2300 ad
426 2239 538 2319 Papam
552 2239 587 2300 tit
600 2239 751 2301 devolutio
758 2239 834 2318 juris
848 2238 1024 2300 conferendi
1038 2259 1046 2300 ι
1058 2259 1147 2303 casus

164 2327 337 2408 specialiter
352 2327 543 2408 contingeret
556 2328 580 2388 si
591 2327 748 2389 collatores
762 2325 918 2388 inferiores
929 2327 1145 2408 neglexissent,

170 2414 246 2476 intra
260 2417 409 2496 tempusa
420 2416 487 2492 jure
502 2415 661 2494 praefixum
673 2463 682 2492 ,
695 2414 878 2478 beneficium
889 2415 1044 2494 conferre,
1060 2418 1108 2479 vel
1122 2419 1145 2478 si

164 2503 366 2565 eontulissent
388 2521 424 2564 eo
443 2502 534 2564 modo
553 2521 645 2583 quem
665 2503 716 2584 J‘us
738 2503 833 2564 irritat
853 2509 881 2564 et
904 2509 1029 2584 propter
1053 2525 1143 2586 quera

163 2589 546 2652 -devolutionemdecernit

209 2680 241 2738 3⁰
261 2677 330 2741 dure
338 2677 550 2759 praeventionis
566 2680 661 2741 :dum
685 2679 850 2755 nimirum,
873 2683 942 2740 ante
957 2681 1145 2745 vacationem

166 2763 321 2842 ueneficii,
348 2766 485 2828 Pontifex
508 2768 630 2829 mandat
658 2767 804 2844 utillud,
828 2767 981 2830 vacatione
1001 2787 1144 2850 superve-

166 2853 293 2929 niente,
309 2854 495 2930 conferatur‚
507 2856 554 2917 vel
568 2856 660 2917 etiam
670 2857 799 2937 ipsemet
809 2854 926 2918 confert
939 2856 1146 2922 determinatae

172 2960 318 3022 personae.
334 2942 392 3004 Sed
407 2943 508 3024 quoad
534 2943 592 3004 hoc
618 2952 788 3021 punctum,
812 2943 980 3006 notandum
999 2947 1146 3028 estquod

163 3031 252 3112 juxta
275 3052 290 3089 a
311 3031 412 3092 Concil
431 3031 565 3092 Trident.
595 3033 683 3111 (sess.
709 3035 766 3107 24,
791 3049 857 3112 cap.
884 3035 940 3108 l9,
961 3033 1142 3116 Dares.)....

175 3139 190 3176 a
209 3118 350 3180 mandata
367 3119 405 3180 de
427 3118 629 3200 providendo,
644 3125 674 3180 et
692 3121 793 3200 gratiae
808 3121 1019 3199 expectatura,
1035 3127 1067 3184 et
1079 3123 1145 3187 aliae

174 3227 189 3263 a
210 3225 410 3287 quaecumque
425 3207 526 3286 gratia
540 3206 578 3267 ad
592 3213 732 3269 vacatura
754 3207 901 3270 beneficia
921 3209 1040 3271 sublata
1059 3221 1141 3289 sunt,

175 3316 190 3351 a
209 3295 299 3356 simul
314 3302 345 3356 et
359 3294 573 3356 reservationes
587 3296 733 3357 mentales
746 3295 857 3376 quibus
871 3295 1006 3358 Pontifex
1025 3297 1144 3362 benefi-

167 3405 189 3438 «α
209 3381 290 3442 cium
314 3381 437 3462 aliquod
460 3383 490 3442 in
513 3382 641 3462 gratiam
662 3383 790 3464 alicujus
805 3402 942 3464 personae
961 3388 1141 3464 reservabat.

167 3491 188 3526 a
208 3469 455 3550 reticitoetquasi
465 3471 496 3530 in
506 3477 607 3532 mente
618 3478 732 3532 serrato
745 3471 1139 3553 nomineipsiuspersonae..

166 3579 188 3612 a
208 3575 277 3636 quae
290 3557 415 3638 quidem
427 3557 594 3619 Tridentini
608 3558 778 3638 decreta...‚
791 3577 845 3640 per
858 3561 978 3641 regulas
987 3562 1140 3626 (lancella-

173 3666 188 3700 a
208 3644 276 3718 riae,
293 3645 483 3722 [Pontifices]
506 3655 688 3708 curaverunt
717 3648 799 3708 utin
822 3649 977 3727 posterum
1002 3651 1142 3730 religiose

168 3751 189 3785 a
210 3731 471 3792 custodirentur.»
498 3732 584 3793 Card.
601 3733 716 3808 Soulia,
731 3735 806 3795 last.
821 3735 891 3812 jur.
905 3737 1002 3814 prio,
1017 3737 1036 3816 ἓ
1050 3742 1101 3803 89.
