2562 4224
491 226 576 269 risun
597 207 713 285 enixos.
746 237 750 248 ·
1036 226 1090 279 toa
1111 217 1113 220 ’

114 353 131 388 a
153 329 279 391 obedire
301 329 473 408 Episcopo,
498 325 556 386 hoc
575 324 613 385 de
634 325 711 387 coelo
730 345 791 388 non
813 337 857 391 est
873 333 925 392 ¹.»
944 333 998 393 His
1012 339 1091 394 certe

111 417 264 480 abusibus
285 416 390 478 alludit
415 413 529 476 concil.
555 412 689 474 Trident.
712 415 796 490 (sess.
817 421 871 494 rt,
890 438 956 499 cap.
979 423 1013 482 11
1028 468 1034 491 ,
1048 419 1091 482 De

110 506 261 586 reform),
270 505 320 567 ubi
333 511 421 584 caput
433 502 506 566 Cam
521 499 650 582 Capella,
665 501 706 563 De
717 503 906 585 Privllepr'ls,
919 508 1091 583 innotestat

107 595 165 657 ¹orbi
179 603 281 656 tamen
297 593 388 654 dicit:
407 591 584 663 «Quoniam
594 589 748 670 privilegia
763 598 792 652 et
805 597 1010 674 exemptiones,
1022 615 1091 677 quae

114 707 131 741 a
152 683 244 744 variis
269 681 361 742 titulis
389 680 538 760 plerisque
559 679 796 757 conceduntur,
828 681 914 744 lodie
938 685 1091 764 perturba·

114 795 131 830 «
155 771 265 832 tionem
276 771 307 830 in
317 771 349 831 E
348 771 533 849 piscoporom
537 765 749 848 jurisdictione
758 769 901 848 excitare,
912 779 941 832 et
949 776 1090 855 exemptis

114 882 130 918 a
154 861 330 920 occasionem
347 857 475 919 laxioris
487 856 558 918 vita
568 855 1089 938 preberedipnoscnatm·,decernit,

114 969 132 1006 a
154 955 213 1010 ete.
232 969 247 1006 n
265 948 324 1010 Sed
338 947 384 1007 his
398 945 566 1022 concessis,
582 944 799 1024 legitimitatem
819 949 1045 1030 exemptionum
1061 951 1090 1011 in

112 1055 229 1117 genera
244 1036 274 1097 in
288 1036 414 1097 dubium
429 1051 568 1096 revocare
585 1033 712 1095 minime
728 1035 807 1098 licet.

155 1128 226 1186 317.
252 1125 404 1202 Legitimae
423 1124 506 1185 enim
520 1129 590 1184 sunt
604 1123 830 1203 exemptiones,
846 1126 872 1186 si
891 1129 921 1188 1ο
936 1128 996 1189 sint
1010 1133 1090 1190 anti-

111 1213 272 1295 quissimae
291 1214 321 1273 in
346 1211 495 1286 Ecclesia3
516 1215 548 1272 2⁰
572 1211 596 1272 si
617 1211 737 1273 nonnisi
758 1213 928 1293 illegitimo
950 1206 1091 1298 exercitio

112 1303 271 1384 potcstatis
287 1302 487 1382 competentis
510 1299 674 1382 procedant
696 1319 704 1361 ε
729 1301 812 1381 atqui
838 1301 904 1364 haec
930 1304 992 1366 duo
1011 1312 1091 1367 certa

12 1441 13 1448 ,
111 1396 187 1452 sunt
205 1390 369 1471 (loquimur
379 1389 529 1469 imprimis
540 1388 578 1450 de
591 1390 834 1469 exemptionibus
846 1391 1042 1472 regularium,
1053 1393 1091 1455 de

110 1479 227 1560 quihus
242 1479 373 1540 maxime
389 1487 433 1539 est
445 1477 626 1559 difficultas).
640 1480 731 1558 Ergo,
748 1485 805 1539 eto.

155 1573 189 1629 1ο
209 1569 423 1648 Exemptiones
437 1575 504 1626 sant
517 1565 733 1646 antiquissimae
748 1567 900 1644 totamm,
917 1587 999 1630 anno
1013 1572 1090 1647 390,

110 1658 144 1718 S.
158 1656 345 1738 Epiphanius
356 1655 516 1718 Salaminae
526 1655 556 1716 in
568 1657 664 1734 Cypro
677 1657 855 1735 Episcopus,
868 1657 1089 1719 ordinationem

111 1746 185 1807 lecit
198 1747 230 1806 in
245 1745 427 1806 monasterio
448 1743 687 1818 bethleemitico,
700 1743 750 1804 ubi
761 1743 890 1824 degebat
903 1747 933 1807 S.
946 1747 1091 1827 Hierony-

111 1830 1090 1914 mus3atci1mcxhocillatamiuissesuaejurisdiotioniinjuriam

111 1922 322 2002 conquerebat
342 1925 475 1984 loannes
495 1919 802 2000 hierosolymitanae,
826 1923 870 1983 sic
892 1942 924 1984 se
941 1926 1091 1985 excusavit

112 2013 146 2074 S.
162 2011 371 2092 Epiphanius:
388 2009 494 2070 «Nihil
509 2009 600 2070 tibi...
610 2010 729 2086 injuriae
743 2010 908 2083 fecimus..;
921 2012 953 2072 in
966 2031 1090 2074 monas-

116 2121 133 2158 «
154 2103 231 2159 terio
260 2099 508 2171 ordinavimus„
527 2103 558 2158 et
576 2115 637 2158 non
659 2097 689 2157 in
711 2098 841 2178 paroecia
862 2098 999 2180 (diecesi)
1024 2119 1091 2179 quae

117 2209 134 2248 u
154 2187 208 2247 tihi
222 2185 339 2248 subdita
353 2188 390 2248 sit
404 2209 433 2248 n.
453 2188 533 2266 Ergo
545 2184 608 2267 jam
621 2191 694 2246 tunc
708 2186 864 2248 exstabant
879 2189 1061 2250 monasteria
1073 2191 1089 2249 a

111 2275 323 2354 jurisdictione
339 2275 485 2336 Ordinarii
501 2279 651 2354 exempta.

153 2363 248 2425 Multa
268 2363 324 2424 alia
344 2365 516 2424 testimonia
533 2361 637 2424 referri
660 2368 803 2442 possunt,
826 2369 861 2425 ut
878 2363 971 2424 videri
995 2371 1091 2444 potest

114 2451 198 2534 apud
213 2453 248 2512 D.
274 2452 385 2528 Bouix‚
403 2451 446 2513 De
461 2450 583 2532 depol,
600 2456 621 2512 t.
636 2454 671 2526 E,
688 2469 718 2531 p.
734 2455 794 2526 90,
810 2459 868 2513 eto.
880 2472 888 2527 ;
901 2452 1029 2513 sulliciat
1043 2451 1091 2515 hic

113 2541 235 2603 tantbm
251 2539 360 2602 addere
373 2559 440 2620 quae
455 2541 557 2601 statuit
567 2541 598 2600 S.
615 2539 776 2618 Gregorius
788 2542 916 2620 Magnus
931 2541 960 2601 in
974 2541 1088 2603 Concil.

110 2632 265 2703 Romano,
275 2647 356 2689 anno
370 2632 424 2691 aot
442 2647 449 2688 :
467 2629 562 2700 «Quia
575 2628 606 2688 in
622 2627 757 2708 pluribus
769 2630 1089 2712 monasteriis,inquit,

118 2742 134 2776 (ι
156 2717 252 2779 multa
266 2719 284 2778 a
304 2717 484 2778 Praesulibus
502 2715 672 2797 praejudicia
687 2726 777 2798 atque
792 2718 964 2798 gravamina
981 2737 1090 2780 mona·

119 2830 134 2866 a
157 2805 231 2868 chos
243 2806 400 2886 pertulisse
411 2805 635 2886 cognoscimus,
648 2812 766 2886 oportet
776 2815 809 2868 ut
825 2810 935 2868 Vestrae
946 2808 1089 2869 Fraterni·

119 2916 134 2952 a
155 2894 223 2956 tatis
245 2895 374 2974 provisio
394 2894 432 2955 dc
451 2895 550 2956 lutura
569 2893 670 2974 quiete
693 2911 800 2957 eorum
819 2895 933 2956 salubri
951 2896 1090 2975 disponat

119 3005 135 3042 o
156 2981 384 3045 ordinatione...
400 2982 610 3044 interdicimus
622 2981 713 3062 igitur
726 2985 756 3044 in
768 2985 892 3046 nomine
904 2985 939 3044 D.
953 2987 989 3045 N.
1001 2986 1029 3045 J.
1043 2985 1089 3056 C...

117 3095 135 3132 a
156 3076 186 3134 et
199 3089 237 3134 ax
249 3073 423 3134 auctoritate
436 3071 470 3132 B.
487 3071 602 3133 Petri...
619 3070 825 3150 prohibemus,
843 3079 875 3134 ut
889 3072 990 3133 nullus
1002 3071 1087 3151 Epio·

119 3183 135 3222 o
156 3178 302 3240 coporum
317 3166 368 3221 aut
381 3159 570 3220 secularium
588 3158 665 3223 nltm
682 3168 840 3240 praesumat
853 3160 892 3221 do
907 3159 1104 3234 redditilruS,=

118 3270 135 3308 o
156 3247 267 3323 rebus,
283 3248 329 3308 vel
341 3248 452 3308 chartis
468 3247 757 3310 monasteriorum...
774 3249 929 3323 minuere,
944 3247 987 3308 vol
1003 3246 1090 3310 dolos

118 3361 135 3398 a
155 3336 203 3400 vel
223 3336 425 3398 immissiones
442 3335 579 3408 lacera„
596 3352 695 3414 neque
716 3335 824 3398 audeat
839 3335 896 3396 sibi
914 3335 1089 3399 cathedram

145 3571 153 3600 ¹
172 3567 230 3618 Hae
249 3581 298 3617 non
311 3565 446 3629 impediere
463 3572 543 3615 tamen
559 3564 693 3632 quominus
709 3563 760 3630 ipse
775 3564 800 3616 S.
819 3565 957 3616 Bernardus
977 3567 1090 3632 postula·

114 3637 210 3690 veritat
222 3636 359 3688 obtinuerit
371 3637 540 3701 exemptiones
551 3651 594 3701 pro
606 3636 657 3685 suis
669 3636 823 3696 monasteris,
833 3643 860 3685 nt
869 3643 966 3687 constat
975 3638 1090 3701 exdtplo·

115 3717 182 3763 mata
194 3721 315 3760 concesso
328 3708 359 3758 ab
374 3707 519 3758 innocentio
534 3707 553 3757 ll
568 3707 717 3757 honestene
730 3706 758 3758 B.
771 3707 852 3758 Mario
864 3709 908 3759 bai
920 3708 1058 3759 Genitricis.
