2590 4214
520 283 606 328 niuea
626 284 742 328 enarras.
1061 271 1119 341 lto

144 387 297 470 eligenda.
316 389 365 448 Est
379 393 480 448 tamen
491 385 547 446 alia
557 385 705 447 sententia
719 403 833 466 negans
848 405 917 467 quae
933 388 963 449 S.
981 385 1121 466 Liguorio

146 477 212 558 (lib.
229 483 259 551 7,
274 477 345 557 371)
361 473 567 556 improbabilis
590 491 651 534 non
670 473 804 548 videtur3
825 475 899 536 ratio
916 475 987 556 quia
1005 475 1121 554 irregu-

125 605 128 610 -
145 565 247 628 laritas
260 583 322 626 non
338 563 501 626 incurritur
517 561 573 624 nisi
585 563 622 624 sit
637 579 778 642 expressa
793 564 824 622 in
836 563 925 644 Jure3
939 565 1006 642 Jura
1020 569 1122 624 autem

146 652 315 734 loquuntur
328 650 366 713 de
380 651 416 712 iis
425 651 477 732 qui
492 651 573 712 certe
585 655 655 712 sunt
668 668 759 712 causa
772 650 938 728 homicidii,
951 651 1122 712 mandando

146 743 191 805 vel
214 739 479 816 consulendo,qvel
501 739 553 820 qui
574 738 666 800 dubie
689 738 889 802 homicidium
912 739 1104 802 committunt
1112 758 1120 812 ;

148 848 209 891 non
226 835 328 890 autern
341 828 379 890 de
393 828 429 889 iis
444 827 495 909 qui
510 833 628 888 tantum
642 827 734 890 dubie
747 826 783 888 ad
799 827 872 890 illud
886 834 1081 890 concurrunt.

186 939 256 998 611.
280 935 606 999 Pnoeosrrrotl.-Non
621 934 1007 1018 incurriturirrepateritaa
1025 952 1123 1016 prop-

147 1035 194 1086 ter
213 1023 405 1086 homicidium
432 1023 511 1085 meri
536 1024 672 1094 casuale:
688 1035 817 1106 propter
842 1023 1034 1086 homicidium
1058 1021 1124 1084 aerd

146 1114 263 1176 casuale
289 1114 417 1175 mierum
445 1110 525 1195 qaod
556 1112 597 1174 sit
624 1113 791 1176 mortaliter
817 1113 986 1196 culpabile,
1017 1111 1123 1174 incar-

147 1203 240 1264 ritae.

85 1353 92 1364 .
189 1309 354 1390 propositio
369 1313 487 1370 constat
504 1328 542 1372 ex
561 1309 655 1372 Clem.
674 1308 876 1390 Stipatores,
892 1309 936 1372 De
952 1307 1123 1379 homicidio,

146 1395 214 1478 cap.
231 1395 483 1478 Presbyterum,
499 1403 528 1458 et
539 1415 606 1479 cap.
622 1397 801 1458 anapaesta
815 1446 824 1474 ,
842 1400 885 1465 De
898 1397 1075 1471 homicidi0;
1096 1404 1125 1459 et
1164 1469 1168 1472 ,

147 1493 181 1548 ut
193 1493 309 1547 certum
324 1485 527 1547 communiter
541 1485 678 1548 habetur.
694 1487 778 1548 Ratio
793 1493 837 1548 est
853 1487 934 1567 qudd
950 1505 1037 1565 poena
1053 1503 1124 1566 gra-

148 1575 192 1636 vis
207 1575 304 1656 qualis
322 1579 367 1636 est
381 1573 601 1654 irregularitaS,
619 1592 680 1636 non
696 1574 786 1636 debet
803 1575 898 1656 inlligi
913 1573 970 1636 nisi
984 1573 1023 1636 ob
1036 1592 1126 1654 grave

148 1663 304 1725 delictum.
436 1657 443 1670 '
860 1679 862 1683 ·

190 1761 246 1832 Oui
258 1761 309 1821 dat
320 1778 442 1842 operam
454 1760 497 1820 rei
506 1759 604 1833 licitae,
615 1758 746 1822 debitam
759 1759 929 1823 adhibendo
939 1759 1124 1840 diligentiam

149 1868 189 1910 ne
204 1847 402 1910 homicidium
421 1854 575 1929 sequatur,
591 1847 640 1910 ille
660 1867 721 1910 non
736 1847 863 1910 incurrit
877 1848 1126 1930 irregularitatem

148 1939 174 1999 si
190 1956 273 1999 mors
287 1936 419 1998 accidat.'

111 2033 115 2040 ’
189 2037 231 2096 lla
243 2035 456 2096 communiter.
474 2035 511 2096 Et
524 2039 606 2116 patet
618 2053 654 2097 ex
668 2055 734 2118 cap.
750 2035 782 2098 Is
794 2037 867 2117 qai,
885 2055 911 2099 c.
933 2037 1030 2118 Saepe,
1046 2055 1073 2098 c.
1090 2035 1128 2097 Si

149 2123 208 2185 dno
217 2123 336 2205 fratres,
348 2123 416 2184 dist.
434 2123 483 2198 50,
497 2131 569 2200 etc.;
586 2142 673 2186 secus
687 2126 711 2185 si
726 2125 912 2205 diligentiam
928 2125 1126 2187 sufficientem

149 2213 320 2286 omitteret,
336 2218 368 2273 ut
380 2211 480 2291 colligi
494 2217 589 2291 potest
603 2230 641 2272 ex
654 2230 720 2292 cap.
732 2211 865 2274 Dilectae
879 2209 990 2294 et‘cap.
1007 2213 1125 2287 ultimo,

152 2302 195 2363 De
215 2299 385 2362 homicidio.
406 2302 493 2362 Tunc
510 2300 595 2360 enim
617 2298 814 2362 homicidium
835 2301 980 2363 indirecte
1000 2301 1126 2364 volitum

151 2395 232 2451 esset
245 2389 275 2450 in
289 2391 390 2451 causa.

192 2489 260 2548 Non
274 2485 435 2564 requiritur
452 2493 559 2546 tamen
573 2485 726 2566 diligentia
739 2504 870 2563 summa,
890 2487 942 2548 sed
956 2487 1125 2550 sufficiens:

151 2575 202 2637 illa
214 2593 325 2654 nempe
340 2591 432 2654 quam
447 2573 490 2634 vir
505 2573 638 2654 prudens
649 2573 733 2652 juxta
748 2574 791 2636 rei
807 2575 980 2654 qualitatem
995 2573 1125 2637 adhibet.

151 2663 240 2730 Unde
258 2662 460 2743 irregularitas
476 2681 537 2723 non
555 2662 650 2724 oritur
669 2662 726 2723 nisi
747 2681 783 2726 ex
803 2663 985 2745 negligentia
1000 2684 1069 2746 quae
1090 2667 1127 2726 ad

153 2759 311 2836 peccatum
326 2751 452 2813 mortale
462 2750 621 2832 pertingat.

193 2850 268 2911 Vide
283 2848 380 2910 varios
394 2866 481 2910 casus
495 2848 606 2929 quibus
624 2849 727 2930 regula
744 2849 888 2931 applicari
907 2851 994 2928 valet,
1013 2853 1045 2914 in
1062 2852 1128 2914 Mo-

152 2939 260 3013 acati,
277 2939 413 3016 1101826,
429 2942 487 3000 etc.

194 3040 263 3098 eta.
288 3033 409 3107 Quaerit.
434 3038 465 3095 1⁰
483 3032 531 3096 An
552 3033 726 3114 irregularis
744 3035 795 3096 frat
813 3036 866 3115 qui
885 3035 935 3097 dat
949 3054 1073 3117 operam
1087 3043 1128 3101 rei

164 3125 276 3203 dicite,
291 3124 315 3185 si
332 3141 369 3185 ex
383 3124 419 3184 ed
433 3141 514 3183 mors
528 3122 650 3184 alterius
664 3121 830 3203 sequatur?
935 3152 938 3159 ·

194 3226 284 3303 Resp.
303 3221 356 3282 Vel
371 3237 419 3282 res
432 3227 477 3282 est
491 3219 594 3282 illicita
608 3220 680 3300 quia
694 3225 739 3280 est
752 3219 933 3301 periculosa,
946 3222 992 3283 vel
1005 3223 1073 3284 talis
1087 3233 1132 3288 est

151 3315 192 3379 ob
204 3313 295 3376 aliam
309 3327 443 3373 causam.
456 3308 486 3370 si
497 3309 601 3390 pride:
615 3308 727 3390 duplex
741 3315 785 3369 est
799 3309 947 3370 sententia
959 3312 1130 3390 probabilis;

153 3403 257 3487 prima
279 3399 407 3462 affirmat
427 3416 498 3460 cum
515 3400 602 3460 Suae.
625 3404 655 3458 et
672 3397 738 3458 aliis
755 3415 792 3458 ex
811 3415 877 3478 cap.
895 3397 958 3460 Tau
976 3418 1027 3460 noa
1045 3405 1074 3476 9,
1088 3402 1132 3465 De

154 3489 335 3564 homicidio3
350 3521 389 3535 -
400 3485 543 3562 sectata,
564 3504 656 3567 quarn
678 3485 910 3567 probabiliorem
926 3489 957 3549 S.
974 3489 1132 3569 Liguorius

153 3587 242 3644 vocat
258 3577 360 3660 (ibid,
377 3585 411 3638 n⁰
426 3579 504 3653 387),
518 3575 590 3636 dicit
604 3574 687 3656 qudd
698 3575 722 3636 si
738 3592 814 3655 opus
829 3574 916 3636 sitita
929 3579 1131 3656 periculosum

155 3679 188 3734 ut
206 3687 243 3732 ex
265 3685 302 3729 eo
321 3664 493 3746 frequenter
514 3681 596 3724 mors
618 3668 762 3745 sequatur
785 3662 830 3744 (ut
850 3663 1009 3729 admovere
1029 3668 1132 3748 ignem

155 3754 331 3822 bombardae
353 3753 405 3817 ubi
428 3760 473 3816 est
495 3751 664 3832 frequentia
682 3750 853 3822 hominum.
878 3763 930 3814 aar
943 3774 1079 3837 pugnare
1101 3758 1134 3820 in
