2616 4228
518 312 610 358 carur
631 311 816 357 racemata.
1124 318 1141 374 q

141 443 144 450 .
216 407 260 468 lle
272 406 398 488 singulis
417 407 475 470 illis
491 408 623 471 lontibus
637 417 681 472 est
701 411 788 471 nobis
807 429 890 474 nunc
903 408 1083 482 dicendum,
1097 429 1133 471 rc

164 495 323 558 enittendo
343 503 446 559 tamen
460 497 498 559 ad
513 498 669 580 theologiae
682 505 735 562 aut
749 499 911 580 Scripturae
921 507 1031 560 sanctae
1047 497 1142 579 prole-

166 601 315 662 gomena,
328 603 396 664 quae
405 585 443 648 de
455 587 609 668 Scriptura
621 592 704 648 saort
717 595 746 649 ct
757 587 929 648 Traditione
938 587 1038 649 divina
1048 592 1146 650 essent

158 670 472 754 explicandaolgilur
480 675 618 738 dicemus
631 676 786 737 duntaxat.

384 860 450 915 l.-
462 859 500 915 bu
517 873 585 916 runc
600 873 635 916 aa
648 871 795 916 arosrous
809 871 932 916 earcuo.

214 1015 263 1076 l'l.
286 1013 408 1075 Certum
425 1020 469 1076 est
484 1013 568 1094 plura
587 1013 625 1074 ab
646 1013 797 1093 Apostolis
812 1012 905 1074 luisse
925 1012 1038 1074 sancita
1050 1033 1057 1074 τ
1069 1033 1097 1076 ν.
1114 1035 1144 1095 g.

171 1103 206 1161 10
220 1101 389 1182 symbolum
407 1101 475 1162 lidei
495 1102 575 1182 quod
592 1100 660 1163 ided
681 1108 802 1163 vocatur
820 1099 998 1180 Symbolum
1018 1104 1143 1182 Aposto-

167 1188 281 1251 lorum.
294 1193 336 1252 lla
347 1193 376 1252 S.
392 1190 532 1252 ambros.
544 1191 638 1271 Epist.
654 1188 721 1251 'lad
736 1191 888 1257 siricium.
901 1190 931 1251 S.
946 1190 1006 1250 Leo
1017 1191 1139 1269 lllagnut

169 1277 265 1358 Epist.
283 1281 320 1340 ta
334 1279 371 1340 ad
388 1277 538 1356 Pulcher,
555 1279 704 1361 Ephesina
719 1279 876 1360 synodus:
892 1277 1142 1340 2⁰abstinentiam

171 1365 210 1426 ab
230 1367 390 1429 immolatis
409 1368 636 1429 simulacrorum
655 1375 684 1430 et
702 1368 890 1450 conquireret
908 1367 1044 1446 suffocato
1063 1367 1141 1447 (Act.

173 1457 276 1534 Apost.
285 1475 312 1518 c.
322 1461 371 1534 15,
382 1475 409 1519 v.
420 1459 478 1536 19);
490 1461 521 1518 3⁰
533 1457 775 1518 substitutionem
785 1455 843 1518 diei
855 1454 1014 1517 dominicae
1022 1454 1144 1518 sabbato

165 1543 363 1620 ludaeorum,
379 1551 406 1606 et
425 1542 610 1606 auditionem
628 1546 727 1606 missae
742 1545 869 1626 singulis
888 1543 1051 1605 dominicis
1075 1543 1130 1625 (ap

165 1630 326 1714 theologos
348 1633 473 1714 passim)
483 1653 492 1706 ;
512 1638 546 1694 ll⁰
564 1633 783 1695 institutionem
807 1633 1028 1714 praecipuorum
1052 1631 1141 1696 sesto

168 1737 250 1798 rum,
275 1729 308 1783 ut
331 1721 470 1798 Paschae,
500 1725 690 1783 Pentecostes
714 1726 744 1782 et
767 1720 1007 1802 probabilissime
1033 1723 1142 1784 Natalis

163 1809 290 1870 'Domini
313 1811 476 1890 [Dictionn.
494 1811 646 1891 Bergier);
667 1813 698 1872 5⁰
714 1810 863 1889 jejunium
886 1809 1142 1892 quadragesimale

169 1894 227 1976 (sat
240 1900 444 1981 communiter
455 1900 540 1977 juxta
559 1899 674 1974 Roubr,
691 1899 778 1976 iliu,
798 1917 829 1979 p.
850 1898 940 1982 lua);
955 1899 1038 1973 juxta
1050 1919 1141 1980 quos-

162 1985 250 2061 dam,
269 1983 373 2048 irratio
386 1989 489 2049 Rornae
504 1987 658 2048 Cathedrae
680 1990 710 2050 S.
731 1989 809 2048 Petri
826 1987 864 2048 dc
883 2006 945 2068 quu
963 1987 1030 2049 vide
1050 1985 1141 2050 nostri

127 2117 130 2124 ι
166 2075 322 2137 Moouclr's
334 2075 424 2147 dicta,
443 2075 483 2137 nl·
498 2079 568 2149 677,
585 2080 664 2154 678,
681 2083 710 2138 et
722 2075 823 2138 lor'sau
838 2075 895 2137 alia
910 2074 1014 2137 mulla.

208 2175 255 2234 l8.
279 2171 451 2234 Traduntur
465 2173 555 2233 etiam
574 2172 705 2252 Apostoli
720 2173 814 2254 quarn
835 2173 935 2252 plures
952 2172 1141 2236 constituisse

163 2277 311 2335 canones,
328 2279 404 2342 quos
429 2264 459 2322 S.
477 2261 633 2337 Clemens,
661 2261 829 2342 discipulus
853 2272 882 2321 et
902 2277 1058 2322 successor
1082 2261 1140 2322 divi

165 2349 262 2424 Petri,
279 2349 435 2429 collegisse
455 2349 579 2424 dicilur‚
596 2358 659 2411 tum
676 2351 706 2410 in
728 2349 805 2410 libro
829 2349 880 2429 qui
903 2349 1030 2409 Ccooaes
1055 2350 1140 2429 Apos-

165 2438 291 2499 tolorum
322 2437 514 2512 inscribitur,
538 2445 604 2500 turn
633 2439 663 2498 in
690 2446 759 2499 octo
788 2437 871 2497 libris
896 2433 1139 2520 Coaotr'totr'onom

163 2528 404 2608 apostolicorum.
417 2528 529 2588 Verbm
549 2527 588 2588 de
607 2526 654 2588 bis
672 2543 783 2607 magna
802 2531 847 2586 est
865 2523 1040 2605 disceptatio
1063 2525 1139 2589 inter

145 2616 308 2680 eruditos.
1179 2675 1182 2682 .

203 2707 247 2766 De
262 2703 528 2766 constitutionibus
542 2703 728 2784 apostolicis,
744 2709 905 2785 postquam
923 2704 1056 2766 retulerit
1071 2705 1137 2786 qui-

162 2812 236 2856 nam
248 2795 383 2854 steterint
398 2812 452 2872 pro
467 2793 585 2853 illarum
600 2785 824 2854 authenticitate
838 2799 868 2854 ct
882 2798 1008 2875 quinam
1020 2797 1136 2868 contra,

161 2881 367 2946 sicconcludit
377 2883 468 2942 Biner
477 2880 568 2962 (App.
574 2879 659 2963 juris
666 2880 811 2958 crononr'cr',
821 2900 850 2962 p.
861 2884 891 2957 Ξ,
900 2899 928 2942 c.
940 2885 985 2962 ll:
998 2903 1013 2938 a
1025 2887 1055 2946 1ο
1065 2883 1137 2945 Octo

167 2994 182 3032 r
203 2971 270 3034 libri
285 2969 537 3033 Constitutionum
550 2971 796 3052 apostolicarum,
812 2977 845 3031 ut
859 2979 977 3042 vocant,
993 2987 1052 3032 non
1068 2981 1137 3033 sunt

167 3085 182 3121 o
202 3061 240 3123 ab
265 3060 415 3140 Apostolis
433 3059 543 3136 traditi,
567 3058 702 3140 nequod
726 3061 757 3120 S.
780 3059 934 3120 Clemente
953 3062 1115 3140 conscripti
1125 3082 1135 3136 ;

163 3172 181 3208 ,ι
200 3155 232 3212 2⁰
247 3155 318 3211 sunt
332 3156 433 3210 tamen
448 3148 535 3210 diclae
549 3149 783 3210 Constitutiones
799 3147 884 3210 valde
898 3149 1047 3228 antiquae,
1064 3150 1137 3211 mul·

167 3262 180 3297 a
200 3247 291 3319 taque
311 3239 467 3299 continent
491 3235 594 3310 ulilia;
610 3240 641 3298 3⁰
661 3236 798 3316 quamvis
819 3235 929 3297 luerint
950 3237 1024 3297 oliui.
1041 3256 1135 3317 puroe,

165 3327 336 3407 «nihilque
357 3327 562 3388 continuerint
584 3333 772 3388 contrarium
795 3324 940 3385 doctrinae
963 3324 1132 3392 catholicae.
1223 3391 1226 3398 ,

165 3419 303 3498 «postea
329 3423 429 3476 tamen
452 3415 589 3494 pluribus
613 3415 644 3474 in
671 3415 756 3489 locis,
779 3412 818 3474 ab
842 3414 990 3475 haereticis
1016 3416 1134 3480 l'uerurl

160 3529 179 3566 a
199 3512 390 3586 corruptae.»

200 3599 247 3658 ta.
272 3591 377 3666 Quoad
398 3591 508 3654 librum
525 3593 577 3673 qui
600 3591 726 3655 Oenones
741 3591 949 3672 Apostolorum
963 3593 1135 3653 inscribitur

158 3683 343 3764 probabilius
363 3688 424 3756 est,
444 3682 542 3760 inquit
562 3682 657 3742 bouix
671 3681 715 3759 (de
735 3682 888 3760 I’rincip.,
905 3700 934 3760 p.
953 3680 1023 3759 120)
1042 3699 1049 3738 z
1070 3680 1135 3740 illos

155 3790 290 3836 canones
304 3789 358 3832 ucc
368 3771 407 3832 ab
421 3771 569 3848 Apostolis
580 3771 715 3841 traditos,
728 3773 811 3830 neca
826 3773 857 3828 S.
875 3769 1028 3893 Clemeppr
1043 3766 1135 3828 fuisse
