2590 4214
199 216 256 278 190
473 229 625 273 acaunum
645 227 727 272 runis
748 225 896 270 cunonrcr.
975 211 978 214 '
1068 197 1077 228 ¹

200 350 215 386 ι
235 345 347 390 corona
368 327 448 388 circa
466 333 557 406 caput
578 329 748 388 remaneret
767 323 852 400 (Can.
868 321 1038 384 Probitate
1058 328 1089 385 et
1107 343 1177 390 can.

201 438 217 476 r
235 415 366 496 penult,
387 414 458 476 dist.
481 413 546 496 23),
563 414 601 476 ad
623 432 695 476 eum
713 411 851 475 videlicet
865 410 992 473 modurn
1011 429 1074 492 quo
1088 411 1184 477 hodic

201 525 215 562 c
237 502 380 566 monachi
395 503 548 584 regulares
564 503 662 583 capita
677 520 732 563 sua
743 499 849 561 radere
864 507 1128 565 consueverunt...

239 629 257 668 c
277 609 424 670 Tracta...
442 610 589 689 temporis
609 608 815 670 introductum
829 603 904 676 fuit,
928 613 1021 686 alque
1034 605 1127 669 hodie
1141 609 1183 670 ab

201 718 216 755 c
236 696 371 758 Ecclesia
384 697 564 776 generaliter
583 703 740 778 receptum
754 701 804 772 ut,
824 695 991 755 memorata
1004 699 1123 758 corona
1135 715 1181 759 ca

202 783 383 864 rpillorum
407 787 424 846 a
451 785 608 847 monachis
633 785 759 864 aliisque
786 781 996 863 regularibus,
1021 789 1180 848 necnonl

201 893 214 928 r
236 874 374 934 Romano
388 873 534 935 Pontifice
547 876 662 936 retentd
672 875 694 948 ¹,
710 872 818 952 reliqui
837 871 1008 944 saeculares,
1025 871 1182 953 locoejus·

202 981 217 1017 o
237 959 308 1022 dern
320 978 452 1038 emoneo,
464 962 657 1024 solummodo
671 961 819 1024 circulum
832 959 963 1038 aliquem
975 960 1134 1023 modicum
1149 964 1181 1022 in

202 1069 218 1105 e
238 1049 393 1129 superiore
404 1055 487 1131 parte
501 1051 606 1132 capitis
619 1051 761 1112 abrasum
772 1055 888 1129 gerant.
899 1049 936 1107 Et
946 1047 985 1108 de
998 1049 1052 1108 tali
1066 1055 1181 1114 corona

203 1159 218 1193 n
238 1138 375 1215 procedit
385 1144 482 1201 textus
494 1139 600 1219 incap.
615 1138 727 1203 Clerici
740 1140 789 1213 15,
805 1135 868 1215 huj.
878 1135 1012 1213 tit.,ubi,
1026 1136 1183 1217 loquendo

204 1245 218 1281 ι
238 1224 277 1284 de
297 1226 413 1287 clericis
427 1227 642 1303 saecularibuS,
661 1227 770 1289 dicitur
786 1243 794 1284 ε
811 1241 955 1286 coronam
974 1229 1004 1284 et
1020 1229 1181 1289 tonsuram

204 1333 218 1370 o
238 1311 370 1374 habeant
379 1321 608 1394 congruentem.
621 1338 635 1373 u
651 1319 737 1377 -lta
750 1310 962 1386 Reiffenstuel,
978 1310 1032 1373 lib.
1044 1316 1077 1391 3,
1090 1313 1137 1376 tit.
1151 1319 1180 1391 l,

201 1399 239 1461 nl·
255 1404 292 1463 85
304 1407 333 1462 et
348 1407 397 1466 86.

239 1507 388 1588 Obligatio
414 1515 570 1571 tonsuram
594 1509 731 1572 servandi
756 1509 890 1570 restituta
917 1505 974 1569 luit
998 1508 1017 1568 a
1044 1509 1181 1572 Concilio

200 1593 392 1660 Lateranensi
403 1597 441 1674 V,
453 1598 510 1659 sub
520 1601 619 1660 Leone
630 1603 666 1660 X.
682 1599 730 1660 Sic
740 1597 823 1659 enim
834 1597 942 1677 legitur
954 1596 986 1656 in
1000 1597 1139 1660 sessione
1149 1603 1178 1661 9:

203 1705 218 1741 r
240 1685 346 1746 Clerici
369 1686 401 1746 in
425 1687 517 1748 sacris
538 1687 710 1764 constituti,
732 1685 814 1768 (nec)
834 1683 958 1746 barbam
981 1703 1041 1746 nec
1058 1704 1179 1748 comam

207 1792 223 1828 a
240 1774 390 1852 nutriant,
411 1774 462 1836 sed
481 1783 631 1836 tonsorum
651 1773 761 1856 serant.
785 1774 817 1836 Si
838 1773 906 1854 quis
922 1778 1029 1834 eontra
1052 1773 1179 1850 fecerit,

205 1880 225 1918 a
240 1864 585 1925 excommunicationem
609 1864 753 1924 incurrat.
776 1883 792 1922 u
814 1864 880 1925 Jam
903 1861 1087 1948 praeiverant
1106 1865 1180 1927 Gon·
1285 1867 1286 1870 ’

202 1947 269 2008 cilia
282 1950 418 2011 Romana
432 1952 488 2012 sub
503 1951 644 2014 Zacharia
658 1957 687 2013 et
700 1951 845 2031 Gregorio
856 1953 915 2025 Xl,
926 1949 958 2010 in
973 1949 1090 2030 quibus
1099 1952 1180 2014 dico-
1280 1974 1285 1985 ·

202 2033 319 2098 batur:
347 2059 362 2096 c
387 2040 417 2100 Si
442 2041 569 2120 quises
594 2040 711 2103 clericis
737 2057 857 2103 comam
881 2037 1077 2114 relaxaverit,
1104 2059 1179 2103 ana·
1284 2093 1285 2100 ,

206 2144 222 2183 r
242 2124 344 2186 thema
358 2127 395 2188 sit
408 2149 438 2190 n.

242 2232 479 2296 Controvertitur
489 2242 590 2296 utrum
599 2235 655 2296 sub
665 2235 746 2316 gravi
756 2242 911 2298 tonsuram
923 2239 1041 2314 gestare
1053 2241 1180 2298 tenean-

203 2325 252 2382 tur
272 2320 392 2397 clerici,
412 2324 502 2384 etiam
523 2324 555 2384 in
574 2324 666 2384 sacris
682 2324 859 2386 constituti:
885 2323 987 2403 plures
1009 2321 1092 2385 hanc
1105 2324 1180 2386 obli·

202 2409 354 2488 gationem
378 2411 544 2473 assimilare
562 2411 702 2473 videntur
724 2412 901 2492 obligationi
918 2417 1033 2472 vestem
1055 2413 1181 2496 talarem

203 2497 358 2559 deferendi
373 2518 380 2560 :
397 2500 590 2580 probabiliter
604 2509 718 2573 tamen,
733 2503 818 2580 juxta
835 2503 865 2562 S.
880 2501 1058 2580 Liguorium
1073 2501 1140 2582 (lib.
1151 2503 1181 2580 6,

204 2594 239 2646 n⁰
266 2587 360 2669 826),
388 2588 504 2651 facilius
530 2590 696 2651 mortaliter
722 2596 899 2672 peccaretur
926 2607 989 2650 non
1017 2589 1181 2653 deferendo

203 2674 356 2754 habitum,
382 2679 475 2758 quam
494 2697 639 2740 coronam
664 2697 726 2740 non
751 2679 905 2758 gestanda.
928 2675 1000 2748 Quis
1022 2680 1129 2758 enim,
1143 2680 1180 2742 ait

204 2765 316 2834 Groix,
333 2765 372 2827 de
392 2768 509 2829 mortali
532 2775 637 2850 arguet
658 2767 843 2830 sacerdotem
861 2768 954 2847 siper
975 2785 1029 2828 sex
1043 2775 1098 2830 aut
1115 2774 1180 2830 octo

205 2851 409 2914 hebdomadas
423 2873 569 2918 eoronam
586 2876 648 2920 non
662 2857 775 2919 deterat
788 2904 798 2933 ,
813 2855 931 2918 etiamsi
953 2855 1078 2918 nullum
1092 2855 1131 2920 de
1147 2859 1179 2918 et

205 2941 364 3023 vestigium
378 2945 547 3025 appareat?

244 3049 329 3111 Circa
344 3068 464 3113 coronae
474 3051 707 3134 amplitudinem
719 3050 907 3130 ,haec‘habet
922 3049 1108 3114 Benedictus
1116 3053 1180 3114 xlv

206 3137 375 3220 (Institutio
388 3143 438 3216 96,
455 3142 488 3201 n⁰
508 3145 556 3217 ¹2)
573 3161 581 3201 τ
603 3160 619 3202 c
637 3141 753 3202 Corona
773 3139 894 3220 clerici,
910 3139 962 3221 qui
979 3138 1122 3202 nondum
1135 3158 1181 3202 sa·

210 3249 225 3286 r
245 3227 379 3290 cardolio
391 3227 525 3292 initiatus
536 3229 605 3304 luit,
624 3247 716 3291 saorae
731 3229 887 3291 Particulaa
898 3228 1071 3310 comparari
1080 3228 1178 3291 debet

210 3317 363 3379 «Corona
390 3317 554 3380 sacerdotis
582 3317 689 3379 divinae
718 3318 829 3379 Hostiae
856 3317 963 3380 similis
984 3316 1176 3392 decernitur;

210 3427 225 3466 c
245 3406 368 3469 tandem
381 3405 652 3489 corona·Episcopi
673 3411 704 3468 et
723 3405 889 3468 Cardinalis
909 3404 1048 3486 ejusdem
1069 3405 1178 3468 Hostia
1285 3423 1286 3430 ¹

211 3514 227 3552 a
247 3496 478 3575 amplitudinem
492 3497 635 3578 tantisper
648 3494 930 3560 dehetcrcedero.»

243 3713 251 3742 ¹
266 3709 315 3760 Sed
324 3710 399 3763 hodic
412 3712 426 3763 t
437 3713 550 3766 Romanu
562 3714 682 3768 Pontitlca
694 3715 840 3782 huiusmodi
848 3730 942 3771 mena
952 3727 1003 3769 non
1016 3719 1145 3770 retinam
