2590 4214
393 377 394 382 ἵ
450 309 537 355 urana
556 309 675 357 emuna.
992 301 1047 357 t8l

72 411 225 474 lructibus
233 412 296 491 jem
310 409 456 485 maturis,
472 415 502 470 ct
514 407 580 470 illos
593 407 723 472 vendere
740 427 748 469 :
765 408 837 490 quia
849 414 923 472 tunc
937 409 1052 472 tructus

71 501 189 583 proprii
204 500 267 580 agri
282 497 466 560 venduntur.
945 492 949 500 '
1052 545 1054 548 .

112 591 206 652 Juxta
220 586 400 649 sententiam
413 602 621 660 communem,
632 584 749 648 licitum
759 588 805 647 est
817 584 929 648 clerico
943 603 1050 666 pecora

69 677 120 742 vel
132 694 243 758 porcos
257 693 358 738 emere
372 681 407 737 ut
417 673 526 736 vendat
540 673 703 754 saginatos,
715 673 761 734 vel
774 679 807 736 ut
819 672 951 750 foetibus,
964 674 1051 748 lacto,

71 765 145 827 lant
166 763 285 828 lucrum
308 760 416 840 faciat,
441 761 584 824 meddin
612 761 734 844 praediis
761 763 889 843 propriis
911 761 1052 822 animalia

72 855 210 928 alantur3
226 851 335 914 sivero
349 851 387 913 ad
401 850 459 913 hoc
469 850 714 914 conducerentur
728 851 841 932 praedia
857 851 975 924 aliena,
995 849 1054 910 hoc

71 941 213 1003 illicitum
227 945 316 1018 esset,
331 957 368 1002 ex
381 937 504 1018 praelato
518 938 652 1000 Concilio
662 937 910 1016 chalcedonensi,
927 937 984 1000 nisi
997 937 1052 1000 ali·

73 1029 145 1091 cubi
162 1029 275 1109 vigeret
289 1028 439 1090 contraria
452 1025 652 1090 consuetudo.

114 1117 183 1179 Non
196 1123 297 1178 autem
313 1120 418 1198 peccat
431 1115 559 1196 clericus
573 1116 625 1195 qni
641 1114 683 1192 id,
693 1114 774 1196 quod
785 1115 822 1177 ad
832 1115 970 1198 proprios
980 1133 1053 1178 usus

74 1211 206 1281 eruerat,
224 1210 335 1284 postca,
351 1204 398 1266 vel
411 1205 483 1285 quia
496 1221 558 1266 non
573 1202 687 1284 indiget
700 1203 746 1265 rel
777 1211 892 1266 mutato
906 1204 1052 1276 consilio,

75 1293 175 1355 carius
189 1292 300 1354 vendit.

115 1383 191 1442 llam
204 1380 273 1441 licet
286 1379 403 1442 clericis
422 1398 523 1442 emero
537 1379 649 1442 leucum
664 1379 702 1440 ad
716 1380 890 1443 vendendos
914 1379 1049 1462 gladios,
1065 1381 1066 1384 ’

72 1468 160 1530 lanas
174 1467 212 1529 ad
226 1467 419 1529 vendendum
437 1485 594 1548 pannum,
620 1466 711 1530 modo
730 1467 786 1548 ipsi
808 1486 843 1530 ea
866 1469 1051 1542 conficiant,

72 1573 139 1618 non
152 1555 225 1618 verb
238 1573 292 1637 per
306 1555 460 1635 operarios
472 1555 648 1642 conductos.

529 1724 544 1804 g
560 1727 596 1785 11.

297 1849 513 1914 oblectamenta
527 1849 641 1911 clericis
650 1850 820 1932 prohibita.

113 2001 184 2063 ota.
210 2004 241 2062 l·
271 1997 405 2073 Venatio,
421 1997 458 2059 de
478 1999 539 2079 qua
555 1998 598 2060 sic
611 1998 720 2076 habet,
737 2019 804 2082 cap.
822 2004 861 2080 l,
880 2001 925 2066 De
943 2001 1052 2065 clerico

72 2097 209 2152 venatore
219 2105 232 2150 .·
250 2109 265 2146 u
278 2086 474 2168 Episcopum,
490 2085 700 2168 presbyterum
715 2096 766 2150 aut
779 2089 941 2154 diaconum
959 2110 1052 2154 cenes

76 2200 92 2236 a
113 2182 166 2238 aut
180 2175 338 2257 accipitres
352 2182 405 2236 aut
424 2174 599 2252 hujusmodi
616 2177 654 2236 ad
668 2177 839 2239 venandum
857 2177 967 2240 habere
986 2198 1049 2241 non

76 2289 92 2324 a
114 2263 205 2326 licet:
222 2262 339 2344 quodsi
354 2261 421 2344 quis
441 2263 547 2325 talium
561 2281 760 2344 personarum
775 2265 807 2326 in
821 2266 879 2330 hac
898 2267 1050 2350 voluptate

76 2375 92 2410 a
114 2351 226 2432 saepius
239 2351 380 2413 detentus
399 2349 506 2428 luerit,
522 2351 546 2413 si
561 2353 729 2433 Episcopus
745 2360 810 2429 est,
825 2355 920 2418 tribus
935 2358 1047 2418 mensi·

76 2462 92 2498 a
113 2439 171 2502 bus
186 2441 202 2500 l
217 2439 451 2514 communione;
467 2439 491 2500 si
504 2440 676 2521 presbyter,
692 2441 831 2519 duobus3
854 2445 879 2505 si
898 2445 1051 2509 Diaconos

76 2550 92 2587 a
113 2527 153 2589 ab
179 2529 262 2588 omni
287 2526 386 2589 officio
408 2529 609 2608 suspendatur
623 2550 652 2590 n.
679 2529 750 2610 Cap.
776 2531 949 2610 leiusdem
971 2534 1047 2598 tituli

72 2614 308 2698 prohibitionem
329 2615 464 2678 extendit
489 2615 527 2676 ad
550 2634 657 2678 omnes
681 2635 781 2680 servos
800 2620 869 2692 Dei,
892 2619 921 2683 id
947 2623 1049 2685 estad

70 2721 181 2766 omnes
194 2703 319 2767 ciericos
337 2709 367 2766 et
387 2703 553 2784 religiosos.
573 2704 645 2767 Vide
668 2705 782 2771 Concil.
803 2708 949 2791 Trident,
971 2730 1045 2776 sess.
1068 2773 1073 2780 .

69 2795 124 2867 el,
140 2810 207 2874 cap.
226 2796 275 2855 lb.
754 2854 758 2861 .

112 2881 232 2962 Duplex
246 2887 289 2942 cst
302 2899 398 2962 genus
408 2882 574 2945 venationis
583 2929 592 2961 ‚
602 2901 664 2947 una
678 2885 850 2967 clamorosa,
863 2889 919 2953 alia
928 2891 1048 2974 quietat

71 2967 124 3030 illa
136 2986 247 3049 magno
262 2987 434 3048 armorum,
454 2989 577 3047 canum,
596 2974 772 3054 accipitrum
786 2987 929 3058 apparatu
946 2987 976 3041 et
996 2987 1046 3042 tu-

72 3055 171 3120 lnultu
188 3062 356 3133 exercetur,
372 3063 406 3119 nt
420 3058 495 3139 apri,
507 3059 587 3120 cervi
601 3068 630 3120 et
645 3061 774 3142 majores
788 3063 859 3126 ierae
873 3067 1044 3147 capiantur3

70 3145 166 3206 altera
177 3145 249 3208 sotis
258 3145 374 3226 laqueis
388 3153 416 3207 ct
428 3145 561 3223 retibus,
577 3149 733 3211 autetiam
748 3152 856 3229 armis,
876 3154 928 3214 sed
943 3157 1052 3234 paucis

69 3231 212 3295 adhibitis
230 3235 367 3310 canibus,
381 3234 419 3295 atl
437 3234 638 3297 occidendum
663 3238 794 3318 lepores,
815 3239 919 3322 vulpes
938 3243 1051 3307 aliosve

69 3321 206 3383 minores
219 3320 313 3399 feras,
325 3323 391 3384 sine
403 3322 464 3384 ullo
479 3322 604 3404 strepitu
617 3325 792 3388 instituitur.

111 3418 202 3480 Juxta
212 3420 456 3480 communiorem
470 3421 663 3499 sententiam,
674 3424 736 3484 sola
749 3425 867 3489 venatio
880 3427 1040 3493 clamorosr
1070 3457 1073 3463 ¹

68 3505 190 3568 clericis
206 3513 251 3567 est
273 3506 448 3583 interdicta,
471 3516 500 3570 et
519 3508 625 3571 deduci
645 3529 733 3592 posse
751 3513 867 3578 videtur
880 3534 916 3578 ex
931 3519 1032 3580 Coucil

68 3591 208 3656 Trident.
223 3594 306 3672 (sess.
323 3599 380 3670 el,
396 3614 463 3676 cap.
482 3595 512 3678 l)
525 3597 684 3661 Canonicis
697 3601 907 3682 praescribente
926 3612 989 3668 nul
1007 3609 1040 3670 al

73 3705 90 3740 c
112 3681 234 3743 illicitis
244 3684 458 3757 venationibus,
472 3683 746 3766 occupiisgcltoreic,
757 3697 826 3761 etc..
836 3692 1039 3757 abstineant».

70 3769 159 3834 Unde
172 3771 189 3830 a
203 3771 336 3834 Concilio
352 3791 413 3834 uon
428 3791 535 3835 omncs
549 3777 722 3838 venationes
738 3779 847 3842 illicitae
867 3799 1048 3860 supponun—
