<?xml version="1.0" encoding="UTF-8"?>
<!DOCTYPE html PUBLIC "-//W3C//DTD XHTML 1.0 Transitional//EN"
    "http://www.w3.org/TR/xhtml1/DTD/xhtml1-transitional.dtd">
<html xmlns="http://www.w3.org/1999/xhtml" xml:lang="en" lang="en">
 <head>
  <title>
</title>
<meta http-equiv="Content-Type" content="text/html;charset=utf-8" />
  <meta name='ocr-system' content='tesseract 3.04.00' />
  <meta name='ocr-capabilities' content='ocr_page ocr_carea ocr_par ocr_line ocrx_word'/>
</head>
<body>
  <div class='ocr_page' id='page_1' title='image "./elementajurisca01craigoog_0515.png"; bbox 0 0 2590 4214; ppageno 0'>
   <div class='ocr_carea' id='block_1_1' title="bbox 218 222 920 280">
    <p class='ocr_par' dir='ltr' id='par_1_1' title="bbox 218 222 920 280">
     <span class='ocr_line' id='line_1_1' title="bbox 218 222 920 280; baseline -0.013 0"><span class='ocrx_word' id='word_1_1' title='bbox 218 222 277 280; x_wconf 83' lang='lat' dir='ltr'>l88</span> <span class='ocrx_word' id='word_1_2' title='bbox 491 229 641 273; x_wconf 79' lang='lat' dir='ltr'>rurnrurn</span> <span class='ocrx_word' id='word_1_3' title='bbox 662 228 746 274; x_wconf 79' lang='lat' dir='ltr'>runis</span> <span class='ocrx_word' id='word_1_4' title='bbox 769 225 920 272; x_wconf 74' lang='lat' dir='ltr'>canonici.</span> 
     </span>
    </p>
   </div>
   <div class='ocr_carea' id='block_1_2' title="bbox 207 325 1290 2875">
    <p class='ocr_par' dir='ltr' id='par_1_2' title="bbox 207 325 1208 923">
     <span class='ocr_line' id='line_1_2' title="bbox 223 325 1204 410; baseline 0 -21"><span class='ocrx_word' id='word_1_5' title='bbox 223 355 238 389; x_wconf 81' lang='lat' dir='ltr'>c</span> <span class='ocrx_word' id='word_1_6' title='bbox 258 329 408 391; x_wconf 89' lang='lat' dir='ltr'>massinus</span> <span class='ocrx_word' id='word_1_7' title='bbox 420 327 579 404; x_wconf 90' lang='lat' dir='ltr'>observat,</span> <span class='ocrx_word' id='word_1_8' title='bbox 594 346 658 410; x_wconf 85' lang='lat' dir='ltr'>¹non</span> <span class='ocrx_word' id='word_1_9' title='bbox 672 333 760 389; x_wconf 89' lang='lat' dir='ltr'>erant</span> <span class='ocrx_word' id='word_1_10' title='bbox 770 331 860 389; x_wconf 88' lang='lat' dir='ltr'>antea</span> <span class='ocrx_word' id='word_1_11' title='bbox 874 325 1038 405; x_wconf 72' lang='lat' dir='ltr'>cartilage</span> <span class='ocrx_word' id='word_1_12' title='bbox 1052 325 1187 390; x_wconf 79' lang='lat' dir='ltr'>adstricti</span> <span class='ocrx_word' id='word_1_13' title='bbox 1194 347 1204 403; x_wconf 80' lang='lat'>3</span> 
     </span>
     <span class='ocr_line' id='line_1_3' title="bbox 224 413 1206 498; baseline 0.001 -20"><span class='ocrx_word' id='word_1_14' title='bbox 224 417 311 480; x_wconf 83' lang='lat' dir='ltr'>used</span> <span class='ocrx_word' id='word_1_15' title='bbox 333 423 486 498; x_wconf 89' lang='lat' dir='ltr'>poterant,</span> <span class='ocrx_word' id='word_1_16' title='bbox 510 416 722 498; x_wconf 86' lang='lat' dir='ltr'>alioquolibet</span> <span class='ocrx_word' id='word_1_17' title='bbox 743 415 854 491; x_wconf 88' lang='lat' dir='ltr'>modo,</span> <span class='ocrx_word' id='word_1_18' title='bbox 880 413 1001 476; x_wconf 88' lang='lat' dir='ltr'>decenti</span> <span class='ocrx_word' id='word_1_19' title='bbox 1024 421 1054 476; x_wconf 91' lang='lat' dir='ltr'>et</span> <span class='ocrx_word' id='word_1_20' title='bbox 1069 415 1206 479; x_wconf 87' lang='lat' dir='ltr'>modesto</span> 
     </span>
     <span class='ocr_line' id='line_1_4' title="bbox 225 502 1206 580; baseline 0.002 -15"><span class='ocrx_word' id='word_1_21' title='bbox 225 531 240 565; x_wconf 81' lang='lat' dir='ltr'>c</span> <span class='ocrx_word' id='word_1_22' title='bbox 261 505 316 569; x_wconf 91' lang='lat' dir='ltr'>uti.</span> <span class='ocrx_word' id='word_1_23' title='bbox 329 507 407 568; x_wconf 89' lang='lat' dir='ltr'><strong>·-S.</strong></span> <span class='ocrx_word' id='word_1_24' title='bbox 427 504 550 567; x_wconf 81' lang='lat' dir='ltr'>Carolus</span> <span class='ocrx_word' id='word_1_25' title='bbox 566 507 779 580; x_wconf 84' lang='lat' dir='ltr'>Borromaeus‚</span> <span class='ocrx_word' id='word_1_26' title='bbox 801 503 832 564; x_wconf 91' lang='lat' dir='ltr'>in</span> <span class='ocrx_word' id='word_1_27' title='bbox 847 521 904 564; x_wconf 90' lang='lat' dir='ltr'>sno</span> <span class='ocrx_word' id='word_1_28' title='bbox 926 502 1067 565; x_wconf 80' lang='lat' dir='ltr'>Concilio</span> <span class='ocrx_word' id='word_1_29' title='bbox 1081 503 1206 567; x_wconf 91' lang='lat' dir='ltr'>Provin-</span> 
     </span>
     <span class='ocr_line' id='line_1_5' title="bbox 226 589 1207 670; baseline 0 -16"><span class='ocrx_word' id='word_1_30' title='bbox 226 617 242 654; x_wconf 84' lang='lat' dir='ltr'>c</span> <span class='ocrx_word' id='word_1_31' title='bbox 261 593 330 656; x_wconf 82' lang='lat' dir='ltr'>ciali</span> <span class='ocrx_word' id='word_1_32' title='bbox 341 592 559 656; x_wconf 83' lang='lat' dir='ltr'>Mediolanensi</span> <span class='ocrx_word' id='word_1_33' title='bbox 574 596 637 670; x_wconf 85' lang='lat' dir='ltr'>l...,</span> <span class='ocrx_word' id='word_1_34' title='bbox 650 594 693 655; x_wconf 91' lang='lat' dir='ltr'>ait</span> <span class='ocrx_word' id='word_1_35' title='bbox 707 613 714 654; x_wconf 91' lang='lat'>:</span> <span class='ocrx_word' id='word_1_36' title='bbox 730 591 765 654; x_wconf 86' lang='lat' dir='ltr'>ln</span> <span class='ocrx_word' id='word_1_37' title='bbox 780 591 861 652; x_wconf 86' lang='lat' dir='ltr'>omni</span> <span class='ocrx_word' id='word_1_38' title='bbox 876 590 984 653; x_wconf 85' lang='lat' dir='ltr'>uestitu</span> <span class='ocrx_word' id='word_1_39' title='bbox 998 589 1086 652; x_wconf 87' lang='lat' dir='ltr'>color</span> <span class='ocrx_word' id='word_1_40' title='bbox 1098 595 1207 654; x_wconf 72' lang='lat' dir='ltr'>continu</span> 
     </span>
     <span class='ocr_line' id='line_1_6' title="bbox 228 679 1208 760; baseline -0.001 -16"><span class='ocrx_word' id='word_1_41' title='bbox 228 683 349 758; x_wconf 72' lang='lat' dir='ltr'>«nicer</span> <span class='ocrx_word' id='word_1_42' title='bbox 373 680 545 744; x_wconf 78' lang='lat' dir='ltr'>adhibeatur</span> <span class='ocrx_word' id='word_1_43' title='bbox 570 701 577 742; x_wconf 76' lang='grc' dir='ltr'><strong>ε</strong></span> <span class='ocrx_word' id='word_1_44' title='bbox 602 685 735 744; x_wconf 82' lang='lat' dir='ltr'>Externa</span> <span class='ocrx_word' id='word_1_45' title='bbox 762 681 851 742; x_wconf 88' lang='lat' dir='ltr'>vestis</span> <span class='ocrx_word' id='word_1_46' title='bbox 880 679 1013 760; x_wconf 82' lang='lat' dir='ltr'>simplex</span> <span class='ocrx_word' id='word_1_47' title='bbox 1041 698 1081 742; x_wconf 86' lang='lat' dir='ltr'>ae</span> <span class='ocrx_word' id='word_1_48' title='bbox 1111 683 1208 744; x_wconf 87' lang='lat' dir='ltr'>talaris</span> 
     </span>
     <span class='ocr_line' id='line_1_7' title="bbox 207 767 1207 850; baseline 0.002 -18"><span class='ocrx_word' id='word_1_49' title='bbox 207 792 244 846; x_wconf 58' lang='lat' dir='ltr'>‚c</span> <span class='ocrx_word' id='word_1_50' title='bbox 263 772 330 833; x_wconf 90' lang='lat' dir='ltr'>crit.</span> <span class='ocrx_word' id='word_1_51' title='bbox 345 793 360 831; x_wconf 80' lang='lat' dir='ltr'>u</span> <span class='ocrx_word' id='word_1_52' title='bbox 378 773 474 833; x_wconf 87' lang='lat' dir='ltr'>—lta</span> <span class='ocrx_word' id='word_1_53' title='bbox 489 771 669 834; x_wconf 88' lang='lat' dir='ltr'>Benedictus</span> <span class='ocrx_word' id='word_1_54' title='bbox 686 773 764 847; x_wconf 87' lang='lat' dir='ltr'>XIV,</span> <span class='ocrx_word' id='word_1_55' title='bbox 780 768 824 832; x_wconf 78' lang='lat' dir='ltr'>lie</span> <span class='ocrx_word' id='word_1_56' title='bbox 836 767 976 850; x_wconf 78' lang='lat' dir='ltr'>Synodo,</span> <span class='ocrx_word' id='word_1_57' title='bbox 994 768 1049 831; x_wconf 89' lang='lat' dir='ltr'>lib.</span> <span class='ocrx_word' id='word_1_58' title='bbox 1069 773 1122 846; x_wconf 89' lang='grc'>11,</span> <span class='ocrx_word' id='word_1_59' title='bbox 1140 789 1166 833; x_wconf 90' lang='lat' dir='ltr'>o.</span> <span class='ocrx_word' id='word_1_60' title='bbox 1181 775 1207 846; x_wconf 88' lang='lat'>8,</span> 
     </span>
     <span class='ocr_line' id='line_1_8' title="bbox 225 863 306 923; baseline -0.012 0"><span class='ocrx_word' id='word_1_61' title='bbox 225 870 261 923; x_wconf 89' lang='lat' dir='ltr'>n⁰</span> <span class='ocrx_word' id='word_1_62' title='bbox 275 863 306 922; x_wconf 84' lang='lat'>3.</span> 
     </span>
    </p>

    <p class='ocr_par' dir='ltr' id='par_1_3' title="bbox 227 945 1211 1295">
     <span class='ocr_line' id='line_1_9' title="bbox 266 945 1211 1026; baseline 0.001 -16"><span class='ocrx_word' id='word_1_63' title='bbox 266 948 393 1010; x_wconf 65' lang='lat' dir='ltr'>&#39;debitus</span> <span class='ocrx_word' id='word_1_64' title='bbox 407 947 553 1010; x_wconf 89' lang='lat' dir='ltr'>clericalis</span> <span class='ocrx_word' id='word_1_65' title='bbox 567 949 696 1010; x_wconf 90' lang='lat' dir='ltr'>sormam</span> <span class='ocrx_word' id='word_1_66' title='bbox 711 967 774 1010; x_wconf 90' lang='lat' dir='ltr'>non</span> <span class='ocrx_word' id='word_1_67' title='bbox 788 947 915 1009; x_wconf 91' lang='lat' dir='ltr'>omnino</span> <span class='ocrx_word' id='word_1_68' title='bbox 932 945 1156 1010; x_wconf 82' lang='lat' dir='ltr'>determinavit</span> <span class='ocrx_word' id='word_1_69' title='bbox 1169 950 1211 1026; x_wconf 82' lang='lat' dir='ltr'>jus</span> 
     </span>
     <span class='ocr_line' id='line_1_10' title="bbox 227 1035 1209 1118; baseline 0.001 -19"><span class='ocrx_word' id='word_1_70' title='bbox 227 1055 406 1110; x_wconf 89' lang='lat' dir='ltr'>commune;</span> <span class='ocrx_word' id='word_1_71' title='bbox 421 1037 474 1099; x_wconf 93' lang='lat' dir='ltr'>sed</span> <span class='ocrx_word' id='word_1_72' title='bbox 486 1037 518 1099; x_wconf 89' lang='lat' dir='ltr'>in</span> <span class='ocrx_word' id='word_1_73' title='bbox 530 1055 596 1118; x_wconf 88' lang='lat' dir='ltr'>cap.</span> <span class='ocrx_word' id='word_1_74' title='bbox 613 1036 726 1102; x_wconf 81' lang='lat' dir='ltr'>Clerici</span> <span class='ocrx_word' id='word_1_75' title='bbox 735 1041 784 1108; x_wconf 84' lang='grc'>15,</span> <span class='ocrx_word' id='word_1_76' title='bbox 800 1037 843 1098; x_wconf 87' lang='lat' dir='ltr'>De</span> <span class='ocrx_word' id='word_1_77' title='bbox 853 1035 916 1098; x_wconf 75' lang='lat' dir='ltr'>uitet</span> <span class='ocrx_word' id='word_1_78' title='bbox 927 1043 954 1096; x_wconf 87' lang='lat' dir='ltr'>et</span> <span class='ocrx_word' id='word_1_79' title='bbox 964 1035 1133 1112; x_wconf 80' lang='lat' dir='ltr'>honestate,</span> <span class='ocrx_word' id='word_1_80' title='bbox 1144 1047 1209 1112; x_wconf 84' lang='lat' dir='ltr'>ela,</span> 
     </span>
     <span class='ocr_line' id='line_1_11' title="bbox 227 1123 1211 1205; baseline 0.003 -20"><span class='ocrx_word' id='word_1_81' title='bbox 227 1125 337 1187; x_wconf 90' lang='lat' dir='ltr'>dicitur</span> <span class='ocrx_word' id='word_1_82' title='bbox 351 1127 470 1188; x_wconf 85' lang='lat' dir='ltr'>tanlirm</span> <span class='ocrx_word' id='word_1_83' title='bbox 487 1144 495 1186; x_wconf 90' lang='lat'><strong>:</strong></span> <span class='ocrx_word' id='word_1_84' title='bbox 516 1126 688 1188; x_wconf 73' lang='lat' dir='ltr'>«Clerici...</span> <span class='ocrx_word' id='word_1_85' title='bbox 703 1125 804 1188; x_wconf 88' lang='lat' dir='ltr'>clausa</span> <span class='ocrx_word' id='word_1_86' title='bbox 818 1123 955 1186; x_wconf 90' lang='lat' dir='ltr'>delerant</span> <span class='ocrx_word' id='word_1_87' title='bbox 970 1123 1110 1205; x_wconf 85' lang='lat' dir='ltr'>desuper</span> <span class='ocrx_word' id='word_1_88' title='bbox 1125 1125 1211 1188; x_wconf 92' lang='lat' dir='ltr'>indu·</span> 
     </span>
     <span class='ocr_line' id='line_1_12' title="bbox 232 1212 1175 1295; baseline 0.004 -22"><span class='ocrx_word' id='word_1_89' title='bbox 232 1234 248 1272; x_wconf 86' lang='lat' dir='ltr'>c</span> <span class='ocrx_word' id='word_1_90' title='bbox 268 1219 382 1289; x_wconf 90' lang='lat' dir='ltr'>menta,</span> <span class='ocrx_word' id='word_1_91' title='bbox 398 1214 645 1276; x_wconf 77' lang='lat' dir='ltr'>nimiabrevitate</span> <span class='ocrx_word' id='word_1_92' title='bbox 655 1215 701 1277; x_wconf 90' lang='lat' dir='ltr'>vel</span> <span class='ocrx_word' id='word_1_93' title='bbox 717 1212 906 1295; x_wconf 82' lang='lat' dir='ltr'>longitudine</span> <span class='ocrx_word' id='word_1_94' title='bbox 918 1231 980 1274; x_wconf 92' lang='lat' dir='ltr'>non</span> <span class='ocrx_word' id='word_1_95' title='bbox 989 1214 1132 1276; x_wconf 86' lang='lat' dir='ltr'>notanda</span> <span class='ocrx_word' id='word_1_96' title='bbox 1146 1237 1175 1277; x_wconf 78' lang='lat' dir='ltr'>o.</span> 
     </span>
    </p>

    <p class='ocr_par' dir='ltr' id='par_1_4' title="bbox 229 1302 1284 1722">
     <span class='ocr_line' id='line_1_13' title="bbox 268 1302 1210 1384; baseline 0.004 -24"><span class='ocrx_word' id='word_1_97' title='bbox 268 1302 437 1365; x_wconf 85' lang='lat' dir='ltr'>Concilium</span> <span class='ocrx_word' id='word_1_98' title='bbox 459 1305 529 1365; x_wconf 80' lang='lat' dir='ltr'>vero</span> <span class='ocrx_word' id='word_1_99' title='bbox 552 1303 764 1366; x_wconf 85' lang='lat' dir='ltr'>Tridentinum</span> <span class='ocrx_word' id='word_1_100' title='bbox 787 1306 876 1384; x_wconf 86' lang='lat' dir='ltr'>(sess.</span> <span class='ocrx_word' id='word_1_101' title='bbox 895 1305 932 1362; x_wconf 77' lang='grc'>14</span> <span class='ocrx_word' id='word_1_102' title='bbox 949 1348 959 1377; x_wconf 89' lang='grc'>,</span> <span class='ocrx_word' id='word_1_103' title='bbox 978 1320 1048 1382; x_wconf 91' lang='lat' dir='ltr'>cap.</span> <span class='ocrx_word' id='word_1_104' title='bbox 1073 1306 1105 1380; x_wconf 88' lang='grc'>6)</span> <span class='ocrx_word' id='word_1_105' title='bbox 1126 1305 1166 1364; x_wconf 89' lang='lat' dir='ltr'>ait</span> <span class='ocrx_word' id='word_1_106' title='bbox 1179 1303 1210 1365; x_wconf 83' lang='lat' dir='ltr'>ad</span> 
     </span>
     <span class='ocr_line' id='line_1_14' title="bbox 229 1389 1211 1472; baseline 0.003 -22"><span class='ocrx_word' id='word_1_107' title='bbox 229 1390 414 1472; x_wconf 81' lang='lat' dir='ltr'>Episcopum</span> <span class='ocrx_word' id='word_1_108' title='bbox 429 1393 581 1472; x_wconf 88' lang='lat' dir='ltr'>pertinere</span> <span class='ocrx_word' id='word_1_109' title='bbox 599 1391 695 1472; x_wconf 91' lang='lat' dir='ltr'>ipsius</span> <span class='ocrx_word' id='word_1_110' title='bbox 716 1389 845 1453; x_wconf 84' lang='lat' dir='ltr'>formam</span> <span class='ocrx_word' id='word_1_111' title='bbox 860 1390 1037 1471; x_wconf 81' lang='lat' dir='ltr'>assignare:</span> <span class='ocrx_word' id='word_1_112' title='bbox 1054 1392 1122 1454; x_wconf 93' lang='lat' dir='ltr'>vult</span> <span class='ocrx_word' id='word_1_113' title='bbox 1135 1395 1211 1454; x_wconf 88' lang='lat' dir='ltr'>enim</span> 
     </span>
     <span class='ocr_line' id='line_1_15' title="bbox 230 1478 1284 1554; baseline -0.003 -11"><span class='ocrx_word' id='word_1_114' title='bbox 230 1485 264 1543; x_wconf 89' lang='lat' dir='ltr'>ut</span> <span class='ocrx_word' id='word_1_115' title='bbox 277 1479 377 1542; x_wconf 88' lang='lat' dir='ltr'>clerici</span> <span class='ocrx_word' id='word_1_116' title='bbox 387 1479 524 1542; x_wconf 89' lang='lat' dir='ltr'>delerant</span> <span class='ocrx_word' id='word_1_117' title='bbox 541 1481 730 1542; x_wconf 77' lang='lat' dir='ltr'>«honestum</span> <span class='ocrx_word' id='word_1_118' title='bbox 740 1479 879 1542; x_wconf 88' lang='lat' dir='ltr'>habitum</span> <span class='ocrx_word' id='word_1_119' title='bbox 889 1478 1078 1554; x_wconf 89' lang='lat' dir='ltr'>clericalem,</span> <span class='ocrx_word' id='word_1_120' title='bbox 1097 1481 1210 1544; x_wconf 90' lang='lat' dir='ltr'>illorum</span> <span class='ocrx_word' id='word_1_121' title='bbox 1283 1501 1284 1504; x_wconf 43' lang='lat'>¹</span> 
     </span>
     <span class='ocr_line' id='line_1_16' title="bbox 236 1567 1211 1652; baseline 0.002 -26"><span class='ocrx_word' id='word_1_122' title='bbox 236 1589 251 1626; x_wconf 85' lang='lat' dir='ltr'>c</span> <span class='ocrx_word' id='word_1_123' title='bbox 271 1570 370 1630; x_wconf 92' lang='lat' dir='ltr'>ordini</span> <span class='ocrx_word' id='word_1_124' title='bbox 385 1588 421 1631; x_wconf 90' lang='lat' dir='ltr'>ac</span> <span class='ocrx_word' id='word_1_125' title='bbox 434 1569 573 1650; x_wconf 83' lang='lat' dir='ltr'>dignitati</span> <span class='ocrx_word' id='word_1_126' title='bbox 587 1577 818 1650; x_wconf 82' lang='lat' dir='ltr'>congruentem,</span> <span class='ocrx_word' id='word_1_127' title='bbox 828 1573 857 1629; x_wconf 89' lang='lat' dir='ltr'>et</span> <span class='ocrx_word' id='word_1_128' title='bbox 866 1567 950 1646; x_wconf 77' lang='lat' dir='ltr'>Juxta</span> <span class='ocrx_word' id='word_1_129' title='bbox 961 1567 1060 1648; x_wconf 89' lang='lat' dir='ltr'>ipsius</span> <span class='ocrx_word' id='word_1_130' title='bbox 1075 1570 1211 1652; x_wconf 85' lang='lat' dir='ltr'>Episcopi</span> 
     </span>
     <span class='ocr_line' id='line_1_17' title="bbox 236 1657 772 1722; baseline 0.011 -6"><span class='ocrx_word' id='word_1_131' title='bbox 236 1679 251 1716; x_wconf 88' lang='lat' dir='ltr'>c</span> <span class='ocrx_word' id='word_1_132' title='bbox 271 1657 493 1720; x_wconf 89' lang='lat' dir='ltr'>ordinationem</span> <span class='ocrx_word' id='word_1_133' title='bbox 507 1669 536 1721; x_wconf 90' lang='lat' dir='ltr'>et</span> <span class='ocrx_word' id='word_1_134' title='bbox 551 1658 728 1721; x_wconf 74' lang='lat' dir='ltr'>illaudatum</span> <span class='ocrx_word' id='word_1_135' title='bbox 741 1680 772 1722; x_wconf 80' lang='lat' dir='ltr'>a.</span> 
     </span>
    </p>

    <p class='ocr_par' dir='ltr' id='par_1_5' title="bbox 272 1746 1211 1829">
     <span class='ocr_line' id='line_1_18' title="bbox 272 1746 1211 1829; baseline -0.001 -21"><span class='ocrx_word' id='word_1_136' title='bbox 272 1749 339 1808; x_wconf 94' lang='lat' dir='ltr'>Non</span> <span class='ocrx_word' id='word_1_137' title='bbox 365 1747 476 1809; x_wconf 91' lang='lat' dir='ltr'>debent</span> <span class='ocrx_word' id='word_1_138' title='bbox 503 1753 604 1809; x_wconf 89' lang='lat' dir='ltr'>tamon</span> <span class='ocrx_word' id='word_1_139' title='bbox 625 1747 768 1829; x_wconf 91' lang='lat' dir='ltr'>Episcopi</span> <span class='ocrx_word' id='word_1_140' title='bbox 794 1746 924 1809; x_wconf 85' lang='lat' dir='ltr'>formam</span> <span class='ocrx_word' id='word_1_141' title='bbox 948 1747 1039 1808; x_wconf 88' lang='lat' dir='ltr'>vestis</span> <span class='ocrx_word' id='word_1_142' title='bbox 1068 1748 1211 1810; x_wconf 87' lang='lat' dir='ltr'>clericalis</span> 
     </span>
    </p>

    <p class='ocr_par' dir='ltr' id='par_1_6' title="bbox 220 1836 1212 1916">
     <span class='ocr_line' id='line_1_19' title="bbox 220 1836 1212 1916; baseline 0 -20"><span class='ocrx_word' id='word_1_143' title='bbox 220 1837 412 1912; x_wconf 81' lang='lat' dir='ltr'>decentem,</span> <span class='ocrx_word' id='word_1_144' title='bbox 428 1836 649 1898; x_wconf 89' lang='lat' dir='ltr'>consuetudine</span> <span class='ocrx_word' id='word_1_145' title='bbox 664 1836 843 1916; x_wconf 80' lang='lat' dir='ltr'>generaliter</span> <span class='ocrx_word' id='word_1_146' title='bbox 863 1840 1034 1916; x_wconf 85' lang='lat' dir='ltr'>receptam,</span> <span class='ocrx_word' id='word_1_147' title='bbox 1051 1837 1124 1898; x_wconf 75' lang='lat' dir='ltr'>sine</span> <span class='ocrx_word' id='word_1_148' title='bbox 1140 1838 1212 1916; x_wconf 82' lang='lat' dir='ltr'>justi</span> 
     </span>
    </p>

    <p class='ocr_par' dir='ltr' id='par_1_7' title="bbox 234 1923 1290 2629">
     <span class='ocr_line' id='line_1_20' title="bbox 234 1923 1211 2007; baseline -0.002 -20"><span class='ocrx_word' id='word_1_149' title='bbox 234 1929 324 1987; x_wconf 79' lang='lat' dir='ltr'>causa</span> <span class='ocrx_word' id='word_1_150' title='bbox 337 1925 507 1988; x_wconf 87' lang='lat' dir='ltr'>immutare.</span> <span class='ocrx_word' id='word_1_151' title='bbox 525 1925 584 1986; x_wconf 83' lang='lat' dir='ltr'>Sed</span> <span class='ocrx_word' id='word_1_152' title='bbox 600 1943 661 1986; x_wconf 90' lang='lat' dir='ltr'>non</span> <span class='ocrx_word' id='word_1_153' title='bbox 676 1932 721 1986; x_wconf 85' lang='lat' dir='ltr'>cst</span> <span class='ocrx_word' id='word_1_154' title='bbox 732 1923 952 2006; x_wconf 88' lang='lat' dir='ltr'>improbandus</span> <span class='ocrx_word' id='word_1_155' title='bbox 965 1923 1143 2007; x_wconf 91' lang='lat' dir='ltr'>Episcopus</span> <span class='ocrx_word' id='word_1_156' title='bbox 1154 1926 1211 2006; x_wconf 91' lang='lat' dir='ltr'>qui,</span> 
     </span>
     <span class='ocr_line' id='line_1_21' title="bbox 234 2012 1289 2095; baseline 0 -19"><span class='ocrx_word' id='word_1_157' title='bbox 234 2032 351 2095; x_wconf 88' lang='lat' dir='ltr'>eaquae</span> <span class='ocrx_word' id='word_1_158' title='bbox 374 2013 541 2076; x_wconf 85' lang='lat' dir='ltr'>Praelatitiae</span> <span class='ocrx_word' id='word_1_159' title='bbox 564 2014 708 2094; x_wconf 83' lang='lat' dir='ltr'>Dignitati</span> <span class='ocrx_word' id='word_1_160' title='bbox 728 2013 848 2094; x_wconf 88' lang='lat' dir='ltr'>propria</span> <span class='ocrx_word' id='word_1_161' title='bbox 865 2018 936 2074; x_wconf 89' lang='lat' dir='ltr'>sunt</span> <span class='ocrx_word' id='word_1_162' title='bbox 950 2012 1113 2092; x_wconf 89' lang='lat' dir='ltr'>(caudam,</span> <span class='ocrx_word' id='word_1_163' title='bbox 1127 2033 1155 2076; x_wconf 90' lang='lat' dir='ltr'>v.</span> <span class='ocrx_word' id='word_1_164' title='bbox 1172 2034 1211 2095; x_wconf 67' lang='lat' dir='ltr'>g,</span> <span class='ocrx_word' id='word_1_165' title='bbox 1288 2033 1289 2040; x_wconf 51' lang='lat'>¹</span> 
     </span>
     <span class='ocr_line' id='line_1_22' title="bbox 236 2101 1290 2184; baseline 0 -20"><span class='ocrx_word' id='word_1_166' title='bbox 236 2103 266 2164; x_wconf 93' lang='lat' dir='ltr'>in</span> <span class='ocrx_word' id='word_1_167' title='bbox 281 2110 360 2164; x_wconf 89' lang='lat' dir='ltr'>veste</span> <span class='ocrx_word' id='word_1_168' title='bbox 376 2101 491 2180; x_wconf 83' lang='lat' dir='ltr'>talari),</span> <span class='ocrx_word' id='word_1_169' title='bbox 509 2102 625 2165; x_wconf 81' lang='lat' dir='ltr'>clericis</span> <span class='ocrx_word' id='word_1_170' title='bbox 647 2121 709 2164; x_wconf 95' lang='lat' dir='ltr'>non</span> <span class='ocrx_word' id='word_1_171' title='bbox 727 2101 856 2184; x_wconf 87' lang='lat' dir='ltr'>praelatis</span> <span class='ocrx_word' id='word_1_172' title='bbox 873 2107 987 2163; x_wconf 84' lang='lat' dir='ltr'>vetaret</span> <span class='ocrx_word' id='word_1_173' title='bbox 1001 2101 1082 2179; x_wconf 73' lang='lat' dir='ltr'>(it).</span> <span class='ocrx_word' id='word_1_174' title='bbox 1101 2105 1145 2166; x_wconf 89' lang='lat' dir='ltr'>De</span> <span class='ocrx_word' id='word_1_175' title='bbox 1158 2119 1214 2184; x_wconf 84' lang='lat' dir='ltr'>quo</span> <span class='ocrx_word' id='word_1_176' title='bbox 1289 2161 1290 2164; x_wconf 74' lang='grc'>,</span> 
     </span>
     <span class='ocr_line' id='line_1_23' title="bbox 238 2189 1213 2272; baseline 0.001 -19"><span class='ocrx_word' id='word_1_177' title='bbox 238 2192 384 2272; x_wconf 77' lang='lat' dir='ltr'>legendus</span> <span class='ocrx_word' id='word_1_178' title='bbox 398 2201 443 2253; x_wconf 88' lang='lat' dir='ltr'>est</span> <span class='ocrx_word' id='word_1_179' title='bbox 456 2211 553 2254; x_wconf 88' lang='lat' dir='ltr'>canon</span> <span class='ocrx_word' id='word_1_180' title='bbox 569 2192 724 2258; x_wconf 69' lang='lat' dir='ltr'>EConcilii</span> <span class='ocrx_word' id='word_1_181' title='bbox 745 2189 881 2254; x_wconf 84' lang='lat' dir='ltr'>Toletani</span> <span class='ocrx_word' id='word_1_182' title='bbox 896 2190 967 2252; x_wconf 89' lang='lat' dir='ltr'>anni</span> <span class='ocrx_word' id='word_1_183' title='bbox 990 2193 1087 2267; x_wconf 75' lang='lat' dir='ltr'>mat,</span> <span class='ocrx_word' id='word_1_184' title='bbox 1105 2193 1157 2254; x_wconf 90' lang='lat' dir='ltr'>ubi</span> <span class='ocrx_word' id='word_1_185' title='bbox 1172 2193 1213 2254; x_wconf 93' lang='lat' dir='ltr'>di-</span> 
     </span>
     <span class='ocr_line' id='line_1_24' title="bbox 237 2279 1215 2362; baseline -0.001 -18"><span class='ocrx_word' id='word_1_186' title='bbox 237 2284 333 2345; x_wconf 91' lang='lat' dir='ltr'>citur:</span> <span class='ocrx_word' id='word_1_187' title='bbox 353 2305 367 2338; x_wconf 80' lang='lat' dir='ltr'>c</span> <span class='ocrx_word' id='word_1_188' title='bbox 390 2281 497 2343; x_wconf 90' lang='lat' dir='ltr'>Nullus</span> <span class='ocrx_word' id='word_1_189' title='bbox 514 2281 641 2343; x_wconf 93' lang='lat' dir='ltr'>clericus</span> <span class='ocrx_word' id='word_1_190' title='bbox 660 2279 903 2362; x_wconf 88' lang='lat' dir='ltr'>supertunicale,</span> <span class='ocrx_word' id='word_1_191' title='bbox 925 2279 972 2341; x_wconf 91' lang='lat' dir='ltr'>vel</span> <span class='ocrx_word' id='word_1_192' title='bbox 989 2280 1154 2343; x_wconf 83' lang='lat' dir='ltr'>tabardurn</span> <span class='ocrx_word' id='word_1_193' title='bbox 1168 2281 1215 2344; x_wconf 90' lang='lat' dir='ltr'>de·</span> 
     </span>
     <span class='ocr_line' id='line_1_25' title="bbox 241 2367 1214 2451; baseline 0.003 -22"><span class='ocrx_word' id='word_1_194' title='bbox 241 2392 255 2429; x_wconf 87' lang='lat' dir='ltr'>c</span> <span class='ocrx_word' id='word_1_195' title='bbox 276 2370 351 2433; x_wconf 87' lang='lat' dir='ltr'>ierat</span> <span class='ocrx_word' id='word_1_196' title='bbox 364 2372 404 2432; x_wconf 87' lang='lat' dir='ltr'>ita</span> <span class='ocrx_word' id='word_1_197' title='bbox 419 2370 545 2450; x_wconf 82' lang='lat' dir='ltr'>longum</span> <span class='ocrx_word' id='word_1_198' title='bbox 560 2369 642 2451; x_wconf 66' lang='lat' dir='ltr'>dudd</span> <span class='ocrx_word' id='word_1_199' title='bbox 655 2370 678 2431; x_wconf 90' lang='lat' dir='ltr'>si</span> <span class='ocrx_word' id='word_1_200' title='bbox 694 2369 732 2431; x_wconf 92' lang='lat' dir='ltr'>ad</span> <span class='ocrx_word' id='word_1_201' title='bbox 746 2367 837 2451; x_wconf 89' lang='lat' dir='ltr'>pedes</span> <span class='ocrx_word' id='word_1_202' title='bbox 851 2367 1025 2447; x_wconf 83' lang='lat' dir='ltr'>contingat,</span> <span class='ocrx_word' id='word_1_203' title='bbox 1044 2370 1214 2432; x_wconf 85' lang='lat' dir='ltr'>nullatcnus</span> 
     </span>
     <span class='ocr_line' id='line_1_26' title="bbox 241 2456 1214 2540; baseline 0.002 -21"><span class='ocrx_word' id='word_1_204' title='bbox 241 2482 257 2519; x_wconf 85' lang='lat' dir='ltr'>c</span> <span class='ocrx_word' id='word_1_205' title='bbox 276 2467 377 2522; x_wconf 87' lang='lat' dir='ltr'>tamen</span> <span class='ocrx_word' id='word_1_206' title='bbox 393 2477 446 2540; x_wconf 91' lang='lat' dir='ltr'>per</span> <span class='ocrx_word' id='word_1_207' title='bbox 460 2465 572 2522; x_wconf 90' lang='lat' dir='ltr'>terram</span> <span class='ocrx_word' id='word_1_208' title='bbox 586 2458 736 2535; x_wconf 83' lang='lat' dir='ltr'>trahatur3</span> <span class='ocrx_word' id='word_1_209' title='bbox 753 2459 825 2521; x_wconf 80' lang='lat' dir='ltr'>oiim</span> <span class='ocrx_word' id='word_1_210' title='bbox 839 2457 904 2520; x_wconf 88' lang='lat' dir='ltr'>haec</span> <span class='ocrx_word' id='word_1_211' title='bbox 918 2475 981 2518; x_wconf 94' lang='lat' dir='ltr'>non</span> <span class='ocrx_word' id='word_1_212' title='bbox 993 2456 1151 2536; x_wconf 87' lang='lat' dir='ltr'>honestas,</span> <span class='ocrx_word' id='word_1_213' title='bbox 1166 2460 1214 2521; x_wconf 88' lang='lat' dir='ltr'>scd</span> 
     </span>
     <span class='ocr_line' id='line_1_27' title="bbox 241 2547 905 2629; baseline -0.002 -21"><span class='ocrx_word' id='word_1_214' title='bbox 241 2568 257 2608; x_wconf 83' lang='lat' dir='ltr'>c</span> <span class='ocrx_word' id='word_1_215' title='bbox 277 2547 470 2629; x_wconf 85' lang='lat' dir='ltr'>superfluitas</span> <span class='ocrx_word' id='word_1_216' title='bbox 486 2553 513 2610; x_wconf 82' lang='lat' dir='ltr'>et</span> <span class='ocrx_word' id='word_1_217' title='bbox 525 2547 694 2610; x_wconf 87' lang='lat' dir='ltr'>indecentia</span> <span class='ocrx_word' id='word_1_218' title='bbox 707 2553 864 2609; x_wconf 88' lang='lat' dir='ltr'>censeatur</span> <span class='ocrx_word' id='word_1_219' title='bbox 874 2567 905 2607; x_wconf 80' lang='lat' dir='ltr'>r.</span> 
     </span>
    </p>

    <p class='ocr_par' dir='ltr' id='par_1_8' title="bbox 237 2635 1215 2875">
     <span class='ocr_line' id='line_1_28' title="bbox 278 2635 1214 2717; baseline 0.001 -19"><span class='ocrx_word' id='word_1_220' title='bbox 278 2638 401 2710; x_wconf 80' lang='lat' dir='ltr'>Quaerit.</span> <span class='ocrx_word' id='word_1_221' title='bbox 432 2641 462 2698; x_wconf 77' lang='grc' dir='ltr'>1ο</span> <span class='ocrx_word' id='word_1_222' title='bbox 477 2638 643 2712; x_wconf 68' lang='lat' dir='ltr'>Quasnam</span> <span class='ocrx_word' id='word_1_223' title='bbox 667 2654 771 2717; x_wconf 90' lang='lat' dir='ltr'>poenas</span> <span class='ocrx_word' id='word_1_224' title='bbox 794 2635 951 2697; x_wconf 90' lang='lat' dir='ltr'>incurrant</span> <span class='ocrx_word' id='word_1_225' title='bbox 975 2635 1080 2699; x_wconf 89' lang='lat' dir='ltr'>clerici</span> <span class='ocrx_word' id='word_1_226' title='bbox 1105 2645 1214 2700; x_wconf 86' lang='lat' dir='ltr'>vestem</span> 
     </span>
     <span class='ocr_line' id='line_1_29' title="bbox 237 2723 1215 2806; baseline 0.001 -18"><span class='ocrx_word' id='word_1_227' title='bbox 237 2725 361 2788; x_wconf 87' lang='lat' dir='ltr'>talarem</span> <span class='ocrx_word' id='word_1_228' title='bbox 374 2726 458 2804; x_wconf 83' lang='lat' dir='ltr'>juna</span> <span class='ocrx_word' id='word_1_229' title='bbox 472 2725 602 2787; x_wconf 84' lang='lat' dir='ltr'>formam</span> <span class='ocrx_word' id='word_1_230' title='bbox 616 2723 654 2786; x_wconf 90' lang='lat' dir='ltr'>ab</span> <span class='ocrx_word' id='word_1_231' title='bbox 668 2725 819 2805; x_wconf 91' lang='lat' dir='ltr'>Episcopo</span> <span class='ocrx_word' id='word_1_232' title='bbox 835 2724 1042 2806; x_wconf 71' lang='lat' dir='ltr'>prescriptam</span> <span class='ocrx_word' id='word_1_233' title='bbox 1058 2744 1123 2787; x_wconf 95' lang='lat' dir='ltr'>non</span> <span class='ocrx_word' id='word_1_234' title='bbox 1135 2726 1215 2790; x_wconf 88' lang='lat' dir='ltr'>deie-</span> 
     </span>
     <span class='ocr_line' id='line_1_30' title="bbox 237 2814 364 2875; baseline -0.008 0"><span class='ocrx_word' id='word_1_235' title='bbox 237 2814 364 2875; x_wconf 78' lang='lat' dir='ltr'>rentes?</span> 
     </span>
    </p>
   </div>
   <div class='ocr_carea' id='block_1_3' title="bbox 237 2909 1216 3794">
    <p class='ocr_par' dir='ltr' id='par_1_9' title="bbox 237 2909 1216 3794">
     <span class='ocr_line' id='line_1_31' title="bbox 276 2909 1214 2998; baseline 0.005 -26"><span class='ocrx_word' id='word_1_236' title='bbox 276 2913 367 2992; x_wconf 88' lang='lat' dir='ltr'>Resp.</span> <span class='ocrx_word' id='word_1_237' title='bbox 391 2909 576 2993; x_wconf 88' lang='lat' dir='ltr'>Episcopum</span> <span class='ocrx_word' id='word_1_238' title='bbox 590 2931 678 2994; x_wconf 88' lang='lat' dir='ltr'>posse</span> <span class='ocrx_word' id='word_1_239' title='bbox 697 2911 837 2986; x_wconf 77' lang='lat' dir='ltr'>clericm,</span> <span class='ocrx_word' id='word_1_240' title='bbox 855 2931 908 2992; x_wconf 90' lang='lat' dir='ltr'>per</span> <span class='ocrx_word' id='word_1_241' title='bbox 927 2913 1139 2994; x_wconf 85' lang='lat' dir='ltr'>suspensionis</span> <span class='ocrx_word' id='word_1_242' title='bbox 1152 2933 1214 2998; x_wconf 88' lang='lat' dir='ltr'>poe·</span> 
     </span>
     <span class='ocr_line' id='line_1_32' title="bbox 241 2999 1214 3082; baseline 0.002 -18"><span class='ocrx_word' id='word_1_243' title='bbox 241 3016 328 3077; x_wconf 87' lang='lat' dir='ltr'>nam,</span> <span class='ocrx_word' id='word_1_244' title='bbox 342 3000 404 3062; x_wconf 86' lang='lat' dir='ltr'>imd</span> <span class='ocrx_word' id='word_1_245' title='bbox 419 3017 473 3081; x_wconf 90' lang='lat' dir='ltr'>per</span> <span class='ocrx_word' id='word_1_246' title='bbox 487 2999 655 3062; x_wconf 86' lang='lat' dir='ltr'>officiorum</span> <span class='ocrx_word' id='word_1_247' title='bbox 677 3006 707 3062; x_wconf 90' lang='lat' dir='ltr'>et</span> <span class='ocrx_word' id='word_1_248' title='bbox 723 2999 941 3062; x_wconf 84' lang='lat' dir='ltr'>beneticiorum</span> <span class='ocrx_word' id='word_1_249' title='bbox 958 2999 1178 3082; x_wconf 80' lang='lat' dir='ltr'>privationem,</span> <span class='ocrx_word' id='word_1_250' title='bbox 1190 3005 1214 3066; x_wconf 92' lang='lat' dir='ltr'>si</span> 
     </span>
     <span class='ocr_line' id='line_1_33' title="bbox 238 3089 1214 3171; baseline 0.002 -17"><span class='ocrx_word' id='word_1_251' title='bbox 238 3090 330 3154; x_wconf 86' lang='lat' dir='ltr'>semel</span> <span class='ocrx_word' id='word_1_252' title='bbox 349 3089 479 3171; x_wconf 90' lang='lat' dir='ltr'>correpti</span> <span class='ocrx_word' id='word_1_253' title='bbox 497 3108 559 3152; x_wconf 92' lang='lat' dir='ltr'>non</span> <span class='ocrx_word' id='word_1_254' title='bbox 580 3089 868 3170; x_wconf 86' lang='lat' dir='ltr'>obtemperaverint,</span> <span class='ocrx_word' id='word_1_255' title='bbox 894 3089 1017 3169; x_wconf 79' lang='lat' dir='ltr'>adigere</span> <span class='ocrx_word' id='word_1_256' title='bbox 1034 3091 1073 3152; x_wconf 91' lang='lat' dir='ltr'>ad</span> <span class='ocrx_word' id='word_1_257' title='bbox 1093 3111 1214 3155; x_wconf 87' lang='lat' dir='ltr'>servan-</span> 
     </span>
     <span class='ocr_line' id='line_1_34' title="bbox 239 3176 1212 3244; baseline 0.004 -4"><span class='ocrx_word' id='word_1_258' title='bbox 239 3179 291 3241; x_wconf 90' lang='lat' dir='ltr'>das</span> <span class='ocrx_word' id='word_1_259' title='bbox 304 3196 374 3240; x_wconf 88' lang='lat' dir='ltr'>suas</span> <span class='ocrx_word' id='word_1_260' title='bbox 387 3178 467 3240; x_wconf 90' lang='lat' dir='ltr'>circa</span> <span class='ocrx_word' id='word_1_261' title='bbox 481 3177 649 3240; x_wconf 89' lang='lat' dir='ltr'>clericalem</span> <span class='ocrx_word' id='word_1_262' title='bbox 664 3176 801 3239; x_wconf 88' lang='lat' dir='ltr'>habitum</span> <span class='ocrx_word' id='word_1_263' title='bbox 816 3177 1032 3241; x_wconf 91' lang='lat' dir='ltr'>ordinationes.</span> <span class='ocrx_word' id='word_1_264' title='bbox 1050 3180 1128 3242; x_wconf 93' lang='lat' dir='ltr'>lllud</span> <span class='ocrx_word' id='word_1_265' title='bbox 1140 3201 1212 3244; x_wconf 88' lang='lat' dir='ltr'>con-</span> 
     </span>
     <span class='ocr_line' id='line_1_35' title="bbox 237 3264 1212 3345; baseline 0.001 -16"><span class='ocrx_word' id='word_1_266' title='bbox 237 3275 293 3330; x_wconf 87' lang='lat' dir='ltr'>stat</span> <span class='ocrx_word' id='word_1_267' title='bbox 314 3285 350 3329; x_wconf 83' lang='lat' dir='ltr'>ex</span> <span class='ocrx_word' id='word_1_268' title='bbox 375 3264 509 3328; x_wconf 83' lang='lat' dir='ltr'>Concilio</span> <span class='ocrx_word' id='word_1_269' title='bbox 525 3265 703 3327; x_wconf 81' lang='lat' dir='ltr'>Tridentino</span> <span class='ocrx_word' id='word_1_270' title='bbox 723 3267 807 3341; x_wconf 90' lang='lat' dir='ltr'>(sess.</span> <span class='ocrx_word' id='word_1_271' title='bbox 830 3271 878 3341; x_wconf 80' lang='lat' dir='ltr'>lt,</span> <span class='ocrx_word' id='word_1_272' title='bbox 902 3285 928 3328; x_wconf 91' lang='lat' dir='ltr'>c.</span> <span class='ocrx_word' id='word_1_273' title='bbox 945 3270 996 3345; x_wconf 84' lang='grc'>6),</span> <span class='ocrx_word' id='word_1_274' title='bbox 1010 3267 1063 3329; x_wconf 90' lang='lat' dir='ltr'>ubi</span> <span class='ocrx_word' id='word_1_275' title='bbox 1083 3268 1212 3332; x_wconf 88' lang='lat' dir='ltr'>dicitur:</span> 
     </span>
     <span class='ocr_line' id='line_1_36' title="bbox 243 3355 1213 3442; baseline 0.005 -27"><span class='ocrx_word' id='word_1_276' title='bbox 243 3379 257 3415; x_wconf 80' lang='lat' dir='ltr'>a</span> <span class='ocrx_word' id='word_1_277' title='bbox 277 3359 390 3417; x_wconf 87' lang='lat' dir='ltr'>Omnes</span> <span class='ocrx_word' id='word_1_278' title='bbox 403 3355 611 3417; x_wconf 86' lang='lat' dir='ltr'>ecclesiasticae</span> <span class='ocrx_word' id='word_1_279' title='bbox 626 3373 776 3436; x_wconf 86' lang='lat' dir='ltr'>personae,</span> <span class='ocrx_word' id='word_1_280' title='bbox 790 3363 1074 3438; x_wconf 87' lang='lat' dir='ltr'>quantumcumque</span> <span class='ocrx_word' id='word_1_281' title='bbox 1090 3376 1213 3442; x_wconf 83' lang='lat' dir='ltr'>exemp-</span> 
     </span>
     <span class='ocr_line' id='line_1_37' title="bbox 242 3442 1214 3525; baseline 0.01 -25"><span class='ocrx_word' id='word_1_282' title='bbox 242 3467 255 3500; x_wconf 72' lang='grc' dir='ltr'>α</span> <span class='ocrx_word' id='word_1_283' title='bbox 277 3452 324 3518; x_wconf 87' lang='lat' dir='ltr'>tae,</span> <span class='ocrx_word' id='word_1_284' title='bbox 342 3463 411 3525; x_wconf 85' lang='lat' dir='ltr'>quac</span> <span class='ocrx_word' id='word_1_285' title='bbox 425 3449 477 3506; x_wconf 90' lang='lat' dir='ltr'>aut</span> <span class='ocrx_word' id='word_1_286' title='bbox 495 3442 527 3504; x_wconf 94' lang='lat' dir='ltr'>in</span> <span class='ocrx_word' id='word_1_287' title='bbox 546 3443 636 3505; x_wconf 86' lang='lat' dir='ltr'>sacris</span> <span class='ocrx_word' id='word_1_288' title='bbox 651 3442 813 3520; x_wconf 85' lang='lat' dir='ltr'>luerint...,</span> <span class='ocrx_word' id='word_1_289' title='bbox 828 3450 917 3506; x_wconf 90' lang='lat' dir='ltr'>aut...</span> <span class='ocrx_word' id='word_1_290' title='bbox 935 3445 1034 3507; x_wconf 89' lang='lat' dir='ltr'>oliicia</span> <span class='ocrx_word' id='word_1_291' title='bbox 1052 3453 1106 3508; x_wconf 93' lang='lat' dir='ltr'>aut</span> <span class='ocrx_word' id='word_1_292' title='bbox 1119 3447 1214 3510; x_wconf 88' lang='lat' dir='ltr'>bene-</span> 
     </span>
     <span class='ocr_line' id='line_1_38' title="bbox 243 3531 1213 3616; baseline 0.011 -27"><span class='ocrx_word' id='word_1_293' title='bbox 243 3553 257 3588; x_wconf 82' lang='lat' dir='ltr'>c</span> <span class='ocrx_word' id='word_1_294' title='bbox 278 3532 382 3591; x_wconf 89' lang='lat' dir='ltr'>licia...</span> <span class='ocrx_word' id='word_1_295' title='bbox 408 3531 615 3611; x_wconf 90' lang='lat' dir='ltr'>obtinuerint,</span> <span class='ocrx_word' id='word_1_296' title='bbox 645 3533 688 3606; x_wconf 88' lang='lat' dir='ltr'>si,</span> <span class='ocrx_word' id='word_1_297' title='bbox 713 3538 874 3614; x_wconf 87' lang='lat' dir='ltr'>postquam</span> <span class='ocrx_word' id='word_1_298' title='bbox 902 3531 940 3594; x_wconf 90' lang='lat' dir='ltr'>ab</span> <span class='ocrx_word' id='word_1_299' title='bbox 966 3534 1119 3616; x_wconf 88' lang='lat' dir='ltr'>Episcopo</span> <span class='ocrx_word' id='word_1_300' title='bbox 1147 3554 1213 3614; x_wconf 88' lang='lat' dir='ltr'>suo,</span> 
     </span>
     <span class='ocr_line' id='line_1_39' title="bbox 244 3618 1215 3700; baseline 0.014 -26"><span class='ocrx_word' id='word_1_301' title='bbox 244 3637 259 3674; x_wconf 84' lang='lat' dir='ltr'>c</span> <span class='ocrx_word' id='word_1_302' title='bbox 278 3618 368 3677; x_wconf 87' lang='lat' dir='ltr'>etiam</span> <span class='ocrx_word' id='word_1_303' title='bbox 382 3637 436 3697; x_wconf 88' lang='lat' dir='ltr'>per</span> <span class='ocrx_word' id='word_1_304' title='bbox 450 3619 581 3682; x_wconf 86' lang='lat' dir='ltr'>edictum</span> <span class='ocrx_word' id='word_1_305' title='bbox 596 3619 773 3700; x_wconf 90' lang='lat' dir='ltr'>publicum,</span> <span class='ocrx_word' id='word_1_306' title='bbox 791 3622 897 3683; x_wconf 90' lang='lat' dir='ltr'>moniti</span> <span class='ocrx_word' id='word_1_307' title='bbox 911 3621 1036 3700; x_wconf 86' lang='lat' dir='ltr'>luerint,</span> <span class='ocrx_word' id='word_1_308' title='bbox 1051 3623 1215 3688; x_wconf 89' lang='lat' dir='ltr'>honestum</span> 
     </span>
     <span class='ocr_line' id='line_1_40' title="bbox 244 3701 1216 3794; baseline 0.019 -34"><span class='ocrx_word' id='word_1_309' title='bbox 244 3723 258 3760; x_wconf 77' lang='lat' dir='ltr'>r</span> <span class='ocrx_word' id='word_1_310' title='bbox 280 3701 416 3765; x_wconf 77' lang='lat' dir='ltr'>lubitum</span> <span class='ocrx_word' id='word_1_311' title='bbox 443 3707 632 3786; x_wconf 88' lang='lat' dir='ltr'>clericalem,</span> <span class='ocrx_word' id='word_1_312' title='bbox 660 3708 783 3774; x_wconf 90' lang='lat' dir='ltr'>illorum</span> <span class='ocrx_word' id='word_1_313' title='bbox 805 3709 904 3774; x_wconf 89' lang='lat' dir='ltr'>ordini</span> <span class='ocrx_word' id='word_1_314' title='bbox 926 3717 956 3774; x_wconf 86' lang='lat' dir='ltr'>et</span> <span class='ocrx_word' id='word_1_315' title='bbox 977 3711 1117 3794; x_wconf 79' lang='lat' dir='ltr'>dignitati</span> <span class='ocrx_word' id='word_1_316' title='bbox 1136 3732 1216 3778; x_wconf 90' lang='lat' dir='ltr'>oon·</span> 
     </span>
    </p>
   </div>
   <div class='ocr_carea' id='block_1_4' title="bbox 0 0 1320 4214">
    <p class='ocr_par' dir='ltr' id='par_1_10' title="bbox 0 0 1320 4214">
     <span class='ocr_line' id='line_1_41' title="bbox 0 0 1320 4214; baseline 0 0"><span class='ocrx_word' id='word_1_317' title='bbox 0 0 1320 4214; x_wconf 95' lang='lat' dir='ltr'> </span> 
     </span>
    </p>
   </div>
  </div>
 </body>
</html>
