2526 4210
206 306 263 364 252
486 317 635 361 stanuum
655 316 738 361 sunts
757 316 905 363 cenorum.

249 433 264 470 u
286 411 315 472 Si
331 419 432 474 tamon
445 431 551 489 causa,
566 413 597 472 in
612 413 696 473 curia
707 411 912 492 Suffraganei,
928 412 1009 472 intra
1023 413 1179 482 biennium
1245 399 1247 466 l

210 521 224 558 c
246 517 308 560 non
322 499 457 578 liniatur,
474 501 602 562 liberum
620 507 664 562 cst
678 500 830 580 partibus,
844 507 875 563 et
892 500 946 562 uni
967 501 1062 562 etiam
1086 501 1177 582 parti,
1245 467 1247 572 Ι

205 611 224 648 ι
245 589 465 670 Metropolitani
494 588 625 651 tribunal
648 587 865 668 adire('1'rid.,
890 608 918 650 c.
941 592 998 662 20,
1018 607 1097 652 sess.
1118 589 1166 670 21)
1245 607 1247 650 l

197 703 207 796 p
250 677 535 757 «Metropolitanus
561 683 605 737 cst
627 675 721 754 iudex
743 684 939 758 competens,
960 676 1065 756 quoad
1079 695 1178 738 omncs

209 793 219 826 a
247 765 512 846 Suffragancorum
526 783 652 826 suorum
667 762 818 841 subditos,
834 766 865 824 in
884 765 1020 825 secunda
1044 766 1177 826 instanlia
1245 813 1246 840 3

206 878 220 914 u
247 855 370 935 quando
382 853 421 915 ad
434 854 533 933 ipsum
545 852 678 934 legitime
692 853 881 934 appellant.»
900 853 1013 926 Bouix,
1031 853 1077 914 lle
1091 854 1175 934 Epis·
1245 913 1247 922 ,

201 961 294 1025 copo,
310 949 332 1005 t.
349 947 377 1017 l,
394 961 425 1022 p.
441 945 508 1003 173.
1245 1007 1247 1024 .

247 1035 279 1091 2⁰
297 1033 330 1091 ln
345 1047 414 1091 casu
430 1028 605 1092 visitationis
618 1029 803 1106 Provinciae,
820 1029 1076 1110 archiepiscopus
1089 1035 1177 1111 potest
1245 1025 1247 1106 ζ

209 1120 348 1180 omniurn
359 1117 563 1179 consessiones
577 1117 692 1192 audire,
708 1118 789 1198 ipsos
801 1117 965 1183 absolvere.
980 1127 1075 1198 atque
1087 1119 1176 1200 poeni-
1245 1117 1247 1186 l

210 1205 319 1266 tentius
334 1204 491 1284 injungere
509 1205 654 1268 salutares
671 1207 748 1286 (cap.
772 1205 826 1267 ult.
849 1204 893 1267 De
914 1206 1048 1278 tensio„
1066 1207 1097 1267 in
1119 1207 1174 1287 6⁰);
1245 1237 1247 1288 3

211 1294 301 1374 idque
316 1295 375 1354 lam
391 1311 444 1373 per
459 1311 490 1354 se
504 1295 596 1372 quim
610 1311 664 1374 per
679 1293 764 1370 alios,
777 1294 867 1356 eliam
881 1293 1068 1355 absolvendo
1081 1294 1175 1356 loesi-

211 1379 267 1442 ltus
282 1381 431 1461 Episcopo
445 1381 641 1461 Suffraganeo
654 1382 821 1444 reservatis.

250 1471 315 1531 Non
327 1475 428 1530 tannen
441 1477 535 1548 potest
548 1469 916 1548 visitansjurisdiclionem
934 1469 990 1532 sori
1006 1472 1176 1535 contentiosi

212 1577 350 1621 exercere
379 1559 409 1618 in
425 1557 560 1620 subditos
573 1558 759 1638 Sullragenei
769 1559 848 1630 ,nisi
864 1560 894 1620 in
909 1559 1031 1622 duobus
1046 1561 1175 1630 casibus,

212 1646 346 1708 videlicet
361 1645 392 1706 in
404 1645 582 1708 criminibus
599 1647 724 1707 notoriis
738 1646 916 1726 puniendis,
931 1656 965 1710 ut
982 1648 1097 1710 dicitur
1117 1667 1175 1729 cap.

212 1733 1178 1818 Bomooaacni,llet'cnaib.‚in6⁰;etquandosubditiSulirega-
1246 1773 1247 1788 2

212 1840 337 1883 neorum
352 1823 397 1883 vel
416 1823 471 1902 ipsi
489 1822 720 1904 Arclriepiscopo
732 1823 972 1904 iurisdictionem
988 1824 1019 1884 in
1033 1827 1177 1906 provincie
1245 1801 1247 1840 4

212 1914 265 1970 sual
280 1912 458 1990 exequenti‚
474 1912 519 1973 vel
532 1912 597 1989 eins
612 1911 746 1986 Nuntiis,
762 1918 814 1973 aut
828 1911 953 1974 -lanriliae
968 1912 1115 1993 injuriam
1132 1933 1175 1975 sen

213 1998 400 2061 manifestem
427 1999 573 2060 offensam
601 1999 711 2060 inferre
738 2009 948 2080 praesumunt,
974 2003 1094 2064 etiarnsi
1122 2003 1179 2084 ejus

208 2085 450 2167 jurisdictionem
473 2088 543 2150 inda
570 2087 710 2168 impediri
734 2106 795 2151 non
817 2091 970 2170 contingat
993 2109 1062 2172 cap.
1089 2096 1119 2167 l,
1144 2090 1178 2153 ue
1245 2101 1246 2104 ’

210 2174 326 2250 Poenis,
341 2177 371 2237 in
385 2179 430 2238 6⁰.

249 2269 282 2326 3ο
304 2267 421 2326 Tertius
431 2283 518 2326 casus
532 2270 577 2326 est
591 2264 713 2346 quando
725 2265 938 2347 Suffraganeus
953 2266 1125 2350 Episcopus
1140 2277 1179 2330 est

211 2353 367 2434 negligens
380 2352 411 2414 in
424 2370 461 2415 eo
475 2353 557 2433 quod
570 2353 667 2416 facere
681 2353 782 2416 debet.

251 2443 282 2503 Si
295 2441 510 2522 suffraganeus
525 2441 655 2522 deneget
670 2441 938 2523 dispensationem,
955 2443 985 2504 in
1006 2444 1045 2506 iis
1065 2445 1178 2508 casibus

211 2531 242 2590 in
257 2530 366 2610 quibus
380 2529 531 2591 estdelrita
544 2532 658 2592 ratione
673 2547 826 2610 personae,
845 2531 920 2607 loci,
932 2533 1049 2612 aetatis,
1065 2539 1177 2614 tempo·

211 2619 261 2690 ris,
274 2618 389 2699 pictatis
400 2624 430 2678 et
443 2617 582 2680 Ecclesiae
591 2617 735 2694 utilitatis,
748 2625 821 2682 tunc
832 2626 927 2700 potest
936 2622 1175 2703 Metropolitanus

210 2707 292 2768 illam
306 2705 483 2769 corsccdere.
500 2707 575 2768 Vide
589 2707 664 2769 alios
682 2724 770 2770 casus
790 2715 820 2770 et
839 2709 926 2790 plura
940 2709 1005 2771 alia
1024 2710 1059 2772 in
1082 2717 1176 2772 nosue

210 2794 349 2857 biennali
361 2841 370 2870 ,
384 2796 400 2855 a
415 2804 451 2855 n⁰
464 2798 538 2870 811,
554 2802 611 2859 ete.

249 2888 318 2947 396.
337 2885 458 2956 Quaerit.
473 2884 618 2955 Quaenarn
627 2883 667 2947 sit
679 2883 711 2946 in
725 2883 819 2948 Gallia
833 2883 978 2966 legislatio
992 2886 1093 2950 civilis
1103 2888 1174 2950 circa

208 2971 477 3055 Metropolitanoo?

249 3065 335 3144 Hesp,
359 3061 444 3124 lllam
466 3062 615 3125 contineri
636 3061 669 3124 in
694 3061 892 3143 sequentibus
914 3063 1003 3144 Legis
1023 3065 1175 3146 organica

212 3153 362 3217 articulis:

251 3263 266 3300 u
289 3245 352 3305 Art.
375 3245 422 3304 13.
447 3243 504 3303 Les
526 3238 735 3321 Archcveques
759 3249 974 3303 consacreront
996 3247 1026 3303 et
1049 3241 1174 3306 installe-

210 3351 225 3389 a
247 3333 331 3391 ront¹
352 3331 432 3392 leurs
451 3327 647 3409 suffraganis.
669 3330 716 3391 En
736 3347 787 3392 cas
803 3327 1068 3410 d’empechement
1085 3349 1126 3395 ou
1141 3329 1174 3392 de

210 3439 225 3475 a
246 3418 329 3480 relus
342 3419 379 3479 de
394 3419 459 3481 leur
474 3424 556 3498 part,
572 3417 609 3478 ils
620 3423 722 3480 serant
739 3417 905 3499 remplace's
922 3435 977 3499 par
996 3419 1024 3480 le
1041 3419 1110 3501 plus
1122 3437 1172 3482 an·

210 3525 225 3562 o
246 3505 314 3566 cien
328 3507 450 3588 Eaeque
461 3507 499 3568 de
514 3505 791 3568 l’arrondissement
804 3507 1040 3587 metropolitam.

238 3664 246 3691 ¹
265 3651 351 3703 Solent
362 3652 476 3718 Episcopi
488 3652 514 3702 in
525 3651 602 3704 Gallia
614 3667 684 3702 suam
697 3651 780 3703 sedem
793 3665 916 3717 occupare
926 3667 969 3717 per
975 3659 1170 3718 procuratorem:

206 3727 306 3842 ppppplue
319 3727 465 3772 caeremonia
478 3738 532 3786 quas
545 3731 605 3774 tune
615 3723 658 3781 lit,
670 3722 785 3788 dirigitur
800 3738 844 3788 per
856 3724 962 3773 Primam
972 3723 1076 3788 Capituli
1089 3724 1164 3788 Dipai-
