2526 4210
483 269 568 314 ursan
591 269 708 314 naritus.
1028 263 1086 324 293

109 365 193 429 bont
213 365 288 442 tide,
304 385 374 429 cum
389 367 479 428 causa
493 385 562 448 quae
585 367 746 448 putabatur
766 369 871 432 adesse
889 377 919 433 et
936 371 1086 436 sufficiens

105 473 193 531 esse,
210 473 278 535 quae
290 460 390 516 tamen
404 473 508 516 revera
523 473 584 516 non
600 455 646 516 sit.
664 455 851 520 Plurescum
866 460 1084 532 seponentes

107 542 171 619 sio,
188 542 377 618 Salmantic,
392 548 464 620 eto,
480 543 653 604 existimant
666 543 748 604 illam
770 563 835 608 esse
853 547 1001 626 validam,
1017 551 1086 630 quia
1191 551 1194 558 '

107 632 303 710 praesumitur
316 632 397 693 Dens
411 631 493 692 iilam
505 631 651 703 solidare,
667 649 706 693 ne
716 634 909 696 conscientiae
927 636 1085 700 anxietati-

107 720 167 784 iius
182 726 343 796 veientum
359 719 526 800 oppositam
542 726 644 782 tamen
659 722 838 784 sententiam
853 723 988 804 sequitur
1000 727 1031 788 S.
1044 728 1086 788 Li·

106 826 211 888 guor„
227 808 280 871 tiu.
295 813 324 886 3,
339 817 374 869 n⁰
385 811 457 885 25t,
472 808 626 890 loquendo
637 808 674 870 de
685 817 764 886 voto,
778 810 819 872 ob
833 811 1015 893 principium
1026 833 1085 877 cor·

104 904 174 958 tum
197 897 279 977 qudd
294 895 417 958 inferior
435 903 564 978 nequeat
577 895 752 978 dispensare
773 899 804 960 in
820 899 886 980 lege
901 902 1084 982 superioris,

105 989 137 1044 ει
151 985 207 1047 iste
221 985 373 1048 immerito
387 990 617 1067 praesumeretur
631 985 702 1046 dare
715 1005 898 1050 consensum
913 990 1006 1051 erro'ri
1022 1010 1084 1054 ma-

106 1071 217 1135 nifesto
240 1073 264 1134 si
291 1080 392 1155 postea
406 1073 573 1156 detegatur.
593 1075 665 1146 Quae
684 1075 760 1137 ratio
774 1076 850 1138 valet
873 1078 964 1140 etiam
986 1079 1084 1160 quoad

105 1161 189 1241 teges
202 1161 238 1222 ab
253 1161 428 1224 hominibus
440 1161 524 1224 latas.
538 1161 733 1243 Dispensatus
745 1169 847 1227 tamen
862 1172 958 1247 potest
969 1166 1082 1249 dispen

102 1250 216 1312 sationi
235 1251 427 1330 acquiescere
448 1249 593 1332 quamdiu
607 1251 714 1314 veritas
725 1270 824 1316 causae
839 1271 901 1315 non
915 1257 1060 1380 apparet
1053 1277 1081 1320 m

101 1338 303 1400 contrarium

143 1430 177 1488 4·
198 1425 366 1507 Dispensat
359 1445 388 1489 ιο
402 1426 434 1488 in
448 1426 515 1507 lege
529 1427 708 1529 Superioris,
725 1429 750 1490 si
763 1431 891 1492 scienter
907 1431 957 1492 fiat
968 1433 1080 1514 absque

97 1514 183 1593 justa
196 1517 297 1589 coust,
314 1514 442 1577 invalida
456 1522 501 1576 est
507 1515 601 1598 ,quia
616 1515 758 1598 Superior
773 1537 835 1580 non
849 1526 989 1581 censetur
1012 1521 1080 1586 dare

101 1603 258 1666 licentiam
271 1564 464 1684 dispensandi
480 1603 545 1666 sinc
559 1606 649 1666 causa
663 1604 819 1668 sufficient
799 1613 832 1667 ι.ι
859 1607 889 1668 Si
905 1609 977 1668 verd
993 1627 1079 1674 causa

96 1692 182 1791 justa
196 1691 323 1768 adesset,
336 1693 391 1754 etsi
404 1691 472 1753 data
484 1690 589 1754 fuisset
598 1691 782 1773 dispensatio
796 1695 875 1757 mala
890 1693 949 1756 fide
962 1695 1000 1757 ab
1011 1696 1080 1762 into

101 1780 184 1842 riore
203 1786 328 1860 putante
346 1781 437 1842 tatem
459 1799 582 1843 causam
603 1799 665 1842 non
686 1781 806 1860 adesse,
822 1782 906 1845 vaide
927 1784 1080 1865 probabile

97 1875 148 1930 cst
161 1875 235 1930 tunc
248 1869 376 1931 validam
399 1869 490 1932 fuisse
507 1869 682 1949 hujusmodi
695 1869 962 1953 dispensationem.
979 1875 1011 1938 S.
1027 1875 1079 1938 Li-

99 1975 207 2037 gnor,
224 1957 274 2020 tib.
291 1961 320 2028 3,
335 1970 369 2019 n⁰
380 1961 452 2034 252,
468 1959 499 2018 in
514 1957 586 2022 tine.

142 2049 214 2108 tta.
237 2047 282 2107 Ex
295 2045 342 2108 his
356 2065 424 2128 quae
438 2046 530 2110 modo
543 2046 675 2111 diximus
689 2055 770 2130 patet
783 2051 886 2131 plures
905 2068 971 2114 esse
993 2069 1078 2116 casus

99 2135 132 2194 in
149 2133 261 2214 quibus
274 2135 415 2217 Episcopi
429 2135 529 2198 vatent
542 2135 716 2218 dispensare
733 2157 740 2198 :

141 2226 175 2284 ιι
188 2222 276 2285 Nulla
287 2229 385 2303 potest
398 2241 462 2286 csse
483 2223 640 2286 difficultas
653 2225 732 2286 circa
747 2231 924 2305 potestatem
938 2227 1077 2310 Episcopi

95 2312 295 2392 dispensandi
311 2314 340 2373 in
356 2313 497 2375 omnibus
511 2313 627 2376 statutis
648 2313 893 2394 Episcopalibus,
909 2314 999 2376 etiarn
1013 2315 1076 2378 latis

98 2402 130 2462 in
148 2400 266 2480 synodo
288 2399 477 2475 dioecesant;
499 2401 579 2463 hanc
593 2407 769 2482 potestatem
783 2448 793 2478 ,
809 2401 1076 2482 independentera

94 2488 239 2570 capituto
253 2495 282 2550 ει
294 2489 397 2566 Claro,
412 2489 566 2570 possidere
579 2490 764 2571 Episcopum
778 2491 980 2552 communiter
993 2509 1075 2554 asse-

97 2578 188 2639 ritur.
213 2578 251 2638 Et
264 2575 345 2640 idem
367 2585 413 2640 est
427 2577 591 2640 dicendum
612 2578 650 2639 de
674 2577 825 2658 capituto,
848 2579 918 2640 sede
932 2587 1075 2658 vacante;

95 2667 292 2744 hanojtamen
303 2683 365 2728 non
378 2665 611 2728 habetVicarius
621 2665 784 2744 Generalis,
797 2666 854 2743 nisi
864 2666 922 2730 hoo
936 2671 1076 2750 expresse

95 2753 138 2815 ab
153 2752 303 2835 Episcopo
314 2755 341 2818 ei
355 2753 446 2817 fucrit
457 2773 647 2818 concessum.

138 2841 208 2905 Duo
228 2844 298 2905 vcrd
312 2843 506 2924 excipiuntur
519 2860 606 2905 casus
623 2845 727 2924 :prior
741 2851 786 2907 est
804 2846 829 2907 si
851 2850 1024 2910 statutumd
1043 2850 1073 2914 S.

93 2930 246 2994 Pontitice
268 2932 482 2996 confirmatum
501 2930 557 2994 tuit
571 2933 603 2992 in
617 2931 729 3006 forma,
747 2941 780 2995 ut
801 2934 899 3008 aiunt,
916 2955 972 2996 noa
995 2955 1075 2998 com-

93 3021 185 3082 muni
191 3065 199 3097 ,
215 3020 268 3082 scd
281 3020 438 3104 specificd3
454 3020 528 3084 alter
540 3026 585 3082 est
598 3021 623 3082 si
637 3020 742 3082 abierit
756 3022 787 3082 in
801 3030 992 3084 contractum.

135 3121 169 3181 2⁰
194 3138 209 3176 a
231 3117 372 3200 Episcopi
390 3123 516 3201 possunt
536 3118 627 3180 etiarn
649 3118 823 3199 dispensare
846 3138 938 3200 super
959 3121 1074 3202 tegibus

96 3229 113 3268 ι
138 3205 263 3269 Conciiii
275 3208 466 3288 provincialis
480 3208 511 3268 in
526 3207 588 3269 suis
599 3206 800 3270 Dioecesibus:
812 3207 871 3270 hoc
884 3209 966 3270 enim
980 3228 1073 3291 expe·

95 3319 112 3356 ι
135 3293 182 3357 dit
203 3295 242 3358 ad
264 3296 379 3358 bonnm
401 3295 558 3377 regimem
585 3295 691 3372 satin,
710 3313 780 3358 cum
803 3295 954 3374 Sancum,
972 3299 1070 3374 Suam,

95 3408 110 3444 o
137 3385 264 3460 Bonae,
283 3376 399 3448 Patous.
426 3407 441 3444 n
463 3387 506 3447 lta
520 3386 550 3447 S.
572 3383 707 3464 Lignum,
733 3383 774 3446 it.
795 3385 949 3447 Immeritd
971 3392 1070 3450 autem

90 3477 240 3555 Lequeux
255 3473 302 3555 (ηο
320 3476 391 3557 290>
413 3474 519 3536 asserit
537 3491 645 3536 omnes
658 3473 696 3535 de
714 3473 773 3534 hoc
794 3475 978 3538 convenire:
1000 3495 1070 3539 nam

91 3565 181 3626 aliter
194 3564 343 3640 sentiunt,
359 3571 425 3626 tum
440 3563 489 3626 itle
502 3562 555 3644 qui
579 3580 672 3624 novas
691 3561 858 3625 auditiones
876 3563 985 3644 adjecit
999 3566 1069 3629 Fer·

92 3651 170 3715 raris
185 3651 255 3734 (ila,
271 3660 304 3712 n‘
318 3654 381 3733 96),
404 3660 470 3714 tum
491 3654 529 3714 D.
552 3651 663 3724 Bouix,
690 3651 733 3713 ne
750 3652 919 3734 Episcopo,
943 3659 1017 3716 tom.
1040 3659 1068 3728 2,
1129 3671 1131 3674 ·

91 3761 122 3804 u.
140 3744 207 3804 tot.
226 3741 447 3821 «Regulariter,
460 3740 559 3820 inquit
572 3745 735 3801 annotator
747 3741 891 3810 Ferraris,
904 3741 1071 3814 Episcopus
