2548 4216
177 228 235 284 356
449 237 601 282 aiuncurt
620 237 705 282 ruars
726 235 874 282 canonici.

216 338 286 396 100.
309 335 483 400 Paorosrrm
496 339 532 398 11.
545 370 583 383 -
596 335 726 398 Poroclri
737 355 795 395 non
807 333 947 394 exstitere
961 332 995 391 in
1004 331 1162 413 parochiis

178 423 328 484 0000000
351 424 413 484 nisi
425 425 506 485 circa
520 420 538 484 I
545 418 740 496 Vsoecalum,
760 431 788 484 et
809 423 841 482 in
859 420 1034 483 civitatibus
1052 419 1162 502 (Romal

177 511 501 574 ‘oritercetdleaondrr'd
513 511 651 593 exceptis)
667 520 859 572 anterranum
876 513 965 571 1000.

219 604 248 660 1ο
271 601 391 682 Legitur
403 601 433 662 in
451 601 686 681 0100100000ῆῖι
701 601 731 661 S.
748 598 858 662 tustini
874 616 882 659 :
899 597 1007 660 «Solis
1021 596 1078 660 die
1091 597 1163 680 (scia¹
1258 659 1259 686 p

183 709 198 744 ι
219 684 1162 768 licetDominical,omniumquiinurbibusvelagrisdegunl,

184 776 249 836 «in
274 776 416 838 eumdem
435 777 537 838 locum
560 781 727 838 conventus
747 773 819 836 iit...
843 774 1029 853 Praeposttus
1055 781 1163 854 praeesl

184 888 198 921 ι
220 870 249 924 et
272 864 488 926 Eucharistiam
505 863 611 926 facit...
628 862 803 924 Distributio
820 862 851 922 fn
866 862 976 941 cuique
992 864 1162 941 praesenti:

185 975 198 1009 a
220 952 392 1012 absentibus
413 970 467 1032 per
485 949 623 1010 llraconos
636 949 772 1012 mittitur.
796 971 812 1008 0
842 951 928 1010 Certe
952 949 994 1008 ibi
1019 949 1166 1011 duntaxat

182 1047 242 1100 erat
264 1039 420 1118 parocbia,
446 1039 498 1101 ubi
517 1040 617 1100 solbnr
640 1038 870 1100 celebrabantur
892 1037 1037 1116 mysteria
1064 1047 1094 1099 et
1111 1039 1166 1099 ad-

182 1129 427 1188 ministrabantur
456 1135 665 1202 sacramenla3
692 1127 776 1207 atqui
801 1132 937 1206 tempore
963 1127 996 1186 S.
1030 1126 1164 1201 tustini,
1259 1197 1260 1212 χ

181 1215 293 1276 scilicet
307 1215 440 1276 secundo
459 1217 590 1294 saeculo,
607 1234 667 1276 non
683 1217 715 1276 in
734 1215 862 1293 singulis
877 1214 967 1288 locu,
984 1214 1041 1274 sed
1057 1215 1092 1275 in
1108 1234 1166 1276 uno

182 1305 298 1364 tantbrn
328 1302 557 1366 celebrabantur
585 1302 726 1384 mysteria
757 1321 861 1378 sacra,
884 1301 935 1362 ubi
962 1303 1082 1383 nempe
1107 1309 1166 1364 erat

182 1391 363 1472 Praepositus
377 1410 430 1452 seu
445 1391 622 1472 Episcopus,
639 1391 715 1452 etin
729 1409 765 1453 eo
781 1391 847 1452 loco
862 1398 1056 1452 sacramenta
1071 1391 1165 1452 admi·

183 1479 394 1540 nistrabantur.
420 1482 500 1560 Ergo
524 1480 564 1541 ibi
592 1486 654 1542 erat
679 1480 795 1541 tantirm
820 1478 962 1561 parocbia
988 1497 1047 1540 seu
1069 1481 1166 1560 potibs

182 1567 277 1646 Caput
298 1567 447 1630 dioecesis.
464 1569 545 1648 Ergo
568 1576 677 1650 praeter
695 1568 850 1630 dioecesirn
873 1566 963 1628 nullae
980 1575 1061 1630 tunc
1083 1567 1165 1630 erant

182 1657 343 1735 parochiae.

228 1767 242 1801 r
266 1745 437 1826 parochia,
453 1748 553 1829 inquit
565 1745 700 1806 Ferraris
715 1743 761 1826 (v⁰
774 1745 945 1816 Porocbio,
967 1754 1005 1804 n⁰
1019 1745 1068 1826 7),
1085 1746 1164 1806 anti-

187 1854 201 1886 «
221 1834 323 1911 quitus
344 1855 404 1897 non
429 1843 514 1898 erant
537 1834 701 1908 distinctae,
716 1832 768 1894 sed
783 1832 951 1912 Episcopus
970 1851 1084 1895 curam
1103 1834 1164 1894 ani·

187 1942 201 1976 ι
223 1939 342 1982 marum
366 1924 456 1984 totius
478 1922 632 1993 dioecesis,
655 1939 710 2001 per
731 1920 900 1982 sacerdotes
918 1940 973 2001 pro
999 1940 1059 1983 suo
1080 1921 1165 1984 libitu
1260 1979 1261 2010 Ξ

187 2029 201 2064 a
223 2010 331 2070 missos
353 2011 434 2072 etad
450 2019 558 2072 nutum
583 2009 773 2084 amoribiles‚
794 2007 1037 2070 administrabat.
1056 2032 1072 2069 0
1093 2010 1165 2073 {llud

182 2103 298 2158 constat
312 2117 349 2159 ex
363 2105 444 2160 textu
456 2097 630 2160 Tertulliani
643 2115 734 2177 supra
745 2097 840 2158 relato
856 2101 899 2173 [01
908 2097 951 2179 1).

222 2190 255 2246 2⁰
284 2189 318 2246 In
345 2187 506 2268 Capitulari
539 2185 724 2265 Theodolpbi
762 2184 985 2248 Aurelianensis
1021 2186 1163 2269 Episcopi

182 2292 263 2335 anno
285 2279 360 2350 797,
386 2275 450 2336 haec
470 2281 658 2350 statuuntur,
679 2292 745 2354 cap.
767 2277 782 2333 1
806 2293 813 2333 :
841 2274 1038 2336 «sancitum
1063 2282 1110 2338 est
1133 2281 1165 2338 ut

186 2383 203 2422 e
223 2362 338 2439 missae,
357 2382 426 2442 quae
436 2382 489 2444 per
501 2363 565 2423 dies
577 2360 921 2443 dominicaspecult'ares
934 2361 1165 2425 deacerdotibru

186 2472 202 2510 e
220 2452 311 2532 floret,
326 2471 385 2512 000
401 2452 443 2511 ito
457 2452 489 2512 in
501 2451 622 2532 publico
634 2450 713 2532 fiant
727 2459 760 2510 ut
771 2449 901 2531 populus
915 2449 1024 2513 audire
1036 2463 1162 2534 queat„

186 2559 202 2596 ι
222 2546 256 2606 ut
269 2559 376 2600 omnes
393 2541 430 2600 ad
446 2540 597 2621 publicam
618 2547 755 2600 sanctam
775 2545 904 2600 matrem
920 2540 1110 2618 Ecclesiam,
1129 2541 1164 2603 ad

116 2682 120 2692 ,
186 2648 203 2685 ι
222 2628 383 2690 missarum
405 2629 551 2690 solemnia
565 2633 594 2690 et
608 2626 853 2708 praedicationem
872 2626 1030 2707 audituri,
1054 2648 1164 2692 conve·
1261 2631 1262 2636 ’

186 2736 201 2774 e
224 2716 318 2776 uiant.
342 2739 357 2774 0

222 2811 325 2873 Thesis
349 2813 446 2875 adbuc
475 2813 619 2894 probatur
642 2831 680 2876 ex
701 2831 739 2876 eo
767 2813 848 2894 qubd
874 2833 931 2876 vox
952 2815 1121 2895 parocbia,
1148 2818 1165 2880 l

182 2908 289 2982 quarto
303 2901 420 2962 circiter
435 2902 558 2976 saeculo,
572 2903 623 2964 ubi
638 2903 731 2984 coepit
742 2902 877 2963 adbiberi
893 2921 953 2963 non
972 2905 1097 2966 tantum
1112 2923 1166 2988 pro

182 2989 375 3070 designandis
394 2991 517 3070 integris
530 2990 721 3067 dioecesibus,
739 2990 791 3051 sed
806 2991 897 3052 etiam
912 3009 1020 3052 earum
1036 2994 1165 3074 quibus-

181 3079 250 3140 dam
275 3080 423 3159 partibus,
449 3084 622 3141 constanter
642 3087 805 3158 usurpetur
829 3080 859 3140 in
879 3080 969 3140 variis
990 3082 1166 3146 traditionis

181 3169 388 3228 monumentis
412 3186 467 3248 pro
488 3167 695 3247 significandis
713 3185 775 3228 non
791 3166 915 3228 urbanis
936 3168 987 3228 sed
1010 3171 1166 3234 ruralibus

181 3255 339 3334 parochiis.
357 3257 436 3335 Ergo
456 3255 604 3337 parocbiae
625 3265 698 3317 tuno
718 3274 780 3317 non
801 3255 830 3315 in
846 3255 994 3328 urbibus,
1017 3258 1073 3320 scd
1095 3278 1166 3323 rure

180 3425 369 3484 ecclesiasticae,
384 3430 408 3476 et
424 3424 531 3475 subhac
549 3425 620 3475 titulo
634 3440 741 3474 annexas
757 3425 849 3476 habent
865 3424 912 3476 sibi
932 3429 1116 3493 prerogativae
1134 3432 1164 3483 ab

180 3493 289 3545 Ecclesia
302 3511 442 3545 concessas.
457 3497 592 3561 Episcopus
605 3511 664 3560 ergo
683 3495 758 3546 bodie
772 3511 821 3546 non
835 3504 920 3562 posset
931 3497 1032 3549 efficere
1046 3508 1075 3550 ul
1087 3517 1163 3567 paro·

179 3564 239 3612 chus
249 3563 294 3610 rite
303 3563 430 3615 institutus
443 3565 561 3630 nullaque
573 3567 678 3615 censurat
689 3565 831 3628 innodatus,
844 3581 894 3616 non
908 3566 1013 3618 haberet
1021 3573 1066 3634 jus
1078 3573 1162 3622 munia

178 3631 308 3698 pastoralia
322 3632 448 3694 obeundi,
463 3643 505 3684 aut
518 3642 545 3684 ut
558 3636 591 3684 ita
603 3635 743 3699 jurisdictio
759 3637 837 3701 ipsius
854 3637 1051 3689 imminueretur
1067 3649 1095 3691 ut
1113 3643 1162 3694 lert

180 3700 258 3750 imnis
271 3709 417 3754 remaneret.
432 3705 474 3756 Sic
487 3705 579 3758 Bened.
592 3705 783 3771 1011100800..
797 3706 842 3758 lib.
853 3709 878 3769 5,
892 3723 949 3774 cap.
962 3710 987 3770 l,
1002 3722 1032 3760 u·
1048 3712 1085 3771 3).
