2590 4214
471 199 556 243 mann
578 197 694 246 remus.
1013 175 1077 250 467²

91 323 200 378 torum
213 313 450 387 testimoniales,
476 314 508 374 in
525 315 643 394 quibus
654 317 813 379 inseratur
827 317 992 382 observata
1006 337 1073 385 esse

87 391 1074 536 quaeinbchulld§peculatorempraescribuntur3alidspotest

88 492 145 537 eos
155 474 380 554 suspenderes
416 477 564 539 exercitio
578 478 715 558 suscepti
730 478 862 540 ordinis.
1112 497 1124 506 ¹·

129 577 164 633 6⁰
178 569 235 644 Qui
249 571 281 632 in
293 572 357 633 und
368 571 493 634 dioecesi
505 581 550 634 est
562 581 665 648 natus,
677 575 708 634 in
723 575 820 638 altera
831 575 927 636 habet
939 575 1074 640 domici·
1102 611 1104 638 t

86 651 183 723 lium,
197 651 227 710 in
237 651 327 712 tertia
336 651 562 727 benelioium,t
573 655 685 734 quovis
697 655 791 717 trium
804 655 932 717 illorum
943 656 1072 738 Episco-

88 738 316 814 porumpotest
327 731 454 794 ordines
468 732 515 794 vel
525 733 791 796 dimissoriasacei
817 753 880 798 ere.
894 735 1072 800 Dummodb

87 829 157 874 nou
182 811 213 872 in
231 810 373 872 fraudem
402 811 466 878 fiat.
484 821 577 892 prout
592 813 704 892 adjecit
735 816 766 878 S.
784 755 898 894 (ξοην.
926 815 1021 879 Cone.
1038 818 1072 878 in

86 890 252 966 Fert-dond,
263 889 301 952 27
314 890 394 954 febr.
411 893 507 966 loom
525 901 578 954 aut
594 893 654 955 nisi
669 893 769 956 adseri
774 895 948 975 ptusfuerit
961 895 1069 958 Eccle-

88 973 156 1046 siae,
177 971 227 1033 vel
256 970 428 1034 obtinuerit
455 973 645 1036 beneficium
670 973 760 1056 cujus
785 976 949 1039 servitium
975 977 1071 1056 exigit

88 1051 289 1132 personalem
303 1053 517 1114 residentiam.

131 1147 163 1209 7ο
191 1147 365 1230 Episcopus
389 1150 515 1212 ordines
539 1149 705 1212 conserens
719 1151 841 1227 alienis,
869 1151 938 1214 sine
952 1152 1071 1233 proprii

88 1229 239 1310 Episcopi
256 1229 395 1312 licentiat,
425 1229 628 1308 suspenditur
656 1249 711 1312 per
732 1249 853 1294 annum
869 1232 886 1293 a
901 1231 1073 1294 collatione

88 1308 239 1371 ordinum
256 1309 299 1369 sic
311 1309 509 1384 collatorum,
524 1310 572 1370 vel
588 1309 604 1371 a
617 1311 785 1373 collatione
797 1323 945 1387 tonsurae,
962 1311 989 1374 si
1002 1319 1070 1374 ton·

89 1407 166 1450 sura
179 1387 300 1450 tantum
313 1388 406 1450 luerit
419 1390 491 1450 data
504 1409 511 1466 ;
528 1423 568 1434 -
578 1391 715 1451 ordinati
733 1389 807 1452 verb
819 1392 1068 1471 suspenduntur,

89 1469 302 1550 quoadusque
327 1487 398 1531 cum
415 1470 460 1530 eis
473 1469 674 1548 dispensetur
689 1489 744 1551 per
759 1472 923 1550 proprium
938 1469 1070 1550 Episco·
1126 1535 1129 1544 ,

88 1566 184 1640 pum,
201 1549 271 1611 etsi
287 1567 454 1612 censuram
468 1549 597 1623 violent,
613 1550 801 1628 irregulares
815 1551 918 1626 liunt3
939 1558 1071 1629 possunt

88 1646 224 1710 insuper
241 1628 356 1708 privari
373 1630 437 1690 suis
450 1628 622 1691 beneficiis.
640 1629 752 1691 Ablata
769 1649 854 1704 cens,
866 1629 972 1711 quoad
985 1630 1071 1692 ordi·

89 1715 199 1770 natos.
218 1706 251 1770 G.
267 1708 325 1788 Ap.
345 1707 434 1772 Sed·

132 1795 273 1858 Scienter
283 1796 446 1859 ordinatus
459 1816 532 1858 cum
546 1796 632 1858 falsis
644 1795 842 1876 dimissoriis,
857 1796 990 1859 incurrit
1002 1797 1071 1876 ipso

88 1876 435 2020 {petosspspensionem
457 1876 548 1958 Papae
576 1887 778 1940 reservatam.
810 1877 887 1939 Item
912 1876 1016 1938 ablata
1036 1875 1068 1938 C.

116 1975 156 2038 p.
194 1974 208 2019 e
233 2003 240 2018 .

131 2053 202 2116 627.
218 2053 343 2126 Quaerit.
359 2051 391 2115 2⁰
412 2051 486 2127 Quis
502 2053 603 2116 valeat
618 2053 736 2116 litteras
754 2051 980 2117 dimissoriales
994 2070 1070 2114 eon·

90 2133 227 2198 cedere‘l

131 2221 225 2303 Resp.
243 2220 329 2284 Ultra
344 2220 521 2282 Romanum
535 2219 728 2292 Pontificem,
743 2221 798 2302 qui
810 2219 868 2282 has
879 2219 998 2281 litteras
1013 2239 1071 2300 pc·

89 2311 153 2367 test
166 2301 317 2364 omnibus
331 2302 515 2376 concedere,
532 2299 665 2380 quilibet
687 2299 873 2380 Episcopus,
898 2301 970 2362 licet
984 2309 1071 2361 extra

88 2383 252 2447 dioecesim
268 2381 415 2455 existens,
434 2378 528 2442 modb
548 2380 641 2441 luerit
655 2380 859 2442 confirmatus
873 2387 903 2442 et
919 2379 1072 2441 canonice

87 2463 322 2546 possessionem
350 2460 494 2522 dioecesis
530 2460 657 2536 inierit,
692 2468 794 2541 potest
823 2461 917 2523 etiam
945 2458 1072 2520 easdem

89 2542 275 2618 concedere,
293 2541 358 2603 suis
373 2549 478 2602 tamen
506 2540 664 2602 subditis:
684 2542 749 2602 sive
774 2541 801 2602 is
829 2542 870 2603 sit
898 2540 1073 2620 Episcopus

88 2622 237 2704 originis,
254 2622 318 2684 sive
345 2619 514 2694 domicilii,
526 2639 528 2642 ·
542 2621 607 2682 sive
629 2619 785 2694 benelicii,
802 2629 888 2682 textu
912 2637 1070 2700 expresso,

88 2724 163 2786 cap.
185 2699 261 2765 cum
275 2702 381 2766 nullus
395 2701 424 2776 3,
446 2703 490 2764 lle
514 2706 606 2780 temp.
624 2701 735 2770 ordin..
750 2703 781 2762 in
794 2699 838 2764 6¹¹.
856 2701 959 2764 Potest
978 2699 1073 2762 etiam

87 2785 268 2867 Episcopus
289 2781 485 2844 dimissorias
513 2781 686 2843 concedere
711 2798 769 2844 suo
796 2779 946 2846 familiari
974 2780 1069 2844 trien·

87 2865 173 2928 nali.

131 2953 323 3014 Dimissoriae
346 2951 386 3012 ab
413 2949 571 3031 Episcopo
595 2967 752 3011 concessae
767 2968 841 3032 non
857 2949 1002 3030 expirant
1018 2965 1075 3029 per

89 3033 193 3116 ipsius
209 3040 357 3107 mortem,
374 3030 427 3092 sed
442 3029 564 3091 tantum
578 3047 749 3109 percarum
764 3042 1009 3102 revocationem,
1024 3025 1073 3088 vel

89 3115 141 3176 ela
166 3131 201 3176 so
211 3120 352 3193 tempore
360 3128 418 3192 pro
429 3127 492 3190 quo
503 3126 659 3170 concessae
675 3107 963 3171 luere.Seouudi1m
979 3123 1074 3169 usum

89 3195 123 3256 ln
137 3133 239 3257 bailia
253 3194 421 3272 vigentem,
437 3207 481 3250 eae
494 3189 610 3250 durant
626 3205 682 3269 per
697 3205 831 3250 annum.

131 3291 259 3369 Quaerit.
272 3293 302 3354 3·
312 3288 393 3362 Quid
402 3287 535 3367 exprimi
550 3285 663 3348 debeat
675 3286 707 3346 in
720 3284 835 3347 litteris
850 3282 1072 3347 testimoniali·

89 3375 153 3439 bus
169 3391 227 3456 pro
241 3370 408 3435 ordinibus
420 3365 656 3448 suscipiendis?

133 3462 229 3544 Resp.
246 3459 387 3542 Duplicis
399 3459 522 3538 generis
533 3456 728 3535 esselitteras
737 3452 981 3517 testimoniales:
998 3450 1076 3514 alias

94 3555 213 3620 nempe
228 3558 298 3620 quae
314 3539 436 3602 clericis
451 3539 508 3598 iter
524 3535 655 3598 iacturis
665 3537 895 3607 conceduntur,
910 3534 942 3596 iu
958 3532 1076 3616 quibus

91 3621 284 3706 exprimitur
294 3620 424 3700 quidem
439 3635 492 3679 eos
504 3616 668 3679 essebouis
679 3616 822 3679 moribus
834 3615 985 3696 nullaque
1001 3633 1077 3678 oen·

95 3708 171 3770 sura
186 3699 407 3777 esseirretitos,
416 3699 511 3762 sedin
524 3698 562 3760 iis
577 3695 658 3760 nihil
670 3694 1077 3823 diciturdeeorumidopei·

402 3813 427 3834 ,τῃ
438 3814 451 3834 a:
469 3819 478 3834 .,
994 3789 1000 3822 l
