2548 4216
757 191 803 204 *κ
867 189 919 202 ιιι

157 238 216 296 358
433 245 586 290 stanuum
605 244 687 290 aunis
706 243 854 290 cascum.

196 353 265 414 499.
290 349 462 410 raorcsmc
476 345 525 404 lV.
541 377 578 388 -
598 343 733 404 Perochr‘
753 362 810 404 non
825 352 893 405 caat
907 342 1026 425 judiees
1038 341 1140 426 fidei,

158 457 210 501 nec
222 435 327 499 hahent
338 453 430 496 vocem
443 430 629 514 definitivam
644 430 677 492 in
692 430 848 494 Ccacr'lia'c.

197 527 263 588 Hoc
283 522 474 606 privilegium
488 518 627 602 parochis
640 519 790 581 tribuebat
804 522 934 596 Gerson,
949 522 1037 601 cuius
1052 539 1143 584 error

159 616 176 678 h
193 611 364 690 Gallicanis,
376 610 439 673 imd
453 608 631 690 apricrihus
644 607 835 684 lansenistis,
844 611 980 689 primhm
993 611 1142 688 rejectus,

159 702 262 785 postea
274 709 392 775 umen,
409 697 575 780 pracsertim
588 696 620 758 in
635 696 758 778 Synodc
780 697 952 760 Pistoriensi
967 698 1141 764 recruduit.

160 790 336 855 consulatur
347 794 448 851 autem
460 787 493 850 in
506 784 596 847 variis
607 784 782 846 tractatibus
796 784 833 845 de
846 786 990 860 Ecclesia,
1007 787 1047 848 ad
1060 805 1144 868 quos

160 878 352 942 remittimus.
379 873 512 938 Sufficiat
534 873 583 936 hic
605 871 716 935 referre
739 873 882 935 duntaxat
909 883 950 936 η’11
977 878 1017 938 19
1042 876 1144 938 Bullae

160 968 316 1033 Auctorem
329 963 402 1047 fidei
415 983 423 1025 :
764 1032 771 1039 ¹
1126 985 1131 992 ·

206 1058 308 1115 altem
319 1053 466 1128 doctrina,
478 1051 539 1132 qua
548 1049 670 1132 parochi
685 1049 771 1112 aliive
786 1051 958 1114 sacerdotes
967 1051 1000 1114 in
1012 1053 1145 1134 Synodo

166 1164 183 1198 a
202 1141 375 1222 congregati
400 1141 634 1221 pronuntiantur
658 1139 720 1200 una
744 1156 815 1200 oum
837 1139 987 1220 Episcopo
1013 1141 1147 1204 ludices

168 1228 288 1304 «fidei,
313 1235 343 1290 et
362 1227 452 1290 simul
472 1227 608 1289 innuitur
621 1225 768 1306 iudicium
793 1225 824 1287 in
847 1229 947 1289 causis
970 1227 1041 1290 fidei
1068 1230 1147 1310 ipsis

168 1341 182 1373 n
203 1323 374 1397 competere
394 1318 462 1395 jura
487 1315 609 1396 proprio
638 1321 668 1377 et
689 1315 815 1395 quidem
831 1316 922 1376 etiam
938 1334 992 1396 per
1011 1315 1147 1380 ordina-

168 1427 183 1463 ι
203 1404 316 1467 tionem
338 1410 461 1486 accepto
476 1422 484 1464 τ
500 1403 598 1485 salso,
624 1403 801 1478 honorario,
823 1401 939 1464 ordinis
956 1404 1144 1468 hierarchica

168 1515 184 1553 ι
202 1492 380 1569 meleravo,
391 1491 544 1555 detrahens
553 1491 694 1572 firmitati
703 1489 912 1572 definitionum
918 1491 1149 1573 judiciornmce

168 1603 183 1640 a
203 1581 433 1664 dopmoticorum
446 1579 609 1657 Ecclesiae,
624 1578 664 1640 od
676 1579 773 1640 minos
784 1599 914 1642 erroneo.
929 1601 944 1639 a
961 1581 1038 1644 Vide
1049 1582 1148 1644 etiam

164 1669 205 1730 u¹·
224 1675 243 1733 9
261 1677 290 1730 et
309 1673 358 1732 ll.
380 1669 467 1733 Unde
487 1667 520 1730 in
541 1667 681 1728 Conciliis
695 1668 891 1729 oecumenicis
905 1667 1059 1748 Ephasmo
1081 1672 1097 1731 I
1117 1678 1148 1734 et

165 1757 397 1820 chalcedonensi
418 1756 574 1818 dicebatur
593 1774 602 1818 ε
624 1777 639 1814 a
659 1755 830 1838 Sapcrllaos
843 1755 1072 1836 sornsmittitc:
1092 1760 1152 1841 Sy·

161 1868 185 1906 ‘c
206 1846 302 1907 nodus
317 1845 534 1926 Episcoporum
548 1853 604 1920 est,
618 1863 676 1904 oon
689 1843 877 1905 clericorum.
895 1868 909 1901 a

204 1957 273 2016 493.
298 1955 469 2016 Psorosrrlo
480 1955 559 2017 V.-
571 1951 721 2014 Poroohuc
733 1934 848 2013 nullom
858 1951 944 2014 hato
950 1953 1152 2033 jurisdictio·

165 2061 229 2104 nene
244 2041 275 2102 io
288 2041 355 2124 [oro
369 2050 499 2104 caterno.

207 2152 249 2214 Ila
270 2155 301 2216 S.
323 2153 459 2233 Lignea,
473 2151 526 2214 lih.
550 2156 582 2228 7,
597 2161 634 2213 n⁰
649 2154 718 2214 l0*l.¹
740 2149 772 2214 Si
792 2149 874 2212 enim
897 2152 978 2214 hanc
999 2153 1151 2235 haberet,

167 2248 243 2302 esset
257 2242 302 2303 vel
323 2259 359 2302 ex
374 2240 449 2322 jore
470 2238 588 2314 dtoa’oo,
612 2245 667 2300 aut
682 2238 833 2316 notmh',
852 2247 904 2301 aut
926 2241 1151 2307 ecclesiasticos

167 2329 257 2408 porrd
279 2347 341 2390 non
359 2347 396 2390 ex
412 2325 705 2408 juredr'oino,ct1m
723 2327 844 2408 parochi
859 2346 919 2389 non
943 2329 1002 2390 sint
1016 2329 1152 2395 institu-

168 2415 257 2478 tionis
270 2417 395 2492 divinae;
410 2435 468 2479 nec
484 2434 521 2478 ex
534 2415 609 2497 jore
622 2415 759 2478 natarali
767 2463 774 2491 ‚
791 2417 863 2478 ollm
881 2421 988 2479 natura
1010 2417 1153 2483 functio·

169 2522 241 2565 num
268 2505 390 2586 parochi
411 2523 473 2567 non
492 2505 592 2586 exigat
610 2501 784 2583 hujusmodi
800 2503 1059 2584 jurisdictionem,
1088 2527 1153 2589 pro

167 2592 254 2674 cujus
266 2594 408 2656 exercitio
421 2593 532 2656 suflicit
544 2593 705 2656 auctoritas
721 2581 928 2672 Episcopalis3
949 2613 1005 2657 nec
1018 2597 1154 2677 arr-jare

164 2680 375 2758 ecclesiastico,
391 2700 462 2743 cum
483 2681 585 2764 (hodia
599 2681 714 2758 saltem)
729 2680 821 2741 talem
834 2687 986 2743 externam
999 2683 1152 2761 jurisdic-

164 2768 281 2828 tionem
296 2768 430 2830 Ecclesia
444 2768 477 2830 in
488 2769 627 2850 parochis
641 2769 708 2830 non'
718 2773 872 2850 agnoscat,
887 2776 920 2832 ut
931 2769 1064 2835 latentur
1076 2773 1154 2854 ipsi-

166 2861 231 2917 lnct
244 2855 416 2918 adversarii.

178 2999 181 3004 ,
207 2945 251 3005 ilx
265 2943 353 3006 dictis
368 2944 453 3024 plura
467 2952 635 3026 sequuntur
649 2945 811 3008 Corollaria
826 2965 834 3008 :

209 3052 417 3113 Gonoaaanruu
429 3051 453 3112 1.
472 3049 559 3132 Erpa
569 3049 712 3130 parochi,
728 3049 832 3112 saltem
852 3050 885 3112 ta
904 3059 986 3113 stota
1002 3067 1150 3136 precam

167 3137 327 3215 Ecclesiae,
341 3157 398 3199 oon
411 3138 519 3200 hahent
534 3145 708 3218 potestatem
722 3139 993 3202 excommunicandi
1009 3143 1056 3205 ael
1067 3144 1150 3208 alaha

169 3245 303 3288 censuros
312 3225 439 3307 serendi.
456 3227 487 3290 Si
499 3225 622 3308 quidem
635 3225 673 3288 ad
687 3225 745 3290 hoc
757 3228 920 3308 requiritur
930 3229 1105 3309 jurisdictio
1117 3235 1149 3298 iu

171 3313 236 3376 foro
248 3323 373 3377 externo
389 3331 481 3396 quam
496 3313 619 3395 parochi
634 3332 697 3376 non
710 3313 833 3378 hahent.
1166 3319 1173 3331 '

210 3425 317 3484 Utrum
336 3422 407 3483 rerd
429 3419 550 3502 parochi
571 3420 732 3504 aliquando
753 3423 913 3488 habuerint
931 3427 1003 3506 jure
1023 3432 1149 3510 proptio

173 3514 202 3568 et
222 3526 259 3568 ex
279 3509 377 3569 officio
390 3509 469 3570 hanc
489 3515 682 3589 potestatem,
707 3512 857 3574 affirmant
882 3514 1091 3596 Parochislae‚
1119 3527 1150 3584 et

172 3595 301 3654 cumeis
314 3596 403 3656 etiam
421 3596 637 3658 Thomassinus
652 3600 735 3678 (pars
752 3604 780 3676 l,
797 3600 848 3661 lib.
864 3604 895 3678 2,
911 3619 979 3682 cap.
995 3608 1049 3684 96,
1065 3617 1101 3668 n·
1116 3613 1147 3686 'l‚

175 3686 203 3738 at
222 3679 318 3751 alihll;
336 3681 389 3740 sed
409 3682 480 3741 varii
500 3689 598 3743 textus
620 3685 657 3746 ab
671 3687 744 3765 ipsis
758 3688 874 3768 allegati
890 3707 952 3752 non
975 3691 1056 3757 bane
1073 3694 1148 3762 illac
