2526 4210
429 282 435 288 -
482 259 570 308 amsa
591 260 710 308 narnus.
1029 240 1112 332 555

99 381 139 426 55
151 361 285 425 Ecclesia
299 360 450 440 dispersa,
466 364 496 422 et
516 360 642 462 proinde
658 377 721 422 non
740 359 846 422 cadem
860 360 996 424 Ecclesia
1010 363 1087 440 erit3

99 451 261 552 quomodo
283 448 381 511 adhuc
401 466 462 510 555
482 449 583 511 vocari
607 449 715 532 poterit
739 449 900 512 Ecclesia?
928 452 1103 548 Quomodo:¹

98 541 182 621 Papa
197 538 255 601 erit
242 536 409 599 tEoclesiae
423 541 563 600 centrum
577 536 853 600 necessarium'l-
869 538 914 598 Ad
929 539 993 601 haec
1008 510 1103 604 certe

99 645 163 692 non
177 626 318 690 videntur
329 642 417 706 posse
430 625 530 687 afferri
545 627 759 707 responsiones
773 634 986 708 congruentes
1000 629 1088 693 Unda

97 715 292 780 nullomodo
306 713 366 775 dici
381 720 478 793 potest
491 715 660 776 Concilium
682 716 822 796 generale
837 733 902 777 esse
925 733 1016 797 supra
1030 719 1086 779 Pa-

97 822 191 886 pam3
214 801 269 865 sed
285 806 365 883 Papa
384 807 429 863 est
444 820 534 883 supra
552 803 723 865 Concilium
738 803 769 866 in
787 821 823 866 55
844 821 935 865 55555
956 803 1038 883 qtrdd
1055 804 1087 866 in

98 892 238 954 Concilio
262 890 394 972 generali
418 889 457 950 sit
478 892 589 971 Caput,
613 897 704 972 prout
727 898 772 954 est
794 893 890 973 Caput
913 893 1062 972 pariter'
1054 912 1085 954 m

98 980 238 1043 Ecclesia
250 979 395 1061 dispersit.
412 979 449 1038 Et
463 978 504 1040 ita
518 979 574 1041 fnit
587 979 794 1042 declaratum
786 999 818 1042 m
839 981 973 1043 Concilio
995 983 1085 1044 Late-

94 1087 223 1132 ranensr
241 1071 277 1146 V
293 1087 367 1130 sess.
394 1067 467 1145 ll,
461 1087 491 1128 m
513 1071 572 1148 555
588 1068 745 1132 decretum
761 1048 886 1131 Concini
907 1070 1086 1134 Basileensis

92 1147 153 1220 tuit
181 1157 398 1238 reprobatum,
428 1162 458 1218 et
486 1156 659 1219 solemniter
684 1165 805 1240 recepta
831 1155 887 1220 fuit
875 1160 1085 1223 tconstitutio

92 1245 250 1308 ncontsx
270 1247 375 1306 Pastor
387 1251 513 1306 (aternus
527 1265 595 1326 555
605 1246 671 1309 haec
685 1247 799 1312 habet:
819 1246 954 1309 «Solam
971 1249 1084 1310 Roma-

98 1357 115 1394 «
138 1353 210 1395 num
226 1333 340 1414 Pontis
330 1352 400 1394 cem
423 1342 561 1414 toaqcom
578 1354 665 1416 super
679 1353 758 1396 omar
755 1335 908 1397 Concilio
925 1337 1084 1400 auctorita·

97 1445 115 1482 c
138 1430 198 1484 tem
220 1421 391 1497 tabentem,
409 1419 611 1492 Consiliorum
633 1423 871 1494 irttt'ccadorum,
899 1425 1083 1506 transferen-

97 1511 243 1572 adomnn
275 1530 310 1573 oc
344 1509 591 1572 dissolvendarum
617 1512 740 1592 plenam
766 1512 821 1593 jus
848 1519 877 1573 et
906 1521 1081 1594 potestatem

98 1623 115 1658 a
137 1599 270 1676 dobere,
296 1599 408 1660 nedum
432 1617 469 1660 ex
494 1601 525 1660 S.
554 1601 710 1680 Scriptura
733 1601 966 1677 tantummodo,
995 1602 1082 1664 dictis

96 1711 113 1746 5
137 1689 192 1750 SS.
218 1689 342 1749 Patrum
366 1705 401 1749 ac
423 1687 553 1749 aliorum
576 1691 786 1758 Romanorum
805 1689 1008 1765 Pontificum,
1029 1690 1082 1753 sed

96 1799 113 1836 a
135 1777 260 1858 propria
279 1775 457 1839 eorumdem
472 1776 675 1840 Conciliorum
690 1777 899 1857 confessione,
923 1778 1080 1843 manifeste

97 1872 298 1928 «constat»

133 1955 250 2017 Revera
273 1953 441 2017 Concilium
456 1955 703 2033 Constantiense,
725 1973 798 2020 sess.
820 1961 855 2033 l,
870 1956 1005 2020 delinivit
1018 1960 1080 2021 suis

91 2042 226 2105 decretis
241 2041 445 2104 obedientiam
462 2043 565 2106 deberi
580 2045 597 2106 5
612 2063 822 2126 quocumque,
840 2046 930 2109 etiam
945 2047 969 2108 si
991 2046 1078 2110 luerit

89 2130 265 2214 liipnttatts
292 2129 436 2212 reperte
463 2139 493 2194 et
514 2132 617 2196 Clerus
643 2133 832 2210 Gallicanus,
858 2135 889 2195 in
918 2153 974 2196 suo
998 2142 1079 2198 coetu

88 2221 164 2282 anni
194 2224 284 2294 1682,
310 2217 471 2282 declaravit
494 2239 556 2282 non
580 2221 748 2303 approbare
768 2222 888 2303 eosqui
907 2222 1078 2304 adtempus

88 2309 282 2382 schismatis,
299 2307 330 2370 in
346 2327 418 2371 casu
432 2310 588 2372 Pontificis
602 2311 702 2372 dubiae
716 2310 915 2386 auctoritatis,
931 2312 1076 2374 Constan-

87 2399 189 2460 tiensc
213 2399 373 2458 Decretum
397 2399 584 2478 restringunt
599 2398 667 2480 (art.
690 2403 735 2476 2);
758 2400 810 2462 sed
831 2399 897 2460 lra'ec
916 2399 1077 2465 declaratio

87 2486 170 2550 Cleri
190 2486 333 2548 Gallicani
358 2487 533 2549 solemniter
557 2487 611 2549 luit
629 2487 827 2568 improbatae
846 2490 953 2552 Sancta
977 2489 1073 2568 Sede,

86 2575 184 2640 simul
197 2593 234 2638 ac
243 2582 371 2656 quatuor
382 2574 415 2636 in
424 2574 455 2636 cd
465 2584 609 2639 coutentoe
618 2577 834 2658 propositiones
839 2599 850 2647 ,-
861 2577 958 2654 nollo,
971 2579 1071 2652 irrito,
1142 2643 1144 2650 ,

87 2663 263 2745 uiribusque
275 2671 305 2726 ct
318 2663 419 2744 effectu
430 2665 548 2745 paenitus
562 2675 590 2727 ct
603 2667 721 2726 omm'nd
734 2685 839 2741 55555,
854 2666 1006 2730 declarato
1022 2690 1076 2752 per

87 2754 212 2818 Bullam
226 2753 309 2816 Inter
322 2752 503 2834 multiplices
518 2754 680 2816 Alexandri
693 2757 772 2831 Vlll,
786 2775 868 2818 auno
883 2761 970 2836 5690.
988 2761 1074 2824 Unde

85 2844 147 2906 dici
168 2848 288 2925 potest,
304 2841 365 2903 imd
384 2849 415 2903 et
434 2841 541 2921 debet,
557 2844 725 2906 Concilium
740 2846 968 2909 Constantiense
983 2848 1074 2912 intel·

85 2932 247 3014 ligendum
270 2950 334 2992 esse
355 2931 501 2994 duntaxat
522 2931 560 2994 de
584 2933 661 2995 Casu
680 2933 835 2998 Pontificis
850 2935 951 2998 dubiae
969 2945 1072 3001 aucto·

83 3021 220 3096 ritatis¹,
249 3020 347 3102 qualis
374 3019 485 3082 exstitit
511 3026 648 3102 tempore
673 3023 780 3105 Mcpni
804 3024 992 3095 Scdr'smotis,
1022 3029 1071 3090 cui

84 3110 183 3172 linem
198 3108 341 3191 imposuit
356 3109 471 3171 dictum
491 3110 719 3172 Constantiense
740 3113 919 3174 Concilium.
937 3115 967 3176 Si
987 3115 1070 3178 enim

83 3217 149 3262 non
169 3197 212 3261 sic
232 3195 414 3278 intelligatur
435 3198 494 3260 hoc
513 3199 682 3262 Concilium
703 3207 732 3262 55
745 3201 827 3263 vetut
846 3203 1070 3267 oecumenicum

82 3287 231 3350 habeatur
241 3287 272 3348 in
284 3286 406 3368 praefatt
418 3293 436 3349 l
447 3287 590 3363 sessione,
603 3293 637 3350 ut
646 3289 805 3369 praetendit
819 3289 980 3353 declaratio
993 3296 1068 3357 toan

82 3376 154 3459 (art.
170 3375 216 3460 2),
230 3376 372 3440 concludi
387 3376 507 3439 debebit
521 3395 584 3439 non
598 3380 718 3441 tantiam
729 3381 883 3442 Romanos
895 3381 1068 3463 Pontifices,
1148 3421 1150 3426 ·

110 3613 121 3647 ¹
135 3609 253 3662 Attamen
266 3621 316 3659 non
331 3608 433 3660 omnim)
447 3614 545 3661 constat
561 3612 648 3678 qudd
641 3627 666 3662 m
679 3627 738 3664 5555
755 3615 828 3682 Papa
845 3616 916 3669 dubii
931 3620 962 3670 ad
975 3635 1066 3688 corpus

78 3681 260 3748 Episcoporum
278 3679 407 3746 pertineat
422 3680 492 3734 illum
506 3681 630 3748 deponere
645 3684 772 3752 aliumque
784 3686 884 3754 eligere.
898 3690 957 3742 llida
970 3691 1062 3755 licuit,

80 3752 116 3805 tte
131 3752 264 3878 Episcopo,
280 3758 297 3801 t.
314 3751 325 3802 t
330 3766 371 3813 ..p
386 3751 442 3803 12³
1073 3784 1077 3790 -
