2526 4210
162 285 218 340 ebt
434 289 583 332 recasura
606 289 688 334 sonis
709 291 856 338 cruenter.
1160 308 1174 338 a

168 419 183 453 n
199 389 472 477 porticulilrement
485 406 560 448 cerac
573 386 609 448 da
623 386 654 448 le
667 387 803 454 eernere
816 411 900 470 racc,
918 393 992 454 l’ont
1004 357 1170 474 protogeni

166 502 260 566 aper
287 480 351 542 leur
370 477 497 540 outorr‘te
517 484 543 538 et
559 495 619 558 par
641 477 846 557 lateranensem
867 483 909 544 oir
930 499 987 544 nos
1011 479 1147 542 concites

170 597 185 632 n
206 572 279 633 l'ont
289 568 425 650 appuyee
435 571 466 628 et
480 566 653 628 maiutenue
661 587 669 640 ;
682 569 721 629 ob
736 573 803 632 tous
816 588 871 632 nos
883 556 1022 652 alequas
1035 575 1066 630 et
1076 567 1143 629 doe

171 686 186 720 a
206 668 288 723 teurs
302 657 534 736 scolastiques...
551 654 626 716 l'onl
640 653 751 732 ecrite,
767 660 896 738 preche'e
912 667 941 722 et
959 657 1147 736 enseigne'e3

149 786 153 794 -
169 775 187 809 (ι
207 755 238 812 θῖ
251 750 290 810 ob
312 745 488 807 lirralement
501 749 569 805 tous
590 762 645 806 nos
659 747 847 824 magistrats,
863 748 996 811 officiers
1011 753 1041 808 et
1054 745 1149 824 juris-

168 863 186 897 «
206 837 358 901 consultos
371 834 445 895 l’ont
462 832 556 894 suivic
575 839 604 894 et
616 833 759 896 favorise'e
773 859 787 894 n
817 835 875 916 (ll.
891 887 897 909 ‚
914 857 945 919 p.
970 835 1055 917 δοῖ).
1074 832 1150 896 Vide

171 930 212 991 lle
225 926 422 999 Lamennais,
435 920 564 1003 Propi-la
574 921 608 982 de
622 919 653 982 lo
672 923 769 984 aanor.
788 923 830 1006 (p.
848 926 931 1006 238).
945 927 1029 1004 Ergo
1044 930 1149 984 aucto-

168 1020 254 1080 ritate
272 1019 389 1076 constat
402 1010 575 1073 societatem
589 1012 789 1092 temporalem
806 1031 868 1076 non
887 1033 953 1075 esse
979 1012 1110 1075 omnino
1134 1014 1151 1072 a

170 1104 317 1186 spirituali
333 1099 601 1180 independenlem.
1063 1149 1069 1164 ,

211 1197 280 1255 363.
293 1191 476 1252 Probaturn
488 1207 567 1269 pars,
580 1188 692 1251 scilicet
701 1191 878 1268 Ecclesiam,
882 1189 1015 1274 proinde
1023 1191 1059 1253 S.
1068 1191 1152 1251 Pon-

169 1283 292 1363 tificen,
308 1280 412 1341 lrabere
424 1278 524 1340 saltem
540 1275 715 1340 indirectam
724 1288 893 1361 potestatem
909 1281 942 1340 in
958 1277 1151 1362 temporalia.

173 1373 205 1434 ld
221 1371 356 1450 sequitur
369 1388 405 1430 ex
419 1368 542 1430 veritate
557 1367 663 1446 primae
678 1370 769 1450 partis
781 1369 1012 1451 propositionis:
1029 1367 1154 1430 sienim

175 1463 305 1542 potestas
321 1455 495 1537 temporalis
514 1463 634 1517 nonest
652 1457 778 1518 omnino
795 1457 1005 1538 independens
1020 1457 1037 1516 a
1055 1455 1155 1518 socie·

172 1556 233 1612 tate
257 1546 402 1630 spirituali
425 1562 479 1606 seu
493 1542 534 1606 ab.
545 1543 698 1622 Ecclesia,
715 1545 819 1607 subest
834 1545 923 1626 igitur
938 1543 1083 1606 Ecclesiae
1099 1543 1157 1604 sal·

174 1643 235 1699 tem
251 1635 414 1709 indirectb3
430 1630 558 1712 proinde
576 1631 710 1694 Ecclesia
730 1633 761 1694 in
776 1652 844 1695 eam
863 1633 953 1696 babet
971 1637 1158 1713 potestatem

175 1726 207 1786 in
234 1726 384 1806 quantum
412 1738 534 1783 necesse
557 1725 602 1782 θεῖ
628 1725 661 1784 ut
685 1724 813 1802 attingat
835 1722 931 1786 finem
954 1739 1046 1783 suum
1069 1721 1158 1800 spiri-

177 1814 301 1876 lualem.

216 1903 380 1975 Praeterea,
399 1899 540 1961 Ecclesiae
556 1917 648 1961 omne
669 1899 743 1962 illud
757 1907 802 1962 θεῖ
815 1901 1012 1964 tribuendum
1025 1899 1111 1981 quod
1131 1901 1160 1962 ei

176 1996 220 2053 est
242 1987 447 2052 necessarium
472 1988 518 2050 vel
541 1987 614 2048 utile
640 1987 677 2049 ad
699 1989 898 2050 obtinendum
920 1991 1014 2051 finem
1042 2006 1162 2062 suum,

175 2097 288 2159 nempe
303 2078 431 2140 salutem
446 2076 615 2137 animarum
637 2081 667 2137 et
687 2077 803 2140 bonum
822 2078 998 2160 religionis:
1016 2077 1101 2157 atqui
1123 2078 1163 2139 ad
1261 2099 1262 2120 t

176 2167 260 2231 bunc
272 2169 366 2229 linem
380 2164 605 2245 assequendum
624 2183 702 2245 saepe
716 2173 761 2227 est
775 2168 981 2228 necessarium
996 2172 1049 2228 aut
1062 2165 1163 2228 utilis

174 2256 291 2317 simum
311 2253 392 2332 quod
412 2258 589 2333 potestatem
609 2260 745 2316 exerceat
767 2253 1014 2336 intemporalia:
1035 2253 1080 2314 sic
1102 2273 1166 2334 pro

176 2342 258 2407 bono
274 2335 445 2406 animarum
465 2341 537 2402 utile
554 2341 608 2402 fuit
622 2343 704 2422 qubd
725 2349 924 2404 statuerentur
937 2341 1167 2424 impedimenta

179 2433 408 2496 matrimonium
425 2431 615 2508 dirimentia,
637 2450 700 2492 non
715 2431 813 2494 solbm
829 2439 977 2511 quatenus
995 2439 1040 2494 est
1053 2450 1168 2494 sacra-

179 2530 337 2597 mentum,
355 2520 516 2582 sedetiam
536 2527 685 2601 quatenus
705 2527 751 2582 est
766 2528 937 2583 contractus
958 2521 1109 2584 naturalis
1129 2543 1170 2588 ac

178 2611 307 2692 proinde
324 2611 417 2672 civilis
432 2617 460 2670 et
477 2610 668 2690 temporalis3
684 2615 713 2670 et
729 2607 768 2672 de
787 2610 845 2672 fide
861 2617 905 2672 est
917 2658 926 2687 ‚
939 2612 1025 2690 juxta
1039 2613 1166 2676 Concil.

179 2699 313 2762 Trident.
331 2703 417 2777 (sess.
432 2701 481 2771 ab,
498 2716 524 2758 c.
541 2701 586 2775 l),
602 2697 684 2778 qubd
697 2698 830 2762 Ecclesia
844 2699 953 2761 habeat
967 2699 1046 2761 hanc
1061 2709 1170 2780 potes·

179 2797 282 2850 tatem.
301 2788 350 2848 Sic
367 2786 496 2848 Ecclesia
508 2791 602 2864 potest
618 2786 812 2866 praescribere
825 2789 1023 2850 cessationem
1034 2789 1074 2848 ab
1087 2808 1170 2872 ope-

180 2877 263 2939 ribus
277 2875 445 2951 servilibus,
460 2875 568 2935 diebus
582 2874 741 2936 dominicis
756 2880 786 2936 et
800 2874 882 2937 lestis
899 2897 906 2950 ;
923 2877 995 2937 item
1010 2876 1160 2942 abstineri

180 2967 253 3028 tiam
277 2967 293 3027 a
317 2966 460 3026 carnibus
478 2963 566 3026 certis
587 2962 718 3040 diebus,
742 2963 804 3027 imb
827 2973 857 3026 et
876 2965 992 3044 jejunia
1004 2985 1013 3039 ;
1034 2968 1078 3027 sic
1103 2969 1167 3032 sub

178 3055 316 3120 censuris
334 3055 460 3134 aliisque
483 3052 581 3133 poenis
598 3052 679 3130 cogit
696 3052 858 3134 aliquando
876 3055 914 3116 ad
934 3055 1165 3120 restituendum

181 3145 296 3209 bonum
312 3144 466 3217 elienurn;
484 3143 528 3203 sic
544 3139 756 3204 acculessnrio
771 3143 923 3222 praescribi
944 3149 1042 3222 potest
1060 3147 1170 3224 poeni⁴

181 3239 273 3311 tenti,
288 3239 322 3294 ut
342 3233 433 3293 etiam
455 3231 574 3292 desinat
587 3247 726 3292 exercere
747 3239 843 3294 artem
862 3233 908 3294 vel
927 3232 1062 3294 officium
1076 3238 1172 3312 quod

181 3325 238 3404 ipsi
258 3322 302 3384 vel
320 3322 386 3382 aliis
405 3328 483 3381 esset
497 3319 616 3381 occasio
632 3319 770 3400 proxime
783 3321 949 3401 peccandi,
966 3322 1111 3402 quamvis
1135 3327 1170 3388 in

181 3431 290 3475 senon
312 3417 389 3472 esset
406 3409 482 3470 torte
496 3407 653 3481 illicitum;
675 3407 718 3470 sic
735 3426 790 3490 per
810 3411 1171 3477 excommunicationem

182 3500 303 3582 publice
325 3500 534 3562 denuntiatam
556 3503 673 3560 vetatur
699 3496 839 3562 fidelibus
863 3501 1104 3563 communicatio
1134 3511 1171 3568 in

181 3589 296 3661 multis,
316 3589 407 3649 etiam
422 3584 654 3668 temporalibus,
671 3591 730 3647 etc.
749 3587 855 3651 Millies
869 3589 1003 3651 Ecclesia
1022 3595 1172 3656 exercuit

182 3677 355 3756 hujusmodi
372 3681 547 3756 potestatem
566 3675 598 3736 in
612 3674 788 3754 temporalia
800 3723 809 3753 ‚
823 3683 855 3740 ut
868 3695 904 3739 ex
918 3677 1043 3740 historia
1057 3681 1170 3744 eoele-

183 3765 302 3828 siastica
317 3769 506 3845 compertum
520 3768 584 3825 est:
600 3760 728 3824 sufficiat
742 3783 779 3827 ex
791 3766 961 3830 innumeris
975 3767 1171 3836 testimoniis
