2526 4210
160 295 217 356 230
433 303 585 348 acaunum
604 301 686 348 runis
707 297 853 344 aaronica.

160 411 205 466 est
228 401 301 483 quid
325 401 449 482 intelligi
474 402 582 462 debeat
600 419 654 482 per
676 397 834 480 temporale
855 401 884 457 ct
908 396 1085 477 spirituale,
1106 403 1141 462 el
1188 387 1193 396 ¹

160 491 234 572 quid
249 491 373 571 insuper
387 509 441 572 per
450 497 619 573 potestatem
633 486 775 549 directam
788 493 817 548 et
835 484 1008 547 indirectam
1024 488 1058 548 in
1070 496 1142 549 tcm-

185 580 294 641 oralia.

164 600 183 661 Ρ
205 670 298 731 Porrd
312 669 472 751 temporale
484 674 528 730 est
543 667 617 729 iilud
631 666 713 748 quod
729 664 871 746 primarii)
886 669 916 725 el
929 683 984 745 per
999 683 1032 726 se
1045 664 1144 726 tendit

166 757 351 820 adsalutem
378 777 432 820 seu
461 758 577 818 bonum
603 754 737 836 eorporis
768 759 798 814 et
824 771 931 833 pacem
960 753 1143 833 publicam:

167 845 295 926 proinde
309 846 340 906 id
358 865 450 908 ornne
470 847 557 923 cujus
578 843 646 904 finis
669 841 806 924 proprius
829 847 858 901 ei
879 841 1077 904 immediatus
1099 847 1148 904 est
1256 909 1257 930 χ

168 934 342 1014 temporalis
356 981 362 1012 ,
376 934 476 1014 qualia
497 938 568 994 sunt
586 933 665 993 hona
679 937 807 992 terrena.
825 929 995 1011 Spiritualc
1016 931 1086 993 verd
1099 936 1148 992 est

75 1019 81 1032 ’
169 1021 253 1104 quod
279 1023 422 1102 primario
447 1027 478 1083 et
504 1040 557 1102 per
583 1039 614 1082 se
635 1020 805 1081 conducere
830 1024 927 1098 potest
950 1017 989 1079 ad
1018 1020 1148 1081 salutem
1257 1083 1258 1102 ἶ

172 1110 332 1173 animract
355 1111 469 1172 bonum
491 1110 656 1190 religionis,
679 1127 731 1170 seu
754 1109 841 1185 eujus
864 1105 932 1166 finis
953 1108 1095 1188 proprius
1118 1113 1149 1168 et
1257 1109 1258 1124 ¹

172 1199 364 1260 immediatus
378 1205 424 1260 est
439 1199 611 1279 spiritualis.
628 1206 660 1258 ut
679 1204 747 1260 sunt
762 1215 876 1273 preces,
893 1195 993 1256 divina
1013 1196 1147 1277 eloquia,

172 1295 371 1364 sacramenta,
387 1294 458 1363 etc„
474 1295 530 1348 eto.
1258 1341 1259 1372 ,

213 1377 272 1436 Ros
290 1383 391 1437 autem
414 1374 607 1455 temporales,
626 1392 687 1435 non
712 1374 752 1434 ila
773 1373 878 1434 usibus
902 1373 968 1434 vitra
992 1372 1151 1454 praesentis

173 1463 350 1542 limitantur,
377 1464 463 1545 quin,
488 1463 518 1524 in
547 1462 647 1524 multis
670 1461 801 1538 casibus,
824 1461 967 1542 prodesse
990 1462 1035 1524 vel
1059 1461 1151 1524 etiam

175 1570 286 1615 nocere
303 1555 419 1635 possint
439 1550 527 1614 saluti
548 1551 718 1613 animarum
733 1570 740 1611 :
753 1549 833 1612 unde
851 1551 907 1612 sub
925 1550 984 1612 hoc
998 1555 1149 1630 respectu,

175 1641 351 1704 relationem
360 1641 500 1703 videnlur
510 1659 598 1722 posse
610 1639 797 1702 habereeum
808 1639 1150 1718 auctoritatespirituaii‚

137 1720 142 1728 ’
176 1747 260 1811 quae,
274 1730 299 1791 si
314 1732 416 1791 revera
433 1730 541 1791 habeat
556 1729 586 1790 in
608 1729 782 1808 hujusmodi
796 1729 915 1791 casibus
927 1734 1104 1808 potestatem
1120 1728 1153 1789 in

176 1816 252 1891 illas,
269 1823 399 1897 potestas
409 1817 474 1879 haec
488 1837 549 1879 non
564 1824 608 1879 est
622 1818 734 1879 directa
750 1817 802 1879 sed
817 1817 964 1878 indirecta
980 1835 988 1876 ε
1004 1817 1153 1896 quianon

177 1903 301 1979 directa,
317 1907 433 1967 ratione
448 1905 518 1968 finis
534 1921 639 1968 eorum
654 1906 767 1987 proprii
781 1911 811 1967 et
825 1904 969 1966 ordinarii
983 1905 1047 1965 illas
1061 1905 1155 1968 attin·
1260 1943 1261 1948 κ

177 1992 237 2072 git,
254 1993 306 2054 scd
327 1993 472 2056 indirecte
486 2000 516 2056 et
529 1995 568 2056 ob
583 1995 675 2056 finem
695 2000 871 2056 extraneum
885 1994 937 2074 qui
955 1995 985 2054 in
1003 1992 1061 2055 illis
1075 1995 1156 2058 acci-

176 2079 336 2143 dentaliter
349 2083 507 2162 reperilur.
525 2085 658 2144 Potestas
670 2101 742 2163 ergo
756 2083 868 2144 directa
883 2083 914 2142 in
929 2083 1095 2163 temporale
1110 2091 1159 2146 est

178 2167 228 2231 illa
243 2189 335 2250 quam
349 2171 417 2251 quis
431 2172 462 2231 in
483 2170 558 2232 illud
575 2171 663 2232 habet
678 2171 799 2252 propter
814 2171 907 2252 ipsius
924 2169 1018 2232 finem
1033 2177 1158 2252 lampo-

178 2259 293 2334 ralem;
310 2259 382 2322 dum
398 2259 543 2322 indirecta
555 2265 599 2321 est
611 2277 645 2321 ea
658 2254 750 2340 quani
763 2260 830 2341 quis
844 2259 933 2320 habet
947 2259 977 2320 in
989 2263 1160 2341 temporale

178 2355 301 2428 propter
315 2347 409 2409 finem
422 2347 608 2429 spiritualem
621 2347 716 2428 quiin
732 2367 768 2410 eo
778 2349 903 2430 reperiri
917 2354 1033 2430 potest3
1045 2367 1099 2411 seu
1112 2359 1163 2414 est

179 2435 229 2498 illa
241 2455 310 2515 quae
325 2454 387 2498 non
401 2436 520 2516 attingit
534 2436 721 2514 temporalia,
736 2437 793 2498 nisi
815 2437 846 2497 in
861 2443 1009 2516 quantum
1032 2455 1163 2504 necessa

176 2530 270 2586 estut
289 2523 359 2587 linis
379 2525 501 2586 alterius
522 2524 647 2602 ordinis,
664 2543 756 2606 quem
773 2525 828 2586 sibi
851 2526 994 2606 proponit
1011 2532 1041 2588 et
1056 2545 1165 2593 neces·

181 2611 259 2672 sarid
282 2612 371 2673 debet
395 2613 526 2693 assequi,
542 2615 646 2674 reverit
667 2613 857 2690 obtineatur,
882 2619 954 2696 puta
977 2613 1047 2676 finis
1072 2618 1165 2698 spiri-

179 2700 279 2764 tualis.
295 2701 349 2762 His
362 2702 515 2782 expositis,
532 2702 679 2764 stabilitur
693 2722 824 2784 sequens
838 2723 845 2764 ε

221 2791 290 2850 362.
305 2791 666 2852 eremana-Societas
679 2792 861 2874 temporalis,
872 2793 1007 2873 quamuis
1017 2793 1165 2862 distincto

178 2877 346 2940 dsocietatc
364 2878 606 2960 spiritualium
629 2889 670 2942 est
689 2881 777 2943 abaci
796 2882 915 2942 omnini
938 2882 1165 2965 independens:

180 2964 231 3029 scd
242 2966 389 3045 Ecclesia,
406 2967 535 3049 proinde
548 2968 584 3030 S.
599 2969 756 3051 Pontisec,
774 2970 949 3033 indirectam
964 2972 1051 3036 labet
1068 2985 1168 3057 potes-

183 3064 270 3118 tatem
285 3056 318 3118 in
334 3057 519 3138 temporalia.
538 3060 588 3120 Est
601 3066 707 3121 contra
723 3065 737 3121 i
759 3061 921 3123 articulum
940 3061 1170 3143 Declarationis

179 3145 259 3208 Cleri
271 3146 415 3207 Gallicani
433 3149 520 3208 1682.

222 3233 367 3296 Probatur
382 3238 411 3296 i·
427 3253 507 3314 pars,
521 3241 551 3296 et
564 3235 687 3316 quidem
700 3237 816 3300 ratione
831 3245 858 3300 et
871 3241 1058 3304 auctoritate.

223 3327 254 3384 l·
276 3322 421 3384 Ratione:
440 3323 490 3384 Vel
506 3323 632 3386 societas
647 3326 821 3407 temporalis
840 3346 901 3388 non
919 3337 966 3391 est
979 3332 996 3392 a
1011 3330 1166 3412 spirituali

181 3410 310 3474 omnine
326 3409 549 3492 independens,
570 3413 615 3474 vel
636 3412 799 3476 dicendum
821 3417 994 3480 societatem
1015 3420 1166 3500 spiritua·

184 3500 256 3574 iam,
271 3499 437 3562 Ecclesiam
451 3499 604 3576 videlicet,
622 3502 730 3584 subjici
748 3506 886 3585 potestati
905 3508 1058 3588 seculari,
1076 3515 1166 3592 quod

182 3595 228 3652 est
241 3588 437 3666 haereticum,
454 3589 527 3652 oiim
545 3597 625 3653 esset
641 3591 808 3656 annihilare
825 3595 1035 3660 auctoritatem
1053 3600 1166 3668 Eccle-

184 3677 253 3748 siae,
270 3694 338 3756 quae
358 3695 421 3739 non
439 3677 521 3739 aliud
540 3695 605 3741 esse
625 3687 724 3760 potest
738 3683 832 3762 quim
847 3702 992 3767 suprema
1010 3686 1166 3772 interpres

185 3763 260 3846 legis
278 3765 406 3843 divinae,
429 3764 459 3827 id
481 3773 526 3828 est
540 3766 612 3845 justi
631 3779 661 3830 el
680 3769 803 3850 injusti,
820 3781 850 3835 ct
864 3774 954 3838 unica
970 3773 1165 3850 distribulrix
