2548 4216
144 203 207 264 aad
413 206 564 252 naeaannra
585 205 665 250 aunis
687 199 834 248 caueatur.

187 338 203 373 a
224 315 324 376 Potest
343 314 444 370 tamen
460 303 620 387 parochus,
638 301 735 381 inquit
750 300 883 362 Ferraria
899 298 944 378 (r0
955 299 1122 372 Percelna,

154 427 168 462 a
190 408 245 465 art.
262 404 293 474 2,
308 408 343 459 n⁰
356 396 420 478 ⁰20),
436 411 534 458 unum
551 391 597 454 vel
612 390 715 472 plures
726 395 937 468 cooperatores
950 389 1082 464 hahere,
1095 401 1122 452 et

153 516 167 549 a
190 490 245 572 ipsi
261 507 316 550 seu
331 485 404 565 ipsis
420 483 591 562 relinquere
604 497 731 541 munera
745 477 842 560 magis
855 476 960 554 ardua,
977 484 1011 540 ut
1025 478 1073 540 ire
1088 479 1126 540 de

152 604 166 638 ι
188 585 276 640 noete
295 574 333 638 ad
349 573 502 644 infirmos,
525 586 668 650 peragere
687 566 790 628 divina
810 564 909 627 officia
934 565 966 626 in
989 567 1129 630 ecelesiis

157 693 171 726 a
194 665 334 728 filialibus
366 659 563 733 distantibus,
592 655 798 719 confessiones
827 653 938 716 multas
960 654 1071 719 audire
1098 667 1127 718 et

155 781 170 814 a
191 752 365 836 huiusmodi
378 775 384 810 :
397 747 564 812 dummodo
574 745 664 808 simul
674 746 802 826 ipsomet
814 742 974 825 parochus,
986 753 1136 808 cessante·

154 851 269 926 ajusto
294 839 529 924 impedimento,
563 835 664 916 aliqua
694 835 786 896 etiam
815 832 917 895 munia
944 835 1127 914 pastoralia,

156 960 169 993 u
190 932 356 1016 praesertim
372 925 583 1012 principaliora
597 921 794 1004 personaliter
810 930 953 1002 praestare
963 940 1026 983 non
1038 923 1129 986 inter-

156 1049 170 1081 r
192 1015 305 1096 mittat3
320 1028 351 1082 et
364 1015 486 1098 quando
502 1013 681 1076 nominatim
692 1015 816 1074 vocatur
829 1012 847 1071 a
861 1010 1073 1091 parochianis,
1090 1014 1126 1074 ad

189 1113 271 1191 ipsos
292 1108 457 1188 praesertim
481 1104 617 1164 intirmos
637 1100 680 1162 ire
703 1117 765 1162 non
788 1108 943 1162 recuset...
968 1102 1127 1182 Docetque

154 1225 168 1259 a
189 1201 248 1261 hoc
262 1203 383 1278 recepta
396 1191 602 1265 cousuetudo,
625 1207 693 1270 quae
711 1194 756 1250 est
773 1189 887 1268 optima
907 1188 1011 1270 legum
1033 1190 1129 1252 inter-

155 1311 171 1350 ι
214 1306 271 1348 tes.
288 1307 302 1343 u

190 1308 294 1448 guono
311 1370 529 1434 restitutionem
542 1367 711 1441 fructuum,
728 1365 853 1448 quidam
866 1365 972 1428 dicunt
989 1367 1029 1429 ad
1042 1368 1127 1430 illam

154 1484 215 1529 non
230 1463 325 1525 teneri
337 1459 483 1542 parochos
494 1457 639 1518 inutiliter
652 1455 829 1533 residentes,
840 1454 922 1536 quia,
932 1456 1007 1516 tales
1021 1475 1129 1538 corpo

151 1554 254 1616 raliter
278 1549 429 1624 resident,
454 1553 484 1608 et
504 1563 559 1628 per
582 1550 808 1624 cooperatores,
826 1561 933 1605 euram
951 1545 1128 1608 animarum

152 1643 214 1705 suis
226 1639 395 1720 sumptibus
409 1639 534 1716 gerunt3
546 1631 599 1695 sed
613 1632 797 1695 eontrarium
811 1632 913 1694 verilis
927 1640 1014 1714 putat
1032 1637 1064 1696 S.
1081 1637 1129 1697 Li·

153 1748 255 1812 guor,
268 1728 320 1788 lib.
335 1731 372 1801 l,
391 1729 424 1786 n⁰
439 1725 507 1786 l27.

191 1821 260 1880 539.
284 1812 406 1886 Quaerit.
420 1815 452 1876 8ο
467 1813 500 1873 ln
515 1828 577 1892 quo
590 1809 658 1872 loeo
674 1810 790 1891 possint
807 1815 836 1872 et
850 1809 982 1874 debeant
998 1815 1131 1877 residere

176 1904 303 1968 arochil

155 1925 174 1989 p
192 1997 284 2074 Resp.
306 1989 493 2072 Regulariter
506 1987 654 2070 parochos
668 1985 779 2050 dehere
796 1987 930 2051 habitare
946 1990 1025 2054 intra
1041 2011 1131 2072 paro·

154 2081 228 2146 chiae
242 2079 353 2142 limites
370 2088 400 2141 et
414 2079 445 2140 in
463 2077 555 2140 domo
571 2075 749 2158 parochiali,
766 2075 790 2139 si
804 2076 892 2140 adsit.
908 2080 951 2140 lta
967 2081 999 2142 S.
1016 2081 1129 2162 Congr.

155 2173 245 2233 Cone.

192 2261 278 2323 Justa
299 2265 401 2321 autem
414 2255 504 2318 eausa
518 2253 758 2332 interveniente,
774 2259 872 2337 potest
887 2257 1041 2336 parochus
1060 2258 1131 2319 alihi

154 2350 247 2431 quam
267 2349 299 2408 in
313 2344 476 2428 parochiali
496 2343 589 2405 domo
603 2342 753 2419 hahitare;
769 2344 812 2406 sie
826 2345 958 2424 parocho
973 2347 1039 2408 seni
1056 2365 1132 2409 oon-

155 2438 245 2500 cessit
264 2437 295 2499 S.
311 2432 513 2516 congregatio
532 2439 565 2494 ut
585 2431 617 2492 in
631 2431 723 2493 domn
738 2434 862 2514 palerna
877 2435 1013 2496 ecelesiae
1031 2437 1132 2498 vicinat

155 2529 400 2606 manereposset.

194 2614 261 2676 Imd
280 2619 363 2675 extra
387 2609 538 2692 parochiae
557 2608 667 2670 limites
685 2609 820 2672 hahitare
841 2615 938 2691 polest
958 2614 1132 2692 parochus,

154 2704 233 2782 justa
247 2701 285 2763 de
298 2703 390 2763 causa
405 2718 475 2762 eum
495 2699 627 2774 licentia,
647 2697 738 2760 modd
752 2699 836 2761 loeus
852 2700 893 2762 ita
907 2702 1028 2764 vicinus
1043 2704 1082 2764 sit
1100 2713 1135 2765 ut

161 2791 289 2854 officium
305 2805 395 2851 suum
411 2788 624 2850 convenienter
641 2787 761 2867 explere
775 2788 888 2860 valeat;
904 2788 948 2851 sie
961 2790 993 2852 S.
1017 2791 1132 2872 Congr.

156 2882 262 2958 Cone,
277 2877 326 2939 die
340 2879 375 2940 16
394 2877 460 2957 jun.
478 2879 553 2939 root
571 2895 578 2938 :
600 2877 786 2940 «Censuit...
803 2878 1028 2960 Episcopum...
1044 2899 1136 2962 posse

163 2993 176 3030 a
198 2968 391 3050 permittere,
407 2971 441 3028 ut
460 2971 577 3043 rector,
593 2964 645 3046 qui
668 2983 767 3047 neque
785 2983 822 3028 ex
838 2967 986 3030 fructibus
1000 2969 1082 3031 aedes
1102 2970 1135 3031 in

162 3081 177 3117 r
198 3055 361 3139 parochiali
372 3064 560 3131 construere,
572 3073 629 3115 nec
643 3053 716 3116 alias
726 3055 805 3116 intra
815 3073 877 3118 suae
890 3057 1042 3136 parochiae
1057 3059 1135 3120 fines

161 3169 177 3206 a
197 3145 367 3208 conducere
381 3149 493 3226 potest,
510 3142 656 3205 inhahitet
670 3142 797 3206 denium
818 3143 848 3206 in
868 3144 962 3208 altera
989 3131 1134 3227 parodhia

161 3259 176 3294 a
197 3234 369 3312 viciniori,
385 3239 475 3315 atque
487 3233 564 3295 ita...
579 3233 752 3295 animarum
766 3251 871 3296 curam
886 3241 981 3315 gerat,
996 3236 1134 3299 tructus-

162 3346 177 3382 «
198 3343 258 3405 que
273 3341 345 3385 suos
359 3322 485 3394 saciat...
500 3320 599 3383 donec
613 3321 670 3382 alia
684 3322 780 3398 ratio,
795 3325 858 3404 qut
877 3323 1050 3389 residentiae
1065 3327 1136 3388 adn-

163 3437 177 3470 a
197 3409 476 3488 mussimsatisliat,
487 3408 580 3491 possit
593 3409 700 3472 iniri.»
713 3408 789 3472 Vide
808 3412 840 3472 in
860 3419 962 3474 nostro
978 3414 1130 3488 Manuolr',

162 3503 291 3560 1101475.

204 3616 218 3650 a
240 3593 513 3674 Quandoparoehia
523 3593 636 3657 distata
650 3595 768 3658 civitate
778 3596 897 3660 duobus
908 3590 1057 3680 passuum
1069 3602 1135 3664 mil·

166 3703 180 3740 r
203 3681 278 3740 lilius
293 3685 342 3741 aul
357 3682 648 3763 amplihs,nonlieet
661 3686 792 3766 parocho
807 3687 839 3748 in
855 3688 972 3750 civitate
987 3689 1043 3754 diu
1059 3709 1135 3754 noc·

683 3853 757 3865 ’.ι-ι-
