2548 4216
168 266 225 340 370
450 268 601 310 ucurrsura
622 264 703 308 runis
725 262 870 306 arnamar.

326 443 436 500 ll.-llr‹:
454 454 522 498 suaa
542 452 659 496 ranocnr
678 451 770 502 auom
790 449 972 493 sacrandum

206 587 275 647 510.
299 585 353 645 Jus
370 580 483 641 habent
498 575 621 658 parochi
636 576 723 657 plura
743 582 930 636 sacramenta
953 574 1151 655 parochianis

60 733 63 739 ,
167 675 228 740 mis
240 669 415 735 conterendi
433 689 439 726 z
456 667 646 746 Baptismum
661 664 808 738 videlicet,
823 663 1061 738 Eucharistiam,
1080 665 1151 726 Poe·

168 762 339 834 nitentium,
355 761 528 818 Extremam
543 753 744 828 Unctionem,
760 759 789 812 et
804 751 1035 812 Matrimonium
1051 751 1151 814 bene-

169 851 287 912 dicendi
305 868 312 908 :
329 848 386 908 hoc
401 852 484 906 extra
499 843 735 903 controversiam
746 845 810 914 est;
827 839 879 901 sed
894 858 948 918 pro
962 842 1049 919 praxi
1064 841 1154 921 plura

171 939 217 1001 hic
232 943 302 1000 sunt
316 934 467 1008 sigillatim
482 929 678 1012 explicanda,
700 948 768 1010 quae
787 935 821 991 ut
835 929 913 989 bene
929 929 1152 1010 intelligantur,

170 1027 311 1108 quaedanr
327 1024 465 1084 notiones
479 1025 547 1081 sunt
567 1018 785 1098 praemittendae
808 1018 888 1078 circa
911 1015 1105 1078 domicilium
1126 1025 1154 1079 et

171 1115 390 1176 habitationem.

211 1205 254 1262 Ex
274 1201 414 1261 fidelibus
432 1199 483 1278 qui
508 1201 579 1258 sont
601 1197 679 1258 intra
701 1195 898 1278 parochiam:
918 1199 948 1256 l⁰
967 1195 1017 1256 alii
1041 1195 1155 1257 hahent

51 1301 54 1306 '
171 1289 357 1352 domicilium
368 1287 470 1348 stricte
481 1286 590 1346 dictum
603 1305 610 1345 ε
623 1285 651 1346 id
669 1294 713 1346 est
728 1285 787 1346 huc
800 1291 947 1346 venerunt
959 1301 1033 1345 cum
1052 1285 1154 1346 inten-

172 1380 253 1442 tione
269 1375 457 1438 manitestata
472 1375 512 1434 ibi
525 1375 670 1454 perpetuo
689 1372 896 1434 commorandi
913 1371 937 1432 si
954 1372 1031 1432 nihil
1045 1391 1154 1434 avoca·

174 1473 233 1541 ret,
249 1467 292 1527 vel
305 1464 345 1524 ibi
357 1464 462 1525 decem
475 1463 562 1524 annis
575 1469 761 1538 manserunt,
774 1479 835 1522 non
848 1458 1042 1522 manifestata
1053 1460 1139 1523 inten

174 1555 256 1618 tione
270 1555 328 1616 alib
342 1551 507 1614 remeandi.

213 1658 246 1716 2⁰
270 1653 326 1713 Alii
340 1651 452 1712 habent
465 1648 747 1730 quasi-domicilium
768 1668 774 1707 :
793 1667 845 1710 seu
866 1647 906 1708 ibi
932 1653 1060 1710 manent
1082 1664 1152 1711 aum

175 1741 340 1804 intentione
363 1737 572 1801 commorandi
595 1755 648 1817 per
670 1737 799 1798 notabile
822 1745 964 1818 tempus,
980 1737 1073 1818 quale
1110 1742 1154 1800 est

175 1831 271 1908 malor
286 1847 354 1910 pars
368 1829 461 1904 anni,
477 1833 506 1889 et
519 1826 662 1888 dicuntur
673 1825 750 1886 iacal
766 1871 785 1888 1.

215 1932 246 1990 3ο
269 1928 327 1987 atii
339 1924 870 2006 habitanttempomneeetdicuntur
881 1923 1067 1990 adremon
1078 1945 1147 2008 pere

176 2015 277 2098 prium
294 2019 438 2076 vocantur
452 2019 553 2076 autem
568 2014 636 2094 oapi
650 2014 773 2094 quando
792 2013 898 2076 nullibi
922 2013 1038 2078 habent
1055 2015 1155 2077 domi·

177 2103 280 2166 cilium
295 2103 340 2163 vel
355 2100 656 2184 quasi-domicilium.
677 2101 794 2182 Aliquis
811 2101 905 2164 simul
926 2109 1027 2183 potest
1045 2103 1157 2168 habero

177 2193 285 2254 alicubi
299 2190 484 2252 domicilium
497 2194 527 2252 et
540 2189 611 2251 alibi
626 2189 923 2272 quasi-domicilium,
932 2193 1157 2273 autsimplicem

178 2279 387 2342 habitationem
404 2298 411 2339 :
428 2279 486 2340 hoc
498 2283 577 2359 patet
591 2297 626 2341 ex
643 2277 773 2359 praefatis
787 2278 1027 2342 delinitionibus

217 2379 270 2438 His
285 2375 464 2458 praemissis,
477 2376 546 2454 iura
568 2375 771 2456 parochorum
794 2375 874 2438 circa
894 2384 1158 2443 sacramentorum

179 2463 488 2542 administrationem,
504 2463 656 2545 sigillatim
671 2483 871 2546 exponamus·

218 2565 397 2626 till-1⁰
428 2560 528 2638 Quoad
554 2559 742 2643 Baptismum
773 2581 781 2624 ε
810 2566 952 2624 tenentur
979 2565 1158 2644 parochiani

181 2671 288 2733 pueros
302 2669 373 2712 suos
387 2649 425 2711 ad
446 2650 618 2730 parochiam
639 2669 725 2711 suam
748 2651 941 2731 baptizandos
964 2652 1106 2732 deferre,
1130 2661 1161 2718 et

181 2739 364 2820 probabilius
379 2738 469 2798 eliam
481 2738 533 2799 ubi
549 2737 661 2799 habent
672 2739 958 2819 quasi-domicilium
973 2739 1005 2800 in
1016 2760 1081 2821 quo
1090 2749 1162 2806 actu

181 2827 332 2900 habitant;
350 2826 537 2907 graviterque
551 2833 678 2908 peccant
692 2827 761 2908 qui,
779 2827 893 2908 absque
906 2827 1031 2890 licentia
1046 2831 1162 2914 proprii

181 2913 312 2996 parochi,
324 2913 355 2974 in
370 2913 466 2975 aliena
479 2914 619 2996 parochia
633 2915 818 2996 baptismum
833 2915 898 2976 fieri
914 2927 1092 2996 procurant.
1104 2920 1162 2994 oui

180 3003 251 3066 verd
266 3021 321 3065 nec
333 3001 518 3065 domicilium
534 3021 589 3065 nec
602 3001 884 3086 quasi-domicilium
905 3003 1040 3080 babent,
1062 3007 1161 3088 bapti·

180 3093 237 3156 sari
252 3099 379 3175 possunt
395 3091 447 3156 ubi
459 3092 575 3155 volunt.

203 3191 341 3254 'Naviter
354 3190 393 3253 ad
408 3189 499 3252 fidem
513 3190 668 3264 conversi,
684 3190 716 3253 in
730 3189 872 3271 parochill
887 3190 920 3254 in
939 3193 1001 3273 qut
1022 3193 1159 3278 degunt,

181 3287 252 3345 sunl
266 3279 356 3342 eliam
369 3277 549 3361 baptizandi.

85 3439 91 3454 .
203 3375 364 3449 ‘sacerdos
378 3389 447 3468 qui,
472 3398 558 3450 extra
574 3405 681 3450 casum
697 3387 904 3463 necessrlatis,
919 3385 1077 3452 infantem
1093 3389 1160 3452 sint

174 3474 293 3625 proprii
305 3477 435 3555 parochi
450 3476 576 3540 licentia
586 3475 733 3558 baptizat,
753 3476 930 3538 mortaliter
941 3488 1072 3560 poccat3
1087 3480 1159 3543 nul·

186 3578 219 3621 as
231 3568 336 3624 tamen
353 3564 486 3628 incurrit
508 3582 656 3626 cerrsuras
680 3565 752 3626 latae
779 3565 955 3646 sententiae,
983 3569 1161 3650 presertim

176 3645 273 3730 quirm
287 3649 419 3714 sufficiat
433 3653 559 3716 licentia
574 3663 776 3734 praesumpta.

151 3823 162 3832 „
219 3756 234 3796 a
262 3734 294 3800 st
317 3740 433 3804 muller
448 3757 523 3806 casu
539 3739 641 3824 pariat
656 3741 690 3804 in
718 3759 799 3824 pago
815 3761 886 3817 ¹non
904 3763 974 3821 suo,
997 3746 1106 3831 proles
1120 3747 1163 3814 ab
