2562 4224
489 283 574 328 ernau
595 283 711 328 narnus.
794 253 813 264 ’
1000 273 1058 334 tlt

98 367 239 450 Episcopi,
255 377 343 440 etiam
358 383 454 459 prlm'tt
467 381 544 454 vice,
560 380 686 459 elegisse
700 381 864 460 Dignitates
880 387 910 444 et
926 383 1059 448 Canoni-

97 457 196 520 cossui
208 461 348 543 Capituli,
364 469 421 530 nisi
433 469 541 531 virtute
555 467 665 530 indulti
679 470 710 530 S.
727 470 822 542 Sedis,
841 477 930 548 prout
943 481 1059 538 constat

97 542 259 611 dedioecesi
281 553 511 632 cenomanensi,
534 575 583 636 ap.
601 556 696 618 Bouix
718 555 775 638 (De
791 557 903 638 Capit,
925 579 955 640 p.
972 561 1056 646 666).

98 631 150 694 Sed
161 635 257 700 adhuc
276 641 396 724 allegari
415 651 511 726 potest
533 645 565 704 in
585 644 712 724 gratiam
734 644 956 725 Episcoporum
976 651 1058 730 quod

97 719 123 781 S.
137 723 225 788 Sedes
244 727 325 790 illam
341 733 449 813 agendi
467 733 615 794 rationem
629 739 811 814 cognoscat,
826 740 989 818 ettamen,
1006 757 1059 820 per

97 825 175 872 suum
185 815 347 891 silentium,
361 821 496 884 videatur
511 821 620 882 lrabere
634 823 800 884 Canonicos
818 829 851 884 ut
866 823 1014 904 legitimos
1029 832 1059 890 31

97 896 232 979 legitimas
246 908 355 986 pariter
371 913 486 972 Primas
498 911 672 990 Dignitates,
689 911 721 972 in
736 910 830 972 Gallia
842 913 1014 978 existentes.

130 992 192 1054 stu.
218 994 370 1074 Capeliani
394 999 571 1062 ltlonialium
601 1017 663 1060 non
692 1006 923 1079 exemptarum,
951 1005 1058 1084 quales
1142 1081 1143 1086 ¹

96 1079 251 1143 sunthodie
265 1083 328 1146 lere
343 1104 451 1150 omnes
465 1089 496 1148 in
511 1087 622 1162 Gallia,
636 1088 786 1150 nominari
800 1087 911 1152 debent
924 1091 962 1152 ab
972 1094 1058 1174 Epis

95 1181 179 1245 cipis.

131 1257 183 1318 Pro
202 1261 364 1340 capellanis
385 1265 604 1347 hospitiorum,
626 1265 791 1346 generatim
811 1266 986 1334 observatur
999 1273 1056 1336 dc-

96 1350 198 1408 rretum
213 1351 331 1430 regium
349 1357 384 1414 31
407 1362 465 1418 oct.
491 1359 586 1432 1881,
609 1362 664 1417 art.
687 1359 746 1417 18:
773 1376 788 1414 a
809 1356 865 1417 Les
881 1363 1057 1424 aumoniers

99 1456 111 1485 a
129 1444 192 1498 sont
206 1442 346 1504 nommes
356 1461 409 1522 par
423 1443 465 1505 les
478 1431 615 1525 tlrreques
628 1443 796 1506 diooe'sain's
806 1492 813 1516 ,
825 1463 882 1515 sur„
891 1447 918 1508 la
929 1451 1056 1528 presen-

98 1545 111 1573 3
128 1524 215 1588 tation
229 1527 268 1588 de
284 1529 356 1590 trois
370 1533 524 1594 candidats
544 1532 653 1612 parles
675 1531 887 1594 commissions
907 1536 1067 1600 adminis··

98 1633 110 1663 r
130 1613 254 1677 tratives.
267 1637 281 1673 o
295 1618 362 1679 Non
374 1623 488 1696 tamen,
500 1622 565 1682 sine
575 1621 675 1701 aliqua
687 1621 880 1699 usurpatione
894 1623 1056 1701 spiritualis

94 1704 283 1782 auctoritatis,
305 1701 371 1769 1133
391 1707 515 1772 13331133
533 1710 721 1790 capellanum
747 1711 946 1788 praesentandi
969 1713 1062 1778 dictae

94 1791 291 1856 commissioni
305 1795 548 1860 adrninistrativae
561 1797 670 1859 tributa
680 1796 745 1858 fuit.

127 1880 283 1962 Usurpatio
299 1883 399 1947 adlrue
414 1887 509 1968 major
522 1887 640 1949 videtur
654 1887 685 1947 in
699 1887 811 1967 regulis
825 1890 864 1950 30
877 1895 936 1952 oct.
960 1895 1052 1970 1811,

93 1971 143 2030 art.
152 1972 200 2044 10,
214 1971 267 2033 ubi
279 1970 399 2049 dicitur,
411 1976 511 2055 quoad
524 1975 740 2037 institutionem
750 1977 974 2056 capellanorum
985 2000 1055 2042 car-

93 2071 186 2120 cerum
203 2077 243 2141 :pu
256 2061 304 2124 Un
319 2063 489 2140 rumonim,
502 2067 615 2124 aomarc'
624 2083 685 2146 por
700 2064 728 2124 le
743 2063 854 2145 Prosct,
870 2085 923 2128 sur
936 2068 964 2129 la
984 2088 1055 2150 pro-

96 2163 111 2200 «
128 2147 252 2224 position
268 2137 473 2233 del’l'lveque,
484 2158 528 2214 est
542 2153 657 2214 attache
671 2154 688 2213 a
700 2152 727 2212 la
742 2152 856 2232 prison.
872 2177 888 2214 o
903 2157 938 2218 V.
955 2157 1057 2238 Le'pis«
1106 2191 1107 2194 ¹

92 2229 246 2301 torinneio.
264 2239 331 2302 eccl.
346 2240 486 2316 61131133,
497 2239 893 2322 11Ααιηόηἰενᾶεερνίεοηε.
917 2243 961 2304 llli
972 2247 1055 2308 enirn

92 2323 228 2400 capellani
243 2327 307 2390 sola
316 2331 489 2392 auctoritate
498 2330 698 2392 ecclesiastica
711 2329 852 2390 constitui
868 2339 1006 2409 possunt.

126 2413 225 2483 Quoad
241 2417 418 2496 ¹capellanos
431 2417 645 2498 collegiorum,
659 2416 769 2478 dicitur
780 2417 901 2496 pariter,
919 2419 950 2480 in
972 2420 1054 2502 regio

91 2495 200 2566 decreto
214 2507 233 2568 8
245 2521 310 2584 apr.
327 2509 414 2578 1821,
427 2506 537 2587 quoda
552 2505 688 2567 Ministro
702 2506 907 2567 Instructionis
923 2508 1054 2587 publicae

90 2591 285 2668 nominantem
302 2594 352 2656 sed
366 2601 446 2676 patet
457 2595 539 2675 quod
554 2593 721 2657 necessario
732 2593 906 2656 missionem
920 2603 950 2657 et
962 2596 1052 2662 facul·

89 2682 166 2756 tates,
181 2684 363 2746 necessarias
373 2683 410 2744 ad
419 2701 510 2745 suum
520 2702 633 2745 munus
646 2682 834 2759 obeundum,
846 2683 883 2744 ab
895 2685 1054 2768 Episcopis

89 2768 213 2850 recipere
227 2771 367 2835 debeant.
803 2831 806 2837 .

123 2858 271 2939 Capeliani
286 2861 415 2924 militum
430 2862 527 2942 magis
547 2861 726 2924 canonicae
749 2861 865 2942 legibus
885 2863 1031 2928 instituun

89 2949 140 3009 tur.
156 2949 314 3031 Suppressi
328 2949 451 3031 quidem
471 2950 588 3012 frrerant
608 2950 728 3012 decreto
742 2951 832 3030 Regis
854 2955 893 3014 80
909 2955 1042 3015 novemh

90 3037 169 3113 1838,
184 3044 310 3119 excepto
322 3057 393 3101 casu
408 3057 486 3119 quo,
503 3039 534 3100 in
550 3039 695 3120 praesidiis
709 3039 755 3100 vel
768 3041 801 3100 in
815 3041 934 3116 castris,
950 3042 1050 3106 clerus

89 3126 256 3200 parochialis
269 3127 339 3189 huic
353 3128 519 3190 ministerio
531 3146 594 3189 non
604 3133 681 3190 esset
690 3128 857 3202 sufficieos;
871 3129 922 3190 sed
935 3136 1048 3210 postea,

89 3213 203 3278 restituti
218 3216 302 3278 fuere
316 3217 448 3296 primum
466 3216 611 3298 capellani
633 3235 687 3297 pro
708 3217 828 3280 servitio
849 3216 891 3278 rei
909 3218 1047 3296 nauticae‚

88 3317 136 3378 pro
148 3322 208 3386 quo
221 3304 402 3368 constitutus
420 3304 477 3367 luit
498 3305 580 3388 apud
598 3306 766 3368 lllinislrum
786 3305 964 3386 Capelianus
984 3308 1047 3370 Pri-

87 3391 207 3472 manus,
229 3393 317 3473 cuius
336 3393 468 3458 ollioium
486 3401 531 3457 est
550 3394 688 3456 ordinare
702 3399 733 3460 et
749 3393 878 3476 dirigere
891 3393 1047 3460 servitium

87 3479 231 3557 spirituale
254 3483 286 3544 in
309 3484 445 3546 navibus.
468 3485 532 3545 Hoc
552 3489 708 3565 peractum
732 3482 787 3546 ruit
808 3483 973 3564 presertim
990 3506 1047 3568 per

83 3566 232 3634 ‹lecretum
245 3573 281 3634 31
293 3572 390 3634 Martii
442 3576 456 3594 ⁸
539 3625 546 3636 .

120 3657 262 3736 Tandem,
275 3665 311 3724 l'l
324 3663 389 3740 jun.
402 3575 614 3743 iiiiiproartt
627 3663 787 3725 Decretum
802 3663 981 3744 Napoleonis
991 3668 1041 3742 111,

85 3755 237 3828 3333313113
247 3751 339 3811 Breve
350 3751 552 3830 Apostolieum
566 3751 767 3832 Orroesuperm'
777 3756 811 3816 3l
827 3754 924 3814 nrartii
934 3770 1044 3834 praeca·

900 3857 916 3900 s
