2548 4216
497 263 583 308 niara
604 259 723 307 ananus.
1036 248 1088 307 311

153 358 187 416 3⁰
210 357 312 427 Quoad
335 376 463 440 corpora
487 361 651 422 Servorum
670 355 725 417 Dei
748 354 885 418 nondum
907 354 1093 418 beatificato-

114 460 196 516 rum,
213 443 258 505 vel
271 463 371 510 caussa
384 446 616 510 introductionis
630 443 803 508 commissio
823 443 958 506 nondum
979 443 1092 526 signato
1146 496 1148 502 ,

112 528 171 592 tuit
191 533 208 592 a
229 533 259 594 S.
278 535 443 612 Pontifice,
458 536 504 598 uel
518 536 582 615 jam
601 531 657 597 luit
676 531 816 613 signata:
832 531 856 593 si
872 531 972 612 pribs,
988 551 1093 596 eorum

114 624 216 697 potest
229 620 296 683 fieri
309 625 464 687 translatio
474 625 511 688 de
522 623 643 686 licentia
653 619 802 685 Ordinarii
813 621 879 682 sine
893 620 1093 698 solemnitate,

115 708 287 772 inconsulta
312 713 343 775 S.
369 714 446 777 Sede
456 735 467 790 ς
487 713 512 776 si
532 711 697 794 posterius,
720 709 887 772 necessaria
910 715 954 771 est
976 708 1094 772 licentia

116 795 207 876 Papae
235 799 282 861 vel
310 802 341 864 S.
367 801 478 884 congr.
506 803 586 878 Rit,
609 807 643 864 ut
664 797 882 862 transferantur
904 796 942 858 de
965 797 1032 861 loeo
1058 798 1094 860 ad

31 933 38 940 .
115 884 231 963 locum,
242 887 333 952 etiam
345 889 375 952 in
389 891 495 953 eadem
509 889 646 954 ecclesia.

159 985 238 1047 Nota
253 987 336 1068 qudd
351 990 497 1072 Reliquias
515 989 651 1070 insignes
673 1005 735 1049 non
753 985 882 1050 debcant
902 986 1042 1050 collocari
1063 988 1095 1050 in

117 1073 242 1152 privatis
255 1077 383 1156 aedibus,
399 1097 456 1142 nec
469 1078 550 1161 apud
564 1079 657 1140 laicos
670 1075 824 1153 homines,
839 1074 892 1138 sed
911 1075 943 1138 in
958 1076 1093 1140 ecclesia.

118 1163 318 1315 gpgsppssptur
334 1173 436 1230 tamen
451 1167 554 1248 magni
568 1165 740 1248 principes,
756 1170 786 1227 ct
799 1163 943 1246 praecipui
953 1165 1096 1228 Ecclesia.¹

162 1355 306 1426 Quasdam
318 1357 417 1422 adbuc
430 1359 480 1422 blo
492 1363 562 1422 sunt
576 1356 709 1420 notanda
721 1356 800 1419 circa
815 1356 968 1438 Reliquias
985 1377 993 1420 ε

164 1454 194 1511 1·
209 1452 335 1524 Quando
356 1461 550 1536 exponuntur
572 1453 730 1534 Reliquiae‚
749 1453 827 1515 ultra
850 1453 1033 1536 lampadem,
1048 1457 1094 1519 de

118 1539 196 1601 bent
209 1541 353 1604 continuo
364 1543 470 1606 ardere
481 1544 514 1604 in
528 1542 612 1604 altari
627 1541 689 1604 duo
703 1541 834 1617 lumina3
850 1540 924 1602 alias
935 1560 997 1603 non
1009 1561 1093 1624 expo

120 1635 245 1690 nantur.
262 1631 293 1691 S.
308 1632 368 1694 Rit.
383 1631 546 1714 congreg,
563 1633 601 1693 22
613 1630 677 1708 jan.
696 1631 784 1692 l'llll.

163 1731 195 1788 1·
209 1729 252 1790 lle
263 1730 384 1802 Sancto,
395 1731 483 1810 cujus
492 1728 620 1791 habetur
630 1744 741 1809 corpus
750 1726 796 1789 vel
810 1726 937 1808 insignis
947 1728 1095 1811 Reliquia.

120 1835 186 1879 non
200 1823 297 1898 potest
309 1817 374 1881 fieri
389 1818 544 1893 officium,
560 1816 617 1879 nisi
630 1819 747 1880 constet
760 1815 798 1878 de
812 1816 977 1889 identitate,
995 1826 1025 1881 et
1040 1817 1095 1880 nisi

120 1905 289 1987 reperiatur
301 1907 332 1968 in
342 1905 554 1990 Martyrologio
565 1908 714 1968 Romano.
728 1904 814 1978 Quod
826 1911 871 1968 est
884 1906 1093 1989 applicandum

120 1995 214 2057 etiam
227 1994 262 2056 iis
277 1996 394 2059 Sanotis
409 2013 542 2078 quorum
555 2012 681 2076 corpora
696 2000 780 2056 eruta
795 1995 894 2058 sonte
909 1997 1096 2059 catacumbis

120 2080 239 2160 Romae,
261 2090 291 2146 et
308 2084 456 2148 evidentia
472 2083 607 2166 martyrii
626 2083 713 2165 signe
734 2083 866 2160 habant3
884 2083 1031 2160 videlicet,
1051 2087 1097 2148 rel

121 2172 311 2235 mentionem
337 2173 369 2235 in
390 2191 542 2235 marmore
563 2171 724 2252 sculptam,
746 2171 791 2232 vel
812 2189 864 2234 uas
886 2171 1042 2252 sanguinis
1067 2173 1098 2234 in

121 2268 323 2324 monumento
341 2261 505 2324 inclusum.
520 2259 595 2323 Vide
615 2259 729 2321 Bened.
745 2261 832 2336 XIV,
848 2259 900 2322 lib.
923 2263 962 2335 4,
978 2279 1047 2341 pars
1067 2266 1093 2338 t,

119 2366 191 2430 cap.
211 2353 259 2425 28,
276 2349 318 2412 n¹·
336 2354 375 2414 16
393 2355 424 2412 et
437 2353 487 2414 m.
504 2348 684 2430 Huiusmodi
699 2348 845 2429 Reliquiae
863 2353 965 2410 tamm
988 2348 1097 2412 deferri

121 2446 250 2518 possunt
267 2438 542 2521 processionaliter,
563 2437 700 2520 quamvis
719 2436 803 2499 aliter
825 2436 864 2499 sit
881 2436 1045 2500 dicendum
1061 2438 1098 2501 da

123 2527 306 2590 Beatitioatis
321 2527 458 2591 nondum
473 2527 665 2590 canonizatis.

164 2627 196 2686 3⁰
211 2624 347 2706 Reliquis
363 2623 482 2688 modica
495 2625 559 2703 jam
574 2622 650 2685 facta
664 2620 842 2700 alienabitis,
857 2621 947 2684 alicui
962 2624 1093 2690 ecelesia

120 2712 169 2775 uel
190 2714 320 2777 oratorio
337 2713 443 2776 donari
458 2717 556 2794 potest
577 2708 619 2792 (S.
641 2710 699 2772 Rit.
715 2711 839 2790 Congu,
857 2714 876 2775 8
893 2711 961 2792 jun.
984 2714 1074 2793 1602)

120 2801 198 2865 alias
209 2817 271 2862 non
286 2807 387 2882 posset
400 2801 523 2863 alienari
536 2801 600 2862 sine
616 2798 803 2880 beneplacito
818 2801 849 2862 S.
866 2799 962 2864 Sedis.

158 2877 251 2929 Poena
270 2887 525 2938 excommunicat.
547 2883 636 2960 Papae
650 2892 819 2958 reservatae,
842 2890 901 2948 lata
919 2893 964 2950 est
985 2895 1090 2954 contra

114 2955 1092 3058 estpahentesabsquelegitimavenia,reliquiasexsacriscoeme·

114 3053 200 3107 terns
214 3063 277 3107 sive
296 3051 481 3114 catacumbis
499 3056 621 3131 Romae,
645 3059 782 3137 ejusdem
800 3063 954 3139 territorii,
983 3066 1090 3147 eisque

114 3133 265 3197 auxilium
281 3135 326 3196 uel
338 3134 471 3202 favorem
485 3142 655 3222 praebentes
667 3144 713 3227 (G.
729 3147 832 3229 Apost.
850 3149 945 3231 Sed).

155 3227 190 3284 4⁰
212 3221 359 3304 Reliquiae
381 3231 410 3288 et
431 3245 499 3292 ossa
522 3232 575 3294 SS.
601 3233 665 3295 radi
686 3251 749 3299 non
775 3243 912 3316 possunt,
930 3245 963 3301 ut
985 3257 1090 3304 rasura

113 3312 205 3374 detur
214 3330 284 3374 cum
295 3319 366 3394 poto
377 3313 518 3382 infirmis.
531 3321 562 3384 S.
574 3320 606 3383 G.
618 3321 718 3402 Episc.
729 3329 759 3386 et
769 3325 857 3405 Reg,
872 3330 907 3387 l'l
919 3325 986 3389 deo.
997 3331 1088 3395 1691.

154 3404 187 3462 5⁰
210 3400 244 3464 ln
264 3401 365 3479 altari,
385 3403 417 3464 in
436 3424 498 3486 quo
512 3413 556 3470 est
571 3411 742 3490 expositum
765 3411 815 3476 SS.
836 3416 1080 3493 Sacramentum,

114 3507 179 3552 non
195 3493 440 3572 possuntexponi
451 3496 598 3578 Reliquiae
613 3500 666 3570 SS.
680 3519 756 3577 ;nec
770 3501 800 3562 in
811 3502 1005 3568 tabernaculo
1017 3514 1088 3571 sunt

112 3577 283 3640 condendae
301 3579 352 3640 ubi
375 3590 544 3647 asservatur
566 3588 619 3648 SS.
642 3589 888 3670 Sacramentum3
913 3611 968 3655 neo
994 3613 1086 3677 super

112 3666 344 3729 tabernaculum
366 3671 418 3733 SS.
435 3673 633 3754 sacramenti,
649 3677 718 3740 licet
734 3698 794 3741 non
810 3681 960 3761 expositi3
985 3702 1084 3764 neque

107 3761 177 3819 anta
201 3754 387 3820 tabernaculi
406 3760 561 3841 ostiolum,
580 3772 634 3828 aut
651 3766 710 3830 alia
730 3768 822 3832 modo
840 3788 903 3850 quo
927 3769 1079 3849 simplices

1008 3871 1054 3920 91*
