2526 4210
483 292 570 338 arran
591 291 709 338 rnruus.
1021 287 1081 344 233

103 416 120 454 a
139 399 232 476 tatem
249 395 395 478 spirituali
411 394 517 475 subjici
533 391 698 454 auctoritati
713 413 744 469 a,
758 392 891 475 alioquin
906 403 1079 478 potestates,

99 485 201 564 inquit
222 485 369 563 Pontifex,
394 503 455 546 non
480 486 580 544 essent
602 482 619 542 a
642 481 705 564 Deo
722 480 800 543 bene
820 485 979 564 ordinatae3
998 487 1083 550 unde

71 614 74 620 -
103 594 119 631 a
138 572 164 634 si
178 572 275 636 deviat
289 581 407 639 terrena
423 577 570 654 potestas,
585 568 768 648 iudicabitur
785 573 801 632 a
818 579 963 652 potestate
993 576 1081 657 spiri-

103 681 118 718 «
138 661 227 737 tuali;
244 662 295 723 sed
307 663 330 722 si
342 661 440 722 deviat
449 657 647 740 spiritualis...
664 675 857 738 suprema...,
873 663 964 724 asoto
978 665 1078 727 Deo...

102 769 118 806 a
138 750 248 830 poterit
259 749 387 828 judicari
401 799 408 822 ,
424 753 551 811 testante
567 747 730 826 Apostolo:
749 749 919 830 spiritualis
933 751 1016 812 tomo
1032 753 1083 835 ju-
1098 761 1107 791 ’-

103 860 118 896 a
138 836 222 901 tlicat
235 839 333 900 culnia
344 887 351 916 ,
363 839 426 920 ipse
435 845 529 898 autem
542 835 559 896 ἀ
574 835 866 918 nemiuejudicutur.
878 861 894 899 a
908 843 941 900 ln
955 839 1016 902 fine
1026 841 1082 902 ad·
1091 849 1109 959 ς’

100 926 141 988 rlit
157 947 165 988 :
185 949 200 986 a
215 929 407 1009 Quicumque
426 927 516 1008 igitur
529 923 602 986 huic
616 926 753 1004 potestati
769 928 864 990 alteo
879 928 922 991 sic
936 930 1084 994 ordinatae

102 1017 265 1092 «resistit,
287 1018 340 1079 Dei
359 1015 541 1078 ordinationi
561 1014 686 1090 resistit,
709 1015 769 1076 nisi
787 1016 848 1079 duo
871 1016 963 1100 (sicut
983 1020 1080 1080 Mani·

102 1127 118 1163 a
139 1105 255 1188 chaeus)
272 1105 367 1188 lingat
380 1123 445 1166 esse
459 1102 627 1186 principia:
644 1103 847 1182 quodfalsum
863 1115 892 1169 et
904 1107 1081 1171 haereticum

102 1193 348 1272 «judicemus...
375 1193 469 1254 Porro
495 1191 617 1254 subesse
651 1193 785 1254 Romano
813 1196 971 1273 Pontifici,
996 1197 1081 1260 omni

101 1303 118 1338 a
139 1281 285 1345 humanae
321 1291 466 1346 creaturae
486 1283 561 1359 (seu
582 1299 694 1342 omnem
720 1280 877 1345 humanam
901 1285 1082 1368 creaturam)

102 1369 347 1447 «declaramus,
375 1369 577 1432 delinimus...
602 1369 729 1431 omnino
752 1389 817 1433 esse
844 1371 882 1434 de
905 1375 1081 1436 necessitate

103 1481 121 1516 u
142 1459 286 1522 saturis.»
700 1511 702 1514 .

55 1553 59 1560 “
139 1549 213 1610 Haec
237 1549 324 1611 Bulla
341 1567 404 1611 non
425 1547 481 1610 fuit
501 1550 639 1608 revocata
660 1547 677 1606 a
695 1545 849 1610 Clemente
862 1550 900 1622 V,
923 1550 1028 1611 sedda
1046 1553 1083 1614 ea

97 1637 246 1700 duntaxat
271 1638 384 1700 dictum
404 1637 460 1700 luit
482 1637 514 1697 in
536 1634 682 1696 Decretali
705 1636 833 1710 Metuit,
854 1636 1079 1720 DePrr'oilcq.:

103 1749 118 1781 «
139 1725 265 1787 Nullum
281 1727 421 1788 volumus
439 1725 484 1786 vel
509 1722 695 1784 intendimus
715 1725 924 1805 praejudicium
944 1729 1084 1808 generari

103 1837 120 1871 a
141 1814 221 1896 (regi
236 1822 265 1877 et
277 1816 407 1898 regno)..
416 1860 434 1885 .,
448 1813 500 1876 sed
515 1812 618 1874 omnia
632 1811 836 1893 intelligantur
850 1814 882 1877 in
893 1815 1001 1878 eodem
1015 1836 1082 1881 esse

101 1925 118 1959 a
139 1907 220 1964 statu
242 1923 304 1984 quo
323 1909 408 1965 erant
428 1909 497 1964 ante
515 1901 724 1963 definitionem
749 1903 934 1982 praedictam.
955 1906 1082 1969 oldest

98 2009 204 2072 regem
219 1992 354 2054 Franciae
371 1999 400 2052 et
425 1991 592 2072 regnicolas
608 2009 671 2051 non
692 1994 789 2071 magis
812 1993 918 2072 subjici
938 1995 1084 2058 Ecclesiae

97 2083 246 2142 Romanae
257 2082 349 2162 quam
365 2079 448 2160 prius
463 2087 557 2142 erant.

138 2169 228 2230 Bulla
252 2177 352 2231 autem
382 2169 479 2232 Unam
506 2177 635 2230 sanctam
658 2167 770 2230 inserta
795 2167 851 2230 luit
864 2170 982 2250 corpori
1007 2171 1082 2249 juris

96 2257 151 2320 lib.
170 2261 199 2330 l,
219 2258 263 2320 De
284 2259 380 2339 major
393 2266 420 2319 et
431 2255 571 2318 obedient.
584 2304 592 2334 ,
607 2259 728 2319 Extrav.
745 2275 859 2324 comm.
877 2263 965 2318 Anno
980 2262 1079 2334 tota,

96 2347 200 2408 conati
222 2352 293 2407 sunt
314 2348 517 2408 Protestantes
540 2345 711 2406 obtineret
734 2345 868 2406 Cornitiis
892 2347 1084 2426 generalibus

96 2435 205 2498 Galliae
219 2435 465 2509 declarationem,
481 2435 542 2514 qua
555 2433 772 2506 admitteretur,
788 2440 932 2514 tanquam
948 2431 993 2496 lex
1008 2435 1082 2497 lun-

95 2523 281 2587 damentalis
295 2524 392 2604 regni,
409 2522 490 2603 quod
505 2527 637 2605 potestas
651 2521 802 2583 saecularis
815 2530 893 2583 esset
906 2525 923 2583 a
936 2523 1082 2604 spirituali

94 2611 227 2676 omnino
247 2611 477 2692 independens;
492 2611 544 2673 sed
559 2611 645 2672 Gard.
668 2612 714 2672 Du
732 2613 861 2681 Perron,
880 2630 946 2674 «au
961 2631 1033 2673 nom
1045 2613 1087 2684 de

100 2724 117 2760 a
137 2708 205 2763 tout
224 2701 252 2762 le
272 2718 360 2781 corps
376 2701 414 2763 de
427 2700 537 2762 l’ordre
552 2699 778 2780 eccle'siastique
797 2707 825 2761 et
844 2700 881 2762 de
901 2701 978 2762 celui
999 2701 1036 2764 de
1054 2703 1081 2765 la

99 2813 118 2849 rr
137 2789 279 2853 noblesse
294 2789 438 2867 (OEuurea
451 2786 487 2850 de
502 2789 550 2850 Du
564 2788 694 2865 Perrou,
708 2807 739 2868 p.
757 2789 841 2870 aot),
860 2789 961 2850 dtablit
977 2809 1038 2871 que
1053 2792 1080 2854 la

99 2879 277 2944 «doctrine
292 2878 460 2954 contraire,
476 2875 587 2938 admira
606 2895 664 2958 par
685 2885 778 2938 toules
797 2877 836 2962 les
854 2887 952 2939 autres
966 2881 1084 2960 parties

99 2990 116 3026 α
136 2966 175 3028 de
190 2952 318 3046 I'Eplise
333 2963 516 3048 Uardulique,
530 2965 611 3027 voire
622 2965 712 3026 meme
725 2965 760 3028 de
770 2965 900 3047 I'Eplt'se
914 2967 1080 3044 Gallicane,

98 3079 116 3115 a
137 3055 245 3138 depuis
259 3075 315 3137 que
328 3055 368 3117 lea
381 3055 472 3118 eccles
484 3054 520 3116 de
532 3054 708 3136 theolopt'ey
723 3064 773 3115 oct
786 3057 828 3117 dte'
842 3056 1000 3130 institutes,
1010 3055 1079 3136 jus-

98 3170 116 3204 «
136 3143 208 3226 qu'd
225 3143 254 3204 la
270 3163 361 3206 venue
373 3143 408 3206 de
423 3143 533 3208 Caluia
549 3141 618 3224 (ia,
632 3143 717 3224 593),
733 3143 864 3223 reposcit
882 3161 934 3204 sur
950 3160 1011 3203 une
1022 3150 1080 3204 tra-

98 3233 236 3294 edition
260 3238 419 3295 constante
442 3239 471 3294 et
493 3231 687 3306 universelle;
714 3230 752 3291 de
775 3237 954 3311 sorteque,
975 3230 1081 3311 depuis

98 3345 116 3379 u
135 3340 214 3384 onze
237 3330 322 3384 cents
341 3340 415 3399 ans,
444 3319 587 3398 discit-il,
613 3319 634 3379 il
655 3319 705 3400 n'y
725 3337 742 3380 a
766 3337 803 3380 eu
829 3318 920 3381 siecle
949 3321 1078 3399 auquel,

98 3433 116 3469 a
137 3429 179 3473 cn
194 3411 327 3472 diverses
341 3411 472 3484 nations‚
486 3415 563 3471 cette
577 3408 713 3470 doctrine
724 3407 797 3469 n'ait
806 3409 853 3470 ete
864 3425 937 3470 crue
951 3415 979 3469 et
993 3408 1084 3490 prati·

97 3523 115 3562 a
136 3499 217 3581 qude
227 3498 294 3577 (id,
307 3518 338 3579 p.
354 3500 466 3579 602)...
478 3497 550 3560 Puis
562 3497 583 3558 il
599 3507 716 3559 montre
729 3515 789 3577 que
799 3497 827 3558 la
837 3496 973 3559 doctrine
988 3499 1083 3578 qu’on

98 3611 115 3650 ι
136 3587 276 3652 s'eliorcc
289 3587 328 3650 de
342 3603 499 3650 renverscr
517 3591 563 3648 est
576 3585 651 3648 celle
667 3585 705 3646 de
723 3592 792 3646 tous
810 3585 853 3647 les
872 3585 1028 3662 docteurs,
1044 3587 1084 3648 de

97 3701 115 3739 ι
135 3683 208 3740 tous
231 3675 277 3737 les
300 3675 486 3756 theologiens
510 3691 580 3735 sans
600 3673 778 3755 exception3
797 3679 827 3735 et
847 3692 928 3755 que,
944 3674 982 3735 de
996 3675 1080 3753 plus,

97 3791 114 3828 ι
134 3765 193 3828 elle
211 3781 231 3826 a
252 3764 303 3825 ete
316 3772 524 3825 constamment
542 3770 626 3823 tenue
642 3781 677 3823 cn
693 3762 830 3831 Frucec,
849 3765 885 3822 ou
899 3781 951 3822 aaa
963 3757 1038 3833 raia,
1054 3771 1085 3822 cr
