2548 4216
474 289 559 332 LIBER
582 288 699 331 Paratus,

243 428 274 484 H.
284 429 366 485 -DE
381 444 562 488 OBLlGthONE
578 443 724 488 nasluultttl
739 442 766 486 ΙΝ
781 443 924 488 ranetam.

143 561 211 619 532.
236 558 279 618 lle
296 557 354 620 hle
371 559 553 639 obligatione
574 558 617 621 sic
635 557 770 620 decernit
784 557 925 638 Synodus
938 559 1073 624 Trident.

106 648 187 723 (sess.
202 649 251 722 23,
268 665 334 727 cap.
353 649 438 722 l‚l)e
451 647 545 730 reti:
563 646 706 708 «Eadem
719 647 858 723 omnino,
875 648 966 708 etiam
976 647 1076 729 quoad

111 734 287 814 «culpam,
314 737 508 797 amissionem
533 737 684 798 fruetuum
707 740 737 796 et
757 752 882 814 poenas,
903 734 940 796 de
968 737 1077 802 curatis

113 843 126 880 n
146 821 337 884 inferioribus
356 832 385 884 et
407 825 471 886 aliis
486 825 729 906 quibuscumque
747 822 799 903 qui
821 822 1004 884 heneficium
1023 826 1078 887 ali·

109 931 127 968 c
146 911 227 990 quod
251 912 503 988 ecclesiasticum,
529 930 633 975 curam
657 911 828 973 animarum
851 910 983 990 hahens,
999 911 1079 974 ohti-

113 1017 128 1056 r
148 1003 236 1074 nent,
252 1001 448 1062 Sacrosancla
464 1000 605 1081 Synodus
618 998 750 1061 declarat
764 1007 793 1060 et
806 999 941 1061 decernit
958 1019 966 1061 :
986 1002 1025 1062 ita
1039 1008 1081 1062 tn-

21 1129 24 1136 .
110 1105 128 1143 c
148 1103 218 1148 men
231 1094 265 1148 ut
279 1089 534 1170 quandocumque
546 1107 609 1166 eos,
624 1089 715 1150 causa
729 1088 813 1168 prihs
828 1107 881 1168 per
895 1087 1080 1169 Episcopum

111 1195 128 1234 u
147 1176 267 1254 cognita
285 1184 314 1237 et
336 1179 484 1256 probata,
507 1178 611 1239 abesse
628 1176 837 1256 contingeret,
854 1176 999 1239 vicarium
1020 1179 1081 1238 ido-

114 1284 128 1320 n
149 1282 262 1339 neum,
286 1264 324 1325 ab
347 1267 412 1344 ipso
435 1265 592 1328 Ordinario
615 1264 870 1346 approbandum,
891 1283 961 1326 cum
982 1266 1082 1328 debita

113 1372 129 1409 u
149 1353 1073 1434 mercedisassignationerelinquantllisccdendiautemlicen

111 1462 128 1497 <r
148 1441 231 1514 liam,
248 1442 279 1502 in
294 1445 412 1524 seriptis
426 1443 578 1524 gratisque
593 1441 835 1517 concedendam,
851 1443 928 1503 ultra
941 1443 1083 1504 bimestre

115 1551 129 1586 n
150 1535 286 1609 tempus,
300 1531 356 1591 nisi
371 1551 409 1593 ex
423 1533 504 1609 gravi
519 1532 624 1606 causa,
636 1547 698 1592 non
713 1529 879 1590 obtineant.
891 1530 976 1600 Quod
990 1531 1014 1592 si
1030 1549 1084 1610 per

113 1639 129 1676 u
148 1617 282 1679 edictum
304 1620 382 1680 citati
396 1667 404 1695 ‚
416 1621 507 1681 etiam
517 1637 579 1682 non
593 1617 801 1698 personaliter,
813 1623 1007 1680 contumaces
1022 1619 1084 1680 sue-

115 1727 129 1762 n
149 1706 221 1782 rint,
241 1706 379 1789 liberum
393 1727 457 1768 esse
472 1707 534 1769 vult
552 1707 727 1782 Ordinariis‚
746 1724 800 1786 per
821 1724 965 1768 censuras
983 1709 1084 1769 eccle-

115 1816 129 1852 ε(
149 1796 281 1857 siasticas
295 1803 325 1856 et
337 1798 606 1876 sequestrationem
624 1801 653 1857 et
667 1795 917 1857 substractionem
930 1794 1083 1860 fructuum

113 1905 129 1942 c
148 1883 267 1964 aliaque
275 1885 353 1964 juris
367 1885 514 1961 remedia,
530 1887 620 1946 etiam
634 1883 777 1965 usquead
789 1883 986 1964 privationem
998 1903 1083 1946 com·

117 1972 283 2052 «pellere3
307 1991 364 2034 nec
391 1974 600 2037 executionem
626 1972 728 2048 hanc,
751 1971 886 2053 quolibet
908 1972 1078 2054 privilegio,

116 2082 131 2118 n
153 2061 324 2138 licentiat„
344 2063 586 2142 exemptione...,
609 2061 758 2143 pactione,
783 2066 891 2122 statuto
911 2062 1084 2138 juramento

116 2170 130 2205 n
151 2156 204 2210 aut
227 2153 420 2230 quacumque
446 2151 620 2212 auctoritate
643 2150 843 2225 confirmato,
865 2150 1083 2212 consuetudine

112 2238 238 2300 uetiam
262 2239 492 2299 immemorabili
516 2241 601 2320 (quae
622 2238 721 2319 potihs
745 2237 914 2316 corruptela
932 2238 1083 2300 censenda

111 2346 129 2384 r
149 2329 219 2405 est),
237 2327 296 2386 sive
311 2327 509 2407 appellatione
524 2332 576 2388 aut
590 2325 781 2401 inhibitione,
797 2325 888 2385 etiam
903 2324 934 2384 iu
949 2326 1084 2388 Ronlanit

115 2435 129 2473 c
149 2414 292 2489 uur·ta...,
308 2415 452 2495 suspendi
468 2433 565 2496 posse.
583 2436 599 2473 n

149 2504 272 2565 Certum
295 2512 340 2564 est
365 2504 510 2583 parochos
533 2504 571 2565 ad
590 2502 782 2565 residentiam
807 2501 900 2564 teneri
922 2502 978 2564 sub
1003 2503 1084 2584 gravi

112 2599 259 2672 peccato:
285 2591 316 2652 in
338 2591 468 2672 praeiatis
490 2593 572 2654 enim
595 2591 718 2666 verbm,
746 2591 886 2671 Synodus
908 2591 1084 2654 Tridentino

108 2680 217 2741 eadem
242 2679 280 2740 de
305 2682 415 2742 curatis
440 2680 632 2743 inferioribus
658 2679 792 2742 decernit
815 2698 850 2742 ac
872 2679 910 2742 de
934 2681 1081 2756 Praelatis;

111 2770 203 2848 porrd
223 2767 261 2829 de
284 2769 347 2830 istis
370 2771 495 2850 loquens
513 2769 604 2851 pauld
629 2769 767 2850 superihs
791 2768 822 2829 in
843 2767 951 2830 eodem
969 2770 1080 2850 capite,

110 2858 142 2917 S.
157 2857 299 2937 Synodus
312 2857 438 2918 affirmat
453 2877 504 2944 eos
517 2858 652 2919 mortalis
662 2858 775 2939 peccati
788 2866 900 2918 rectum
917 2858 1081 2933 incurrere,

111 2945 1080 3026 sinonresidentiamassonciliostatutamobserventllrgoetc.

150 3038 221 3096 533.
246 3037 366 3104 Quarit.
387 3039 417 3094 l⁰
441 3039 485 3094 An
507 3035 629 3115 parochi
652 3035 689 3094 ad
711 3035 903 3096 residentiam
923 3040 1082 3098 teneantur

111 3121 177 3201 jure
191 3122 316 3182 divino?

151 3213 242 3290 Resp.
271 3211 303 3270 ld
330 3213 348 3272 h
376 3211 477 3272 multis
502 3210 642 3271 affirmari
668 3228 676 3269 :
709 3208 800 3269 etita
823 3226 888 3269 esse
914 3210 1081 3276 tenendum

111 3300 219 3362 asserit
233 3301 264 3360 S.
277 3300 414 3380 Lignea,
428 3299 480 3360 lih.
497 3302 527 3373 d,
543 3307 578 3358 n⁰
593 3301 660 3358 lat.

153 3386 299 3450 Probatur
312 3388 376 3448 haec
389 3387 537 3448 sententia
556 3387 691 3466 ipsismet
704 3386 800 3446 verbis
815 3385 938 3448 Concilii
952 3385 1080 3448 Triden-

112 3475 168 3538 tini
181 3475 299 3553 liciat:
320 3478 422 3536 uChm
435 3482 584 3555 praecepto
595 3475 696 3534 divino
711 3474 884 3534 mandatum
900 3474 939 3534 sit
959 3475 1080 3557 (inquit)

118 3563 307 3632 nomnibus.
324 3563 433 3644 quibus
455 3563 624 3624 animarum
649 3580 721 3622 orara
744 3563 905 3623 commissa
929 3570 988 3640 est,
1010 3582 1080 3628 oves

120 3673 134 3710 n
155 3669 225 3713 suas
240 3668 476 3732 cognoscere...;
489 3669 556 3730 quae
570 3651 672 3711 omnia
687 3668 877 3730 nequaquam
896 3651 984 3714 abiis
1001 3671 1079 3733 prae·

120 3763 133 3792 u
158 3739 265 3800 stari...
285 3744 410 3813 possunt
426 3783 434 3815 ‚
448 3739 498 3816 qui
527 3739 609 3816 gregi
637 3755 693 3799 suo
716 3756 777 3798 non
800 3739 957 3817 invigilant
980 3757 1078 3810 noque
