2616 4228
183 219 224 278 24
460 223 611 269 alermum
631 221 712 267 rolris
734 217 884 266 tancmer.

184 324 361 408 Episcopis'
351 340 400 402 Jus
414 340 476 384 non
490 321 655 402 accipiendi
671 322 753 402 leges
766 318 935 402 pontificias
949 324 979 381 et
998 326 1167 389 necessita-

185 421 247 477 tem
261 413 362 494 placiti
377 410 451 491 regii
466 411 603 483 sustinet,
618 409 681 471 zelo
694 407 904 471 ardentissimo
919 409 1080 490 amplexati
1097 423 1172 477 sunl

185 507 216 566 et
239 501 396 563 immensis
418 497 576 561 conatibus
599 501 829 579 propugnarunt
855 501 1003 577 quotquot
1026 503 1172 568 exstitero

185 590 376 654 Jansenianae
395 587 517 650 haeresis
537 593 567 650 et
586 587 742 667 gallicana
763 585 908 648 doctrinae
932 589 1062 664 patroni.
1087 593 1170 654 Inter

187 697 265 759 quos
291 677 396 740 Petrus
416 676 454 738 de
479 678 589 746 Merca,
622 695 682 737 an
706 679 822 757 Espcn.
850 673 961 735 Natalis
985 676 1170 759 Alexander,

188 767 332 830 Zalwein.
348 765 408 827 vid.
428 764 526 826 Bouix
542 763 589 846 (de
601 765 752 846 Princr‘p„
769 785 799 845 p.
817 767 885 837 lm,
902 762 987 844 etc).

226 864 336 926 Nititur
355 862 405 922 illa
430 861 577 922 sententia
597 864 628 923 1ο
649 861 771 923 Novella
797 860 839 924 Ut
857 862 943 942 foctoe
966 880 1063 938 nove,
1085 865 1172 942 Juxta

193 969 284 1034 quam
298 952 380 1031 leges
399 967 537 1011 caesareae
551 950 780 1032 promulganda
796 955 881 1012 erant
899 949 930 1010 in
949 950 1077 1030 singulis
1100 973 1172 1034 pro-

189 1040 305 1115 vinciis,
323 1057 379 1100 nec
393 1037 567 1118 obligabant
581 1039 637 1100 nisi
653 1045 720 1120 post
733 1039 810 1102 duos
825 1056 945 1100 menses
959 1041 976 1100 a
991 1042 1171 1122 promulga-

190 1129 282 1190 tione.
298 1127 410 1200 Porrd,
426 1125 478 1188 ubi
491 1144 553 1187 non
567 1126 652 1188 adest
665 1127 803 1207 specialis
817 1126 977 1207 dispositio
988 1125 1063 1206 legis
1076 1147 1172 1193 eano-

191 1217 276 1290 nicae‚
291 1215 433 1278 standum
446 1219 491 1276 est
504 1214 593 1292 civili,
611 1221 645 1278 ut
659 1215 785 1277 inlertur
802 1233 838 1277 ex
854 1233 920 1296 cap.
936 1214 975 1278 de
992 1215 1069 1278 Noc.
1088 1237 1170 1300 oper.

190 1305 322 1367 nuntiat.
351 1303 467 1384 inquo
492 1303 602 1365 dicitur
627 1323 634 1364 ε
667 1306 864 1366 «Sacrorum
884 1309 993 1366 statuta
1015 1323 1173 1369 canonum

195 1413 210 1452 a
230 1393 404 1474 principum
416 1392 683 1454 constitutionibus
698 1393 876 1472 adiutamur
889 1413 920 1454 n.
936 1395 969 1455 2⁰
983 1393 1056 1466 Ouia
1069 1395 1172 1475 publi-

191 1481 269 1544 cali'o
283 1480 478 1543 solummodo
490 1483 595 1542 Romae
610 1480 701 1559 lacta,
719 1500 781 1543 non
798 1481 917 1544 videtur
937 1499 1002 1544 esse
1021 1482 1172 1547 intimatio

192 1569 344 1632 sufficiens
362 1588 435 1650 erga
448 1575 541 1631 totam
557 1570 722 1632 Ecclesiam
740 1589 746 1630 :
763 1569 855 1650 nimis
871 1570 953 1631 enim
967 1569 1080 1633 durum
1094 1580 1173 1634 esset

193 1657 299 1720 fideles
309 1659 401 1720 totius
412 1658 492 1720 orbis
503 1658 660 1721 Christiani
673 1659 858 1739 adstringere
869 1658 907 1720 ad
919 1659 1080 1722 servandas
1091 1661 1173 1743 leges

192 1749 311 1808 tantbm
326 1751 429 1808 Romae
445 1747 620 1827 publicatas.
641 1769 657 1806 a
671 1747 729 1808 Sed
741 1749 824 1826 juxta
835 1747 913 1808 banc
924 1747 1117 1822 sententiam,
1134 1749 1175 1811 ait

194 1835 224 1896 S.
246 1835 364 1914 Liguor.
385 1835 467 1914 (libr.
489 1839 518 1913 l,
537 1839 598 1912 969,
616 1837 713 1916 excipi
735 1836 846 1897 debent
865 1835 959 1898 Bullae
977 1836 1096 1900 insertae
1106 1838 1173 1900 bul-

194 1923 284 1994 lario;
310 1923 457 2003 quoniam
479 1924 526 1984 bae
552 1931 622 1985 sunt
642 1926 704 2004 jam
728 1941 838 2004 corpus
861 1925 982 2006 legum3
1007 1929 1038 1988 et
1060 1925 1092 1987 in
1117 1925 1175 1990 hoc

195 2029 302 2074 omnes
316 2011 509 2083 conveniunt,
526 2019 561 2074 ut
573 2017 696 2074 testatur
710 2012 797 2074 Gard.
814 2015 911 2075 Petra.
946 2051 951 2060 ·

164 2147 166 2152 -
235 2111 280 2169 Ex
304 2109 448 2171 clausulis
471 2110 565 2172 Bullis
586 2109 706 2171 insertis
726 2111 811 2189 juxta
833 2129 908 2191 quas
936 2109 1043 2174 sufficit
1068 2129 1175 2176 earum

196 2198 358 2279 publicatio
371 2200 476 2260 Romae
492 2198 569 2260 facta
584 2245 594 2274 ‚
627 2221 642 2258 a
657 2201 736 2260 recte
752 2199 876 2261 firmum
890 2197 997 2261 adduci
1013 2205 1110 2280 potest
1124 2219 1176 2262 ar·

200 2307 215 2346 r
236 2294 416 2368 gumentum
435 2306 490 2368 pro
511 2289 617 2370 primae
638 2288 754 2370 (buius)
776 2291 932 2350 sententiae
954 2285 1175 2370 probabilitate,

201 2397 216 2434 r
236 2383 376 2458 respectu
391 2377 428 2438 ad
441 2377 541 2440 Bullas
554 2377 605 2439 ubi
621 2377 771 2459 praedictae
784 2377 925 2440 clausulae
938 2378 1059 2456 desunt,
1076 2379 1178 2460 inquit

202 2469 269 2528 rS.
286 2468 409 2548 Lignor.
422 2467 501 2548 (libr.
525 2471 537 2528 l
546 2471 646 2546 ,;969
672 2467 745 2528 nihil
766 2467 848 2528 enim
874 2467 905 2526 in
926 2467 1044 2548 legibus
1066 2467 1177 2532 frustra

202 2557 408 2636 «appositum
432 2557 684 2656 supponendum3
709 2562 739 2618 et
726 2557 901 2619 telausulae
927 2555 1053 2618 omnino
1076 2565 1178 2620 essent

203 2667 218 2704 a
240 2643 418 2724 superflua,
433 2645 457 2705 si
472 2663 580 2706 omnes
595 2645 687 2708 Bulla
699 2649 802 2707 Romae
818 2646 987 2726 publicatae,
1005 2631 1096 2707 etiam
1111 2647 1178 2710 sine

204 2755 219 2792 a
241 2733 349 2794 talibus
362 2733 503 2796 clausulis
510 2735 701 2834 ‚obligarent
715 2735 784 2798 ante
798 2734 963 2816 quamlibet
975 2735 1064 2796 aliam
1079 2735 1178 2815 publi-

204 2844 219 2880 a
240 2828 287 2883 cat
289 2823 390 2883 ionem
401 2823 432 2883 in
446 2823 628 2902 provinciis;
645 2823 736 2885 modo
751 2821 872 2904 (excipit
890 2822 1088 2906 Boncaglia)
1081 2823 1178 2885 mali·

206 2932 220 2970 r
241 2929 301 2992 quo
316 2911 383 2972 loeo
402 2912 590 2974 consuetudo
609 2923 671 2974 non
689 2912 802 2993 vigeret
815 2911 1020 2974 indifferenter
1040 2912 1178 2994 amplec-

205 3021 221 3059 ιι
240 3000 323 3061 tendi
342 3000 446 3062 Bullas
464 3003 568 3063 Romae
588 3020 781 3084 quocumque
802 3001 894 3064 modo
912 3000 1175 3084 promulgatas¹.r

241 3101 291 3160 39.
315 3097 453 3160 Secunda
472 3099 621 3160 sententia
640 3101 743 3180 quaea
764 3100 795 3162 S.
816 3099 937 3181 Liguor.
954 3103 1077 3162 vocatur
1094 3099 1181 3160 valde

202 3187 424 3250 commemoret
443 3187 637 3270 probabilior,
656 3193 738 3250 tenet
758 3188 840 3270 leges
856 3187 1024 3270 pontificias
1045 3185 1181 3270 obligare

236 3427 318 3478 ⁴«ln
344 3427 444 3490 Galliis,
470 3427 552 3495 inquit
572 3428 747 3496 Lequeuxln⁰
768 3429 806 3489 19,
824 3427 947 3492 aneon}
965 3428 1090 3480 ordinarie
1109 3444 1181 3482 nova

205 3517 218 3547 ι
235 3498 426 3550 constitutiones
436 3501 467 3552 ad
475 3500 632 3582 disciplinam
644 3505 783 3567 spectantes
794 3515 844 3550 non
856 3505 989 3550 censentur
1000 3500 1112 3566 obligare
1123 3509 1181 3596 anta¹

207 3587 217 3618 ι
236 3570 480 3635 promulgationem
474 3587 499 3620 ιιι
513 3572 676 3636 provinciis..

238 3659 248 3688 ι
268 3641 320 3691 llixi
335 3641 475 3693 ordinarie:
488 3641 544 3707 quia
558 3658 607 3693 non
623 3656 743 3708 negamus
755 3642 817 3693 tales
836 3641 940 3694 existere
955 3657 1028 3708 posse
1041 3647 1179 3707 temporum

209 3730 218 3761 ι
236 3712 422 3764 circumtantras
441 3729 496 3780 quae
520 3713 624 3765 remedii
643 3713 786 3766 dilationem
810 3729 860 3767 non
884 3715 1039 3782 patiantur...
1056 3714 1133 3776 Nam,
1154 3720 1179 3766 ut
