2548 4216
189 257 249 316 380
467 263 618 309 araneum
638 262 721 308 rums
740 260 889 308 canonici.
908 249 910 254 '

192 371 274 434 nullo
293 370 380 432 titulo
402 369 528 432 debetur
548 366 680 442 oblatio,
697 367 721 426 si
741 364 872 429 offerens
887 367 1025 447 expresse
1039 367 1124 430 dicat
1138 384 1168 430 se

190 459 264 522 velle
274 460 346 521 dare
361 457 507 520 sacerdoti
520 455 709 518 lunationem
724 473 839 516 sacram
855 454 1023 535 peragenti,
1037 455 1169 518 adhunc

191 567 252 609 non
268 548 304 610 ad
318 547 483 628 parocbum
496 545 608 608 oblatio
623 551 697 605 tunc
710 542 883 623 pertinebit.

230 638 430 719 llegutariter,
445 634 612 697 oblationes
624 650 692 714 quae
706 631 785 694 fiunt
798 630 886 693 alicui
901 631 1024 714 capellae
1036 633 1085 695 vel
1097 633 1169 696 ima·

191 726 253 807 gini
266 725 401 788 ecclesie
415 722 605 805 parochialis,
620 721 667 783 vel
683 721 772 782 alicui
787 719 919 782 oratorio
934 728 1017 782 extra
1032 723 1103 802 ejus
1114 741 1169 785 arn·

193 815 300 880 bitum.
313 814 350 876 ab
361 811 555 874 offerentibus
564 810 752 872 destinantur
762 809 800 871 ad
810 815 1026 871 ornamentum
1035 811 1167 893 capelle,

191 902 343 984 imaginis,
360 909 410 963 aut
425 898 564 976 oratorii3
580 898 617 960 ad
632 897 799 979 parochum
813 902 917 959 tamen
934 897 1070 978 pertinet
1083 898 1170 962 admi-

192 993 318 1054 nistrare
332 988 507 1068 hujusmodi
517 987 697 1050 oblationes.

232 1081 354 1152 Quaerit.
374 1083 404 1141 l⁰
421 1082 465 1138 An
478 1077 645 1140 oblationes
660 1075 819 1155 exjustitia
836 1075 1026 1140 debeantur?
1262 1143 1263 1150 ,

231 1171 321 1249 Resp.
345 1171 450 1248 Neque
467 1167 535 1245 jure
550 1165 652 1227 divino
674 1182 774 1246 neque
794 1163 929 1227 humano
950 1165 1049 1227 teneri
1072 1165 1172 1228 fideles
1262 1153 1263 1200 ³

192 1258 230 1321 cd
247 1258 311 1319 illas
326 1255 495 1330 iaciendas,
511 1253 714 1317 communiter
728 1252 865 1315 docetur.
883 1255 1092 1335 balearem,
1107 1256 1171 1318 Les·

207 1347 266 1421 ins,
283 1345 427 1419 Ba'rbosa,
438 1351 510 1420 etc,
523 1351 629 1406 contra
644 1341 792 1424 quosdam
806 1341 890 1403 alios.

236 1438 265 1498 l⁰
278 1435 456 1498 Ordinarius
479 1451 542 1495 non
565 1439 663 1514 potest
685 1430 750 1492 illas
773 1430 900 1493 reddere
922 1430 1132 1513 obligatorias,
1151 1434 1172 1495 si
1262 1471 1263 1504 1

193 1525 314 1588 aliunde
335 1543 397 1587 non
421 1521 498 1584 desit
517 1539 653 1601 congrua
667 1519 744 1581 Cleri
763 1518 958 1598 sustentatio,
974 1521 1046 1602 quia
1068 1522 1097 1584 ei
1116 1540 1172 1583 non

192 1613 260 1676 licet
277 1614 315 1676 de
334 1614 422 1674 bouis
442 1609 657 1692 temporalibus
672 1607 916 1678 dioecesanorum
936 1627 993 1690 pro
1013 1609 1105 1673 libitu
1123 1610 1173 1671 dis·

192 1729 317 1793 ponere,
335 1710 387 1772 sed
409 1707 578 1770 [antuman
598 1704 697 1768 causis
715 1711 746 1766 et
766 1705 798 1766 in
815 1704 936 1768 casibus
957 1707 974 1768 a
990 1706 1064 1786 jure
1083 1708 1174 1770 deter-

194 1800 325 1860 minatis

233 1891 267 1948 2⁰
285 1887 410 1948 Parochi
431 1906 493 1949 non
511 1888 639 1968 possunt
658 1881 795 1964 accipere
811 1881 925 1964 aliquid
941 1885 958 1945 a
975 1891 1089 1965 sponte
1110 1885 1174 1948 dan·

195 1975 275 2036 tibus
286 1994 342 2057 pro
356 1973 617 2037 administratione
631 1977 891 2033 sacramentorum
904 1991 911 2048 ;
929 1981 1062 2053 possunt
1076 1981 1174 2036 tamen

192 2064 331 2146 accipere
348 2064 429 2144 quod
446 2069 553 2145 sponte
567 2079 622 2142 pro
639 2061 833 2141 eleemosyna
852 2059 988 2124 offertur.
1006 2063 1038 2124 S.
1065 2065 1172 2143 Congr.

193 2153 299 2227 Cone,
315 2157 333 2215 5
348 2151 423 2215 febr.
441 2155 528 2215 1593.

234 2245 267 2304 3ο
280 2240 506 2304 consuetudine
520 2237 623 2301 induci
642 2242 741 2320 potest
758 2237 902 2320 obligatio
917 2244 1014 2301 certas
1028 2246 1061 2301 et
1083 2240 1176 2304 deter·
1261 2265 1262 2310 t

194 2331 324 2392 minatas
334 2329 501 2391 oblationes
511 2326 652 2390 faciendi.
1261 2315 1262 2338 ¹

233 2423 360 2501 lnsuper
383 2420 415 2480 in
437 2417 547 2500 triplici
568 2434 641 2480 casu
663 2415 832 2479 oblationes
855 2415 1031 2478 debentur:
1054 2420 1088 2480 1·
1109 2421 1176 2484 cbm

192 2507 341 2570 debentur
358 2526 412 2589 per
432 2506 558 2568 modum
580 2505 702 2580 census,
715 2505 871 2587 pensionis
889 2511 940 2567 aut
963 2508 1177 2570 conventionis

194 2602 281 2658 antea
293 2596 377 2658 laetae
387 2614 457 2659 cum
468 2593 603 2658 Ecclesia
615 2614 623 2670 ;
639 2597 673 2656 2⁰
684 2593 756 2656 cbm
766 2593 916 2656 debentur
930 2611 966 2655 ex
977 2599 1175 2672 testamento,

195 2683 305 2765 legato,
330 2685 513 2758 donatione;
534 2686 566 2745 3⁰
586 2682 661 2745 dum
684 2681 822 2744 minister
841 2682 976 2744 ecclesiae
998 2700 1064 2745 non
1089 2683 1178 2747 habet

194 2790 360 2851 congruam
384 2771 651 2849 sustentationem,
670 2777 701 2833 et
722 2771 780 2852 ipsi
800 2777 927 2853 possunt
945 2769 1114 2836 subvenire
1136 2792 1179 2854 pa

194 2859 342 2922 rochiani.
367 2861 451 2922 Circa
473 2859 662 2940 oblationes,
690 2859 758 2922 vide
786 2859 911 2941 insuper
939 2858 1074 2923 dicenda
1102 2862 1177 2925 inira

196 2950 279 3033 (779,
293 2947 379 3032 ete).

234 3039 356 3112 Quaerit.
369 3043 403 3100 2⁰
422 3038 580 3113 Quomodo
599 3037 631 3099 in
650 3036 746 3100 Gallie
761 3037 811 3116 ius
823 3036 1030 3119 parochorum
1045 3038 1087 3100 ad
1101 3038 1177 3102 obla·

194 3128 541 3191 tionesdeterminetur‘l

234 3219 324 3298 Resp.
341 3216 550 3280 Gubermum
543 3235 575 3278 m
590 3215 685 3278 Gallia
698 3214 756 3277 sibi
775 3214 932 3277 reservat
922 3232 972 3293 Jus
986 3215 1176 3298 approbandi

194 3307 240 3369 vel
252 3307 407 3398 rejiciendi
420 3307 641 3388 Episcopornm
659 3303 698 3366 de
716 3301 920 3365 oblationibus
938 3301 1173 3384 dispositioncs:

198 3413 215 3454 a
235 3395 292 3455 Les
306 3383 444 3475 ldveques
458 3393 632 3475 redigerent
644 3391 688 3454 les
701 3393 815 3474 projets
830 3389 868 3453 de
882 3391 934 3453 reu
917 3389 1176 3471 lemeutrelatifs

200 3504 216 3544 a
237 3501 295 3545 aux
309 3483 458 3546 oblations
471 3502 532 3564 que
544 3483 587 3544 les
599 3481 753 3544 ministres
765 3480 806 3544 du
818 3480 899 3543 culte
911 3487 1015 3542 serent
1027 3482 1175 3545 autorisds

200 3572 408 3632 ubreeevoir
428 3591 506 3654 pour
530 3569 792 3634 l’administration
818 3569 872 3632 des
899 3571 1176 3632 sacramentales

199 3680 217 3719 c
238 3659 348 3738 projets
368 3659 406 3720 de
424 3660 591 3761 reglement
609 3658 728 3740 re'digds
746 3677 800 3741 par
819 3658 864 3720 les
877 3641 1018 3740 ldvdques
1036 3677 1077 3722 ne
1090 3676 1176 3742 pour

202 3766 218 3807 ι
238 3751 308 3807 ront
321 3747 383 3808 dtre
394 3747 523 3828 publiea,
540 3767 572 3810 nr
564 3749 752 3810 'autrement
765 3746 822 3809 mis
832 3748 849 3809 a
860 3746 1021 3809 execution
1035 3767 1079 3826 qu
1081 3747 1175 3824 ’apres

422 3887 467 3898 ...,
490 3882 580 3900 -ι-ἣ,
596 3892 624 3901 ,—
