2590 4214
188 175 248 233 rad
462 187 615 233 rasuram
635 157 718 230 ranas
739 183 890 232 canonrcr.

228 287 360 348 Exlure
384 289 523 348 Romano
543 286 582 348 ab
604 285 737 347 Ecclesia
759 281 910 361 admisso,
931 285 1128 350 domicilium
1144 289 1177 352 in

189 392 251 454 quo
266 378 494 452 paternusavus
508 380 671 448 natusest,
686 378 783 454 potest
797 390 863 434 esse
874 373 1067 441 domicilium
1079 377 1177 458 origi·

191 461 237 546 nis
248 461 367 542 nepotis
378 509 387 541 ,
400 463 492 525 modd
505 463 561 525 iste
575 467 741 544 conceptus
756 463 862 524 saltem
878 461 988 538 luerit,
1003 481 1061 524 avo
1075 465 1178 528 adhuc

191 550 317 613 vivente.

230 643 265 700 2⁰
284 641 324 702 tJt
346 639 513 722 Episcopus
534 639 670 722 legitime
697 638 828 719 aliquem
850 637 993 700 ordinare
1016 641 1117 719 possit
1134 661 1179 704 ra

192 725 275 788 tione
288 725 450 805 domicilii,
465 729 630 809 requiritur
645 735 676 789 ut
690 725 897 798 ordinandus,
913 725 985 787 alibi
1001 736 1105 803 natus,
1121 729 1179 792 do-

193 814 339 878 micilium
355 816 395 878 it'a
410 816 554 879 stabiliter
572 816 603 878 in
622 815 743 878 dioecesi
758 815 850 893 hujus
864 814 1006 897 Episcopi
1019 819 1178 891 statuerit,

200 927 215 962 α
235 911 268 966 ut
282 905 326 966 vel
342 923 396 986 per
409 905 591 967 decennium
608 905 713 966 saltem
728 901 759 964 in
774 904 810 964 et
830 901 1006 980 habitando,
1017 904 1067 966 vel
1085 907 1181 985 majo·

198 1015 213 1050 u
234 1011 299 1054 rem
318 1011 421 1056 rerum
435 1012 471 1056 ac
488 993 638 1055 bonorum
660 1009 787 1060 suorum
803 995 916 1070 partem
934 1009 1005 1052 cunr
1020 991 1181 1056 instructis

198 1103 214 1138 u
234 1081 349 1145 aedibus
367 1080 398 1142 in
417 1081 518 1144 locum
533 1079 706 1159 huiusmodi
728 1075 947 1155 transferendo,
964 1077 1071 1160 ibique
1091 1080 1180 1144 insn-

198 1187 289 1250 «per
315 1187 370 1250 per
396 1169 519 1250 aliquod
546 1167 764 1231 considerabile
789 1173 909 1247 tempus
928 1169 1179 1244 commorando,

199 1278 215 1313 a
234 1257 306 1318 satis
327 1275 479 1338 superque
497 1275 587 1319 sunm
602 1257 747 1338 perpetuo
764 1255 876 1316 ibidem
894 1256 1098 1336 permanendi
1114 1257 1181 1318 ani-

200 1368 215 1402 c
236 1363 321 1407 mum
335 1345 582 1410 demonstraverit
596 1367 611 1404 n
631 1343 936 1426 (quasi-domicilium
953 1361 1027 1423 ergo
1044 1363 1109 1406 non
1124 1345 1183 1407 sul·

197 1433 260 1496 licit
286 1433 324 1496 ad
349 1435 471 1498 ordines
499 1434 607 1498 alicubi
632 1431 861 1514 recipiendos);
886 1453 901 1490 o
922 1438 954 1494 et
976 1433 1182 1496 nihilominus

200 1544 215 1581 a
236 1521 362 1585 ulterius
372 1529 503 1604 utroque
513 1541 596 1598 casu,
610 1539 642 1582 se
656 1523 726 1583 verb
739 1526 770 1582 et
781 1520 899 1582 realiter
914 1520 1053 1582 animum
1070 1520 1182 1600 hujus·

201 1610 318 1671 rmodi
342 1611 453 1673 habere
478 1609 676 1690 J’urejurando
703 1609 878 1672 affirmet.»
904 1611 947 1670 lta
970 1609 1097 1671 Constit.
1130 1613 1181 1672 ln·

185 1718 266 1762 noc.
284 1703 337 1760 llll
352 1700 443 1762 modd
456 1701 556 1775 citata,
572 1699 587 1780 5
601 1704 631 1761 5.

239 1789 366 1874 Additur
381 1789 412 1849 in
425 1789 531 1851 eadem
542 1787 668 1850 Constit.
685 1787 717 1866 (ᾖ
730 1789 785 1863 tii:
804 1787 863 1847 «Si
878 1785 947 1866 quis
961 1791 1066 1848 tanmn
1081 1789 1096 1848 a
1113 1807 1183 1868 pro

203 1900 217 1935 o
238 1877 311 1956 priaa
337 1877 463 1956 originis
482 1877 549 1938 loco
570 1877 601 1937 in
622 1877 658 1936 ea
676 1881 762 1938 aetate
780 1873 951 1936 discesserit
969 1877 1031 1954 qna
1048 1877 1183 1955 potuerit

91 2013 93 2018 s
203 1964 329 2025 «alicui
354 1966 502 2026 canonico
531 1964 750 2046 impedimento
777 1962 927 2025 obnoxius
956 1962 1059 2037 effici,
1088 1965 1182 2026 etiam

204 2051 389 2114 «ordinarii
411 2071 473 2115 suaa
502 2054 628 2134 originis
653 2051 870 2114 testimoniales
893 2049 1046 2114 litteras.2.
1073 2053 1184 2116 afferre

204 2165 218 2198 a
238 2141 379 2217 debebit,
401 2160 437 2204 ac
456 2141 495 2204 de
516 2141 573 2203 illis
593 2159 771 2220 expressa...
788 2139 904 2200 mentio
920 2138 952 2200 in
966 2147 1183 2221 susceptorum

204 2253 218 2287 u
239 2229 381 2292 ordinum
396 2230 502 2292 litteris
515 2229 652 2292 iacienda
666 2234 721 2290 est.
736 2249 752 2288 a

241 2318 367 2390 Quando
385 2324 487 2381 autem
512 2318 581 2400 quis
599 2318 710 2398 duplex
731 2315 919 2379 domicilium
938 2315 1047 2392 habet,
1068 2318 1186 2400 duplex

200 2411 246 2469 est
259 2406 394 2486 ejusdem
410 2407 579 2488 Episcopus
592 2405 750 2468 domicilii.

241 2499 272 2556 3⁰
294 2494 332 2558 Ut
345 2495 414 2576 quis
432 2491 527 2576 possit
547 2494 680 2556 ordinari
694 2493 781 2555 titulo
794 2493 951 2570 bcneiicii,
970 2493 1140 2576 requiritur
1154 2505 1185 2558 ut

203 2581 383 2645 beneficium
397 2582 637 2663 actu-possideat,
655 2580 736 2662 quod
749 2579 785 2641 de
796 2599 840 2657 se,
862 2581 1002 2642 detractis
1023 2583 1185 2662 oneribus,

202 2671 329 2734 sutiioiat
347 2671 386 2732 ad
405 2689 573 2751 congruam
591 2669 686 2752 ipsius
704 2669 955 2732 sustentationem
972 2667 1187 2754 sine‘supple·

203 2766 306 2821 mento
320 2759 505 2840 patrimonii.

241 2853 276 2909 4⁰
296 2847 432 2908 initiatus
449 2850 575 2910 tonsura
593 2849 640 2912 vel
655 2848 825 2910 minoribus
838 2850 856 2908 a
871 2847 994 2927 proprio
1010 2848 1186 2931 Episcopo,

203 2955 265 2998 non
280 2941 377 3018 potest
397 2936 522 2998 ulterius
536 2937 669 2998 ordinari
690 2935 728 2997 ab
747 2937 824 3014 alia,
843 2935 930 2998 titulo
946 2933 1113 3014 beneficii,
1129 2939 1187 3001 nisi

204 3024 342 3086 exhibitis
363 3025 448 3106 prius
469 3025 574 3086 litteris
590 3024 843 3087 testimonialibus
865 3023 1025 3104 Episcopi,
1046 3028 1112 3086 tam
1127 3029 1187 3090 ori-

205 3115 283 3193 ginis
297 3115 390 3194 qnam
404 3113 549 3177 domicilii
562 3159 570 3190 ‚
585 3131 676 3194 super
690 3111 753 3176 suis
767 3111 928 3190 natalibus,
943 3119 1032 3174 aetate
1046 3119 1080 3176 et
1093 3117 1187 3177 mori-

205 3202 262 3264 bus
276 3202 412 3281 (Constit.
428 3201 641 3284 Speculatores,
657 3201 729 3284 §3).

244 3293 318 3352 Item
333 3291 478 3352 ordinans
498 3290 584 3352 titulo
602 3289 811 3353 familiaritatis
830 3289 920 3354 debet
934 3301 1060 3372 exigere
1074 3292 1188 3358 litteras

210 3379 421 3440 ‚estimoniales
435 3378 575 3459 Episcopi
591 3379 716 3460 originis
729 3387 760 3441 et
773 3379 931 3447 domicilii.

246 3471 281 3527 5⁰
301 3467 469 3548 Episcopus
482 3468 610 3548 eripiaris
623 3471 684 3530 sive
698 3468 846 3534 domicilii·
857 3475 954 3550 potest
971 3470 1069 3532 asnis
1085 3473 1188 3535 subdi·

207 3553 257 3626 tis,
268 3555 357 3612 etiam
373 3573 443 3616 oum
457 3557 513 3618 sut
524 3557 692 3618 dimissoria
707 3557 745 3617 ab
754 3556 852 3618 alieno
866 3557 1018 3638 Episcopo
1027 3561 1187 3640 ordinatis,

210 3643 310 3716 petere
324 3645 358 3700 ut
371 3639 448 3703 intra
461 3643 584 3724 aliquod
597 3650 717 3727 tempus
731 3645 890 3708 exhibeant
902 3645 1047 3709 ordinum
1059 3667 1188 3732 suscep-
