2616 4228
515 245 609 288 cnrur
630 246 813 293 rnommmu.
1111 242 1148 298 5'l

173 362 189 404 s
215 341 318 401 mnire
336 339 431 421 iisque
450 340 621 423 (ἰθεοςθνθ,1
642 346 765 426 quando
781 348 861 425 justa
881 346 912 408 id
932 347 1024 428 exigit
1042 368 1149 429 causa,

174 437 304 507 «prout
328 437 496 509 agnoscunt
521 431 715 496 ecclesiastici
736 435 814 514 juris
837 437 1013 518 interpretes
1042 457 1048 496 :
1079 457 1150 501 nam

174 539 189 574 o
211 517 347 578 Pontifex
364 521 517 581 Romanus
533 539 684 584 summam
700 528 916 605 potestatem...
933 544 1089 605 nunquam
1110 529 1149 591 ita

175 631 189 661 c
212 613 348 687 potest...
363 609 380 668 a
394 627 426 669 se
440 608 592 687 abdicare,
604 619 655 673 aut
667 613 750 674 alteri
764 614 947 694 cuicumque
960 613 998 674 ita
1015 633 1151 678 commu-

175 717 190 754 α
213 695 334 771 nicam,
353 703 385 758 ut
400 715 461 760 non
476 699 621 778 majorem
636 701 736 762 adbuc
751 703 915 764 retineat.»

211 787 276 847 Nec
299 785 412 862 obstat,
435 787 553 868 inquit,
573 789 657 868 qudd
677 790 899 852 Concordatum
920 791 957 852 sit
979 798 1101 870 pactum
1123 799 1152 856 ct

173 875 267 953 pactis
282 875 320 934 sit
332 874 484 938 standum.
500 909 536 924 --
547 879 624 939 Nam
642 899 648 938 :
667 881 699 940 l⁰
713 879 947 942 controvertitur
961 880 1065 941 utrirm
1080 881 1150 942 Con·

171 962 295 1023 cordata
318 963 446 1026 dicenda
467 965 527 1026 sint
548 985 617 1028 vcra
638 973 734 1048 pacta.
757 1001 795 1016 -
819 968 875 1040 Oui
893 975 1022 1048 negant,
1047 967 1152 1032 dicunt

171 1051 338 1131 spiritualia
354 1053 411 1114 sub
429 1062 618 1117 contractum
633 1073 694 1118 non
712 1076 800 1138 posse
814 1057 921 1119 cadere
934 1076 942 1117 :
957 1056 1038 1120 unde
1053 1058 1152 1138 potius

171 1140 300 1202 dicenda
322 1149 394 1203 sunt
416 1143 592 1228 priuilegia;
618 1146 709 1226 porrd
728 1146 883 1227 privilegia
902 1163 938 1208 ex
960 1146 1040 1225 gravi
1062 1150 1152 1210 causa

173 1231 305 1293 revocari
321 1240 456 1312 possunt.
485 1237 518 1294 2⁰
533 1231 678 1316 Princeps
690 1254 867 1315 supremus,
881 1236 966 1314 juxta
980 1235 1152 1316 complures

171 1320 331 1396 doctoreS‚
346 1321 491 1402 derogare
505 1329 603 1404 potest
620 1324 656 1386 iis
671 1325 775 1386 saltem
791 1324 982 1404 pactionibus
994 1343 1069 1404 quas
1082 1343 1152 1390 cum

171 1409 301 1471 subditis
320 1410 403 1484 iniit,
423 1413 448 1473 si
470 1412 643 1494 gravissima
659 1413 731 1474 boni
746 1412 860 1494 publici
881 1432 970 1474 causa
989 1413 1089 1492 exigat
1100 1434 1108 1486 ;
1123 1420 1153 1475 et

174 1502 204 1562 in
219 1499 364 1562 omnibus
378 1501 483 1581 pactis,
498 1520 567 1582 quae
580 1502 635 1562 init
647 1504 678 1564 S.
691 1500 839 1572 Pontifex,
854 1520 974 1582 semper
990 1501 1153 1563 includitur

173 1590 238 1650 lraec
254 1589 388 1652 conditio
405 1609 412 1652 :
428 1590 491 1652 uisi
504 1589 592 1652 uliud
604 1590 739 1672 requirat
750 1610 835 1652 causo
850 1589 951 1672 procis
969 1597 1000 1652 et
1017 1599 1153 1650 extruer-
1195 1663 1200 1671 ,

172 1677 296 1741 (linario
317 1679 387 1740 boni
398 1679 559 1742 communis
571 1679 716 1742 Ecclesia
737 1681 848 1756 (Suae,
864 1678 899 1740 de
912 1677 1031 1758 Lepid„
1048 1677 1099 1740 lib.
1116 1682 1151 1754 8,

172 1787 241 1849 cap.
260 1772 311 1843 37,
326 1777 359 1830 n⁰
373 1773 407 1842 55
425 1770 456 1832 S.
468 1768 605 1850 Liguor„
619 1768 655 1830 de
668 1767 831 1851 Privilep.,
845 1768 910 1850 xv).
924 1771 956 1828 3⁰
972 1767 1025 1829 Vel
1039 1766 1095 1828 tale
1109 1774 1154 1829 est

173 1855 397 1920 Concordatum
412 1858 494 1939 qood
510 1858 582 1920 nibil
598 1858 680 1920 aliud
697 1858 834 1938 exigatur
852 1859 869 1919 a
891 1864 1000 1939 gente,
1021 1859 1153 1938 quacum

174 1948 281 2024 initur,
297 1946 354 2008 nisi
369 1947 451 2028 qudd
463 1946 585 2010 aliunde
599 1948 664 2028 ipsa
677 1947 767 2010 debet
780 1946 939 2022 Ecclesiae,
953 1947 998 2008 vel
1011 1965 1066 2027 per
1078 1947 1154 2008 Con·

172 2036 333 2099 cordatum
348 2036 512 2118 imponitur
525 2035 597 2100 huic
611 2037 692 2117 genti
707 2055 785 2099 onus
803 2035 992 2098 indebitum:
1008 2036 1039 2095 in
1056 2035 1154 2114 primo

172 2144 259 2202 casu,
271 2126 495 2189 concordatum
508 2144 570 2188 non
584 2128 645 2188 lam
660 2132 705 2188 est
720 2132 841 2206 pactum
854 2143 890 2186 ex
900 2129 985 2205 parte
999 2122 1154 2184 Pontificis

172 2219 267 2297 quim
281 2216 436 2280 concessio
449 2215 606 2297 privilegii.
622 2218 656 2278 ln
670 2214 804 2278 secundo
818 2232 908 2287 casu,
926 2231 987 2273 non
1003 2218 1048 2272 est
1062 2212 1153 2272 etiam

171 2313 345 2369 contractus
368 2305 490 2388 proprie
512 2304 627 2379 dictus,
654 2305 725 2366 eum
749 2301 915 2384 spiritualia
937 2299 1154 2380 temporalibus

170 2395 343 2478 comparari
359 2399 519 2476 nequeant.
545 2393 693 2462 Standum
712 2397 815 2452 tamen
837 2395 883 2450 est
906 2388 1076 2469 promissis,
1101 2389 1152 2449 sed

170 2485 382 2548 subaudienda
406 2502 526 2565 semper
548 2481 682 2544 conditio
711 2499 718 2542 :
745 2479 807 2541 nisi
828 2477 916 2540 aliud
937 2477 1042 2559 culpat
1065 2495 1152 2540 conso

169 2576 276 2658 prucis
303 2583 331 2636 et
360 2571 606 2636 eutroordinorio
635 2569 704 2632 doni
726 2568 897 2631 communis.
932 2566 1000 2629 Vid.
1028 2566 1137 2647 insupe

171 2665 312 2729 Proelcct.
335 2665 370 2726 S.
391 2663 523 2746 Salpia,
549 2671 583 2722 n⁰
602 2665 666 2736 643
691 2665 721 2721 et
743 2659 830 2721 Card.
857 2657 973 2739 Soglia,
995 2657 1069 2719 lust.
1080 2657 1139 2737 jur

169 2755 271 2844 publ,
287 2754 302 2835 5
316 2757 365 2827 60,
374 2752 427 2815 ubi
438 2753 548 2814 dicitur
558 2771 587 2812 :c
598 2749 784 2812 concordata
797 2747 945 2810 rationem
959 2745 1073 2806 habent
1087 2762 1151 2827 non

172 2871 189 2904 o
211 2842 376 2926 privilegii,
392 2841 444 2904 sed
459 2841 557 2922 pacti3
573 2845 679 2920 estque
693 2837 767 2899 illud
780 2843 904 2918 pactum
919 2852 982 2895 non
997 2841 1148 2914 tempora·

173 2959 189 2992 n
210 2935 292 2996 rium
308 2931 353 2994 rel
368 2930 541 3012 personale,
556 2928 609 2992 scd
624 2927 704 2990 reale
719 2945 754 2988 ac
769 2933 964 3008 perpetuum,
983 2921 1065 3004 quod
1078 2921 1148 2983 reli-

172 3049 188 3083 «
210 3024 293 3104 giosc
318 3019 541 3083 observandum
567 3024 650 3081 θεῖ...
676 3015 735 3079 nisi
758 3014 840 3078 aliud
862 3013 961 3094 exigat
983 3028 1148 3075 commune

173 3136 188 3172 n
210 3114 327 3175 bonum
343 3109 493 3172 Ecclesiae.
509 3128 525 3168 o

615 3253 634 3334 s
654 3255 688 3316 u.

501 3382 546 3445 De
558 3384 629 3444 Iure
641 3379 805 3464 pellicano.

209 3537 277 3597 llfi.
301 3529 423 3605 Quaerit.
440 3533 472 3592 l⁰
486 3530 631 3601 Quaenam
646 3527 685 3589 sit
700 3533 780 3589 recta
792 3525 875 3590 notin
886 3526 963 3609 juris
977 3528 1142 3609 gallicani?

209 3627 298 3704 Resp.
319 3617 595 3698 «Quidam‚inquit
609 3619 645 3679 D.
662 3616 758 3679 Bouix
773 3615 818 3695 (de
829 3616 1012 3699 Principiis,
1032 3638 1061 3697 p.
1077 3621 1138 3694 84),

173 3736 187 3772 ι
209 3713 361 3774 linxerunt
376 3713 406 3771 l⁰
416 3710 464 3786 jus
479 3706 661 3788 gallicanum
675 3725 736 3767 non
755 3706 808 3768 niti
823 3706 996 3768 auctoritate
1010 3707 1042 3766 S.
1058 3705 1137 3765 Pon-
