2526 4210
470 265 557 308 ercan
578 265 696 312 antuus.
1015 259 1072 317 lun

91 372 139 436 sia
155 387 218 432 non
230 367 357 429 omnino
371 370 450 426 esset
464 365 673 445 independens
688 369 705 429 a
719 369 853 432 saeculari
871 374 1034 452 potestate,
1051 373 1072 430 si

94 478 153 542 per
166 473 326 520 recursum
337 453 373 514 ad
387 453 554 533 principem
565 457 866 535 temporalem,actns
877 459 1074 539 Superiorem

94 545 373 613 ecclesiasticorum
393 541 545 602 retraetari
564 542 723 608 deberent..
739 549 772 606 Et
791 548 862 609 verb
883 547 1075 608 saecularibu-¹

92 633 288 700 -sntoleranda
303 631 458 710 usurpatio
472 630 641 707 videretur,
663 634 744 714 qudd
760 640 845 697 actus
865 635 958 696 civilis
977 635 1056 694 admi

105 723 287 790 listrationis
310 719 350 781 ab
373 717 526 799 Episcopis
549 719 794 785 reformarentur.
820 727 900 804 Ergo
922 725 941 785 la
964 722 1078 782 sortior

97 820 330 878 monstruosum
345 807 418 888 quid
433 813 462 868 et
476 807 649 870 damnabile
667 809 771 872 haberi
785 811 875 873 debet
894 810 976 892 qudd
994 814 1080 871 actor
1180 869 1190 875 ,

99 901 299 981 Superiorem
324 895 598 958 ecclesiasticorum
624 897 827 961 reformentur
851 901 867 962 a
887 896 1080 961 saecularibus

97 987 337 1069 magistratibus.
355 986 463 1045 Nonne
475 983 558 1044 enim
573 985 649 1048 sicut
665 993 892 1050 monstruosum
907 995 984 1049 esset
997 985 1080 1067 qudd

97 1077 206 1140 anima
221 1074 364 1156 subderet
374 1073 505 1152 corpori,
520 1073 617 1134 sicesl
632 1075 706 1156 quid
721 1077 885 1139 absurdum
899 1075 979 1156 qudd
992 1074 1079 1155 spiri-

98 1166 193 1228 tualis
208 1165 335 1224 societas
348 1159 505 1241 temporali
520 1161 693 1240 subjaceat?
707 1165 760 1226 Cui
775 1166 856 1227 enim
873 1167 986 1227 dictum
998 1163 1054 1224 luit
1070 1181 1079 1224 τ

103 1277 121 1314 e
143 1257 354 1330 eraeenmque
369 1250 558 1329 alligaveritis
573 1267 665 1332 super
674 1259 798 1328 terram,
810 1259 900 1316 erunt
910 1255 998 1334 ligata
1010 1258 1038 1314 et
1050 1253 1080 1312 in

104 1367 121 1402 <r
144 1343 223 1405 coelo
235 1363 249 1398 o
267 1339 430 1420 (Mattb.,c.
449 1342 498 1414 l8,
510 1358 537 1400 v.
552 1341 619 1418 tat?
630 1341 683 1402 Cui
695 1341 760 1402 haec
770 1343 859 1404 verba
872 1343 983 1403 directa
994 1351 1079 1402 sunt:

103 1454 121 1492 a
143 1432 237 1493 Pasce
247 1445 514 1506 oresnreas,pasoe
527 1445 735 1506 agnosmeosn
749 1432 791 1506 (S.
801 1433 925 1504 loann,
937 1451 965 1492 v.
978 1434 1080 1492 trs-tr.
1180 1477 1184 1483 .

100 1541 130 1584 c.
151 1518 228 1600 ab?
246 1517 381 1597 Regibus
398 1523 450 1576 aut
472 1516 659 1596 principibus
680 1519 897 1580 saecularibus?
916 1523 962 1579 dn
983 1519 1083 1598 potins

101 1610 195 1671 Petro
207 1613 235 1668 et
251 1604 400 1684 Apostolis
413 1621 449 1664 ac
461 1621 566 1664 eorum
582 1606 835 1668 successoribus?
848 1607 977 1678 Quinam
995 1606 1081 1686 positi
1181 1639 1184 1645 -

102 1697 229 1760 luerunt
239 1697 256 1756 a
268 1696 299 1755 S.
308 1693 417 1773 Spiritu
430 1710 535 1772 regere
546 1693 711 1754 Ecclesiam
719 1695 772 1755 Dei
784 1695 856 1772 (det.
871 1699 1019 1776 Apost.,c.
1032 1698 1081 1766 EO,

103 1806 132 1848 v.
147 1784 218 1862 Edll
232 1780 398 1863 Episcopi‘l
415 1800 453 1841 an
467 1781 657 1860 magistratus
671 1783 792 1844 civiles?
807 1818 845 1831 -
862 1785 948 1846 Dedit
959 1784 1082 1865 quidem

103 1875 242 1936 Christus
256 1871 399 1933 Ecclesiae
418 1888 480 1931 suae
501 1870 670 1950 Apostolos,
693 1872 921 1953 Eonnqelr'stcs,
946 1873 1083 1936 Pastorcs

102 1969 135 2026 et
144 1963 297 2039 Doctores,
309 1968 342 2020 ut
355 1979 413 2020 non
425 1959 671 2040 circumferamur
680 1963 760 2024 omni
774 1972 859 2024 vento
872 1963 1015 2027 doctrr'noe
1027 1965 1083 2042 (Ad

103 2051 199 2134 Eph.,
214 2069 241 2113 c.
257 2053 289 2125 l,
305 2069 331 2110 v.
350 2053 411 2126 lt),
428 2047 576 2129 numquid
592 2049 672 2111 etad
691 2050 774 2114 hunc
788 2051 882 2115 tinem
895 2053 977 2114 dedit
993 2053 1083 2113 etiam

102 2159 193 2222 reges
208 2145 237 2202 et
251 2137 427 2220 principes?

145 2231 185 2291 Et
199 2229 270 2290 rard
287 2225 448 2302 Gallicani,
464 2243 501 2286 ex
515 2225 561 2287 his
572 2226 669 2288 verbis
686 2247 693 2288 :
708 2229 841 2310 Eepnom
855 2249 948 2290 ancum
968 2247 1026 2289 non
1043 2238 1084 2288 est

102 2319 140 2382 dc
153 2316 320 2380 boemundo
331 2317 371 2394 (S.
380 2315 503 2389 Joann.‚
512 2333 540 2376 c.
554 2318 642 2398 l8,v.
654 2318 718 2398 26),
730 2319 870 2380 concludi
882 2319 986 2379 volunt
998 2336 1084 2396 supe-

103 2411 204 2470 riores
217 2404 432 2468 ecclesiastieos
451 2403 565 2466 nullam
584 2402 694 2466 habere
713 2413 892 2486 potestatem
911 2407 943 2466 in
963 2413 1083 2484 tempo*

103 2497 197 2572 ralia;
213 2502 242 2558 at
255 2513 311 2557 cur
325 2512 385 2555 non
399 2493 490 2556 etiam
502 2491 610 2554 exinde
624 2494 811 2558 concludunt
825 2495 1016 2576 magistratus
1029 2512 1083 2556 sae·

102 2586 225 2650 culares
241 2583 315 2644 nihil
329 2581 515 2664 praetendere
526 2580 637 2643 debere
654 2583 686 2644 in
700 2583 875 2665 spiritualia,
892 2602 960 2665 quae
974 2583 1011 2644 de
1027 2582 1085 2645 hoc

104 2673 225 2740 mundo
250 2691 311 2734 non
333 2678 422 2746 sunt,
454 2688 511 2732 nec
538 2669 664 2751 proinde
687 2673 844 2754 temporali
869 2680 898 2735 et
924 2671 1086 2736 mundanae

105 2761 251 2847 potestati
264 2759 422 2823 subdunt?

148 2861 209 2928 Sed
230 2861 311 2944 quod
333 2859 466 2922 maxime
490 2858 656 2940 lugendum
678 2867 741 2936 est,
764 2861 884 2942 ipsimet
903 2863 1003 2926 clerici
1027 2863 1085 2925 ali·

106 2952 234 3038 quando
249 2969 309 3014 non
330 2949 512 3012 erubescunt
531 2949 568 3010 ad
589 2950 749 3028 probrosas
762 2951 935 3030 hujusmodi
953 2952 1085 3033 appella-

106 3046 208 3106 tiones
218 3058 385 3115 reeurrere‚
396 3044 429 3100 ut
441 3055 510 3100 suas
524 3041 627 3100 contra
638 3039 779 3102 Praelatos
790 3041 969 3104 rebelliones
979 3047 1084 3102 tuean-

106 3139 176 3209 tur,
202 3148 265 3192 non
289 3134 426 3191 verentes
457 3125 502 3189 sic
534 3127 662 3208 pedibus
688 3129 865 3192 conculcare
893 3147 955 3190 suae
982 3128 1086 3191 matris

107 3219 252 3284 Ecclesiae
266 3218 348 3298 leges
358 3234 426 3298 quae
440 3214 510 3277 talia
522 3215 676 3296 prohibet,
690 3217 752 3280 irnd
768 3219 831 3280 suis
845 3215 1086 3280 anathematibus

108 3307 222 3390 plectit.
234 3307 344 3368 Dicunt
354 3305 656 3384 sicseagerevirtute
668 3305 840 3368 libertatern
850 3305 1083 3382 pellicandi-ana:

108 3399 234 3462 audiant
254 3413 329 3477 ergo
349 3395 446 3475 ipsam
471 3393 636 3455 Ecclesiam
660 3394 859 3470 Gallicanam,
886 3413 938 3457 ore
961 3413 1085 3458 suorum

111 3487 287 3550 antistitum
300 3502 402 3546 eoram
414 3482 564 3545 Ludovico
578 3484 662 3560 XIV,
682 3501 762 3546 anno
782 3488 877 3554 1666,
900 3485 938 3546 de
961 3483 1019 3548 boc
1043 3485 1086 3548 sic

110 3579 351 3642 lamentantem:
371 3575 482 3635 «Cette
493 3570 742 3654 jurisprudenee,
761 3573 825 3636 Sire
841 3573 943 3655 (verba
959 3573 1085 3636 faciebat

111 3690 130 3728 e
151 3667 278 3730 nomine
296 3663 435 3726 omnium
454 3679 579 3724 suorum
602 3662 791 3744 Collegarnm
813 3667 979 3747 Episcopus
1002 3667 1083 3746 ltpa-

114 3779 129 3814 ι
150 3756 300 3825 miensisl,
317 3752 386 3812 s’est
400 3753 585 3813 maintenont
599 3755 703 3814 norlee
718 3755 735 3812 6
749 3772 789 3812 un
806 3757 842 3812 tet
864 3759 961 3814 oritas.
977 3755 1083 3820 orr'eltr
