2526 4210
468 297 554 340 niusa
575 296 692 338 antuus.
1013 289 1070 342 2³5

87 415 162 477 quae
182 396 315 477 praeferri
327 403 465 476 possent,
489 395 550 456 duo
574 393 697 454 maximi
713 392 854 473 ponderis
874 405 1082 458 monumenta

87 486 141 547 hic
152 503 306 565 exponere
322 503 329 544 ε

133 577 164 635 l⁰
187 575 222 634 ln
239 574 373 635 Concilio
389 572 581 635 lateranensi
598 572 650 644 lll,
676 569 759 651 quod
783 570 862 631 iuter
886 573 1076 636 oecumenica

88 670 282 737 recensetur,
294 662 488 723 luuocentius
500 663 539 722 Ill
548 658 765 740 Raymuudum
780 659 965 721 Tolosanum
975 662 1075 722 Comi·

87 757 173 824 tem,
198 750 418 816 haereticorum,
431 751 581 812 fautorem
604 747 788 810 obstinatum
812 747 970 826 deposuit;
993 755 1022 809 et
1045 750 1075 810 id

87 839 232 920 quidem,
241 858 323 900 sacro
341 839 476 902 Concilio
487 837 629 912 consulto,
642 856 694 898 nec
705 855 764 897 raon
778 844 805 897 et
817 836 1008 917 approbante,
1015 833 1076 919 pro

87 928 207 1010 majore
215 929 475 1010 porteetsnniore,
491 934 673 989 somosancto
690 923 833 988 Concilio.
851 931 882 986 2⁰
894 929 927 986 ln
942 927 1075 990 Concilio

86 1017 292 1097 Lugduneusi
307 1020 318 1076 l
333 1017 533 1092 oecumenico,
546 1015 740 1078 Innocentius
752 1016 790 1074 IV
801 1015 937 1094 deposuit
949 1018 967 1077 a
981 1034 1075 1098 regno

86 1105 280 1167 Fridericum
295 1109 336 1181 ll,
353 1106 566 1167 Germanicum
581 1107 797 1185 Imperatorem
814 1123 821 1164 :
845 1107 930 1166 «Nos
949 1105 1072 1186 itaque,

90 1217 108 1249 a
131 1194 234 1274 inquit
246 1193 392 1269 Pontifex,
406 1212 477 1256 cum
492 1193 632 1254 iratribus
651 1193 804 1254 nostriset
823 1213 907 1254 sacro
926 1195 1072 1273 Concilio,

91 1305 108 1339 a
133 1282 352 1344 deliberatione
364 1279 530 1362 praehabita
544 1281 721 1362 diligenti,
736 1283 808 1344 edm
823 1285 850 1344 J.
868 1285 900 1344 C.
921 1284 1002 1346 vices
1019 1286 1075 1346 im-

92 1395 110 1428 «
134 1371 237 1432 meriti
252 1377 409 1432 teneamus
425 1372 455 1431 in
468 1370 565 1446 terris,
579 1371 733 1450 Nobisque
749 1371 778 1430 in
794 1372 827 1429 Β.
844 1372 923 1432 Petri
939 1373 1073 1452 Apostoli

94 1483 109 1518 a
133 1462 267 1541 persona
282 1460 319 1521 sit
333 1460 447 1521 dictum
463 1479 470 1518 ι
486 1457 686 1540 quodcumque
700 1459 839 1538 ligaveris
851 1479 938 1541 snper
951 1470 1071 1536 terram,

93 1573 111 1606 a
131 1552 207 1625 etc,
218 1555 419 1610 memoratum
434 1545 1071 1630 principem,quisescimperioetregnis...

92 1661 109 1697 a
133 1635 266 1698 reddidit
279 1644 340 1698 tam
356 1637 516 1716 indignum
529 1685 536 1712 ,
551 1637 666 1716 quique
680 1642 803 1716 propter
821 1655 888 1697 suas
906 1639 1073 1719 impietates

91 1749 107 1785 a
132 1725 151 1786 ἁ
169 1725 229 1788 Dea
244 1747 280 1788 ne
289 1735 388 1808 regnet
401 1727 446 1788 vel
457 1726 580 1806 imperet
591 1733 633 1786 est
645 1725 783 1807 abjectus,
793 1726 855 1787 suis
869 1726 993 1807 ligatum
1007 1748 1073 1810 pec·

92 1841 109 1871 a
133 1816 211 1878 catis
226 1823 254 1878 et
268 1816 434 1896 abjectum,
448 1814 594 1895 amnique
608 1813 744 1891 honore,
760 1813 906 1896 dignitate
925 1818 1072 1896 privatum

91 1903 151 1965 aa
181 1905 310 1965 Domino
338 1903 550 1980 ostendimus,
580 1902 796 1965 denuntiamus
818 1924 852 1965 aa
877 1905 1073 1971 nihilominus

91 2018 107 2052 a
132 1993 346 2054 sententiando
359 1988 513 2073 privamus
531 2011 538 2052 z
555 1993 724 2072 omnesqui
740 1993 766 2054 ei
781 1996 953 2070 juramento
976 1997 1072 2058 fideli·
1125 2023 1130 2035 ·

92 2106 109 2140 a
132 2081 204 2142 tatis
219 2089 360 2143 tenentur
374 2081 519 2157 adstricti,
532 2083 548 2141 a
555 2083 728 2159 J'uramentc
741 2081 912 2159 hujusmodi
929 2089 1072 2165 perpetud

90 2193 107 2229 a
130 2169 397 2231 absolventesa-
410 2171 443 2230 ln
454 2169 522 2242 hoc,
532 2169 630 2250 inquit
644 2168 822 2231 Fenelonius
833 2171 1071 2256 (DeS.Pantis.‚

91 2284 107 2318 a
132 2267 155 2320 t.
174 2263 205 2334 Ξ,
220 2277 250 2338 p.
267 2261 346 2332 387),
368 2259 563 2320 Innocentius
584 2265 702 2318 exercet
723 2265 901 2338 potestatem
921 2265 936 2322 a
957 2264 1072 2329 Christo

93 2373 110 2406 a
132 2348 258 2408 datam:
274 2347 644 2430 quodcumqnelipaveris,
665 2352 763 2422 etc...;
780 2359 927 2412 asseverat
952 2353 981 2412 id
1004 2356 1020 2414 a
1040 2374 1072 2418 so

94 2461 111 2494 a
135 2436 202 2497 lieri
219 2456 282 2497 carn
299 2437 445 2517 fratribus
462 2446 489 2497 ct
505 2433 598 2498 Socra
618 2433 751 2497 Concilio
768 2435 979 2500 deliberatione
993 2462 1069 2524 pre

90 2549 108 2584 a
131 2525 236 2588 tabita
249 2525 399 2607 diligenti.
418 2528 521 2606 ltaque
536 2524 710 2586 deliberavit
724 2532 754 2586 et
768 2529 873 2587 annuit
888 2528 1069 2609 Concilium;

91 2639 107 2672 a
131 2614 194 2676 hoc
209 2625 353 2675 asseverat
367 2614 521 2690 Pontifex,
538 2631 637 2694 uequc
650 2612 791 2676 diffitetur
805 2608 970 2681 Concilium
984 2642 990 2696 ;
1008 2622 1071 2703 ipsa

92 2727 109 2761 a
130 2704 281 2765 sententia
295 2705 326 2764 iu
349 2701 482 2766 Concilio
500 2703 558 2764 lata
578 2709 642 2778 cst;
668 2721 751 2765 sucro
768 2718 912 2786 praesente
937 2709 1072 2774 Concilio

93 2815 109 2848 a
131 2792 280 2873 inscripta
299 2800 359 2866 cst;
385 2811 485 2872 neque
496 2791 684 2867 reclamavit,
701 2794 763 2855 imo
777 2798 922 2858 sententia
937 2801 1009 2862 actis
1024 2803 1071 2864 in·

94 2903 111 2939 a
133 2887 214 2942 serta
230 2888 284 2942 est.
301 2905 316 2940 a
335 2885 414 2963 Ergo
433 2882 538 2942 saltem
556 2881 702 2944 indirecte
723 2883 869 2957 Ecclesia,
891 2889 1016 2966 proinde
1038 2894 1068 2952 S.

87 2969 233 3033 Pontifex
248 2970 336 3032 habet
353 2975 529 3042 potestatem
544 2970 574 3030 in
589 2973 775 3052 temporalia.
792 2974 865 3035 Vide
879 2995 968 3056 supra
985 2978 1068 3060 (455)

88 3059 330 3139 propositionem
346 3067 385 3120 xl
396 3060 511 3139 syllabi.

131 3146 229 3226 Objici
245 3154 343 3228 potest
359 3152 388 3210 1⁰
409 3151 519 3209 Tcxtus
539 3149 570 3210 S.
593 3150 682 3209 Lucae
701 3149 778 3228 (cap.
806 3156 859 3228 ta,
883 3172 911 3214 v.
931 3153 994 3236 tt),
1018 3157 1068 3217 ubi

88 3235 229 3299 Christus
248 3237 351 3316 juveni
375 3237 492 3318 roganti
517 3245 550 3298 ut
571 3236 733 3316 imperaret
757 3237 838 3298 tratri
862 3259 917 3300 suo
938 3243 1075 3307 dividere

87 3335 198 3388 secum
211 3324 428 3400 haereditatem,
445 3324 619 3406 respondit:
636 3327 760 3387 «Homo
776 3329 844 3406 quis
861 3332 1070 3396 meconstituit

91 3437 108 3473 a
126 3413 266 3493 judicem
278 3423 328 3474 aut
338 3413 499 3475 divisorem
512 3431 603 3493 super
614 3414 707 3475 vost»
719 3449 758 3459 -
771 3416 829 3476 Sed
839 3419 1069 3496 explicationem

86 3503 182 3579 hujus
196 3509 296 3563 textus
307 3510 338 3562 et
351 3503 529 3581 objectionis
542 3503 722 3563 solutionem
736 3503 803 3564 vide
819 3506 893 3566 inira
908 3518 940 3567 nn
958 3512 1028 3573 797.

129 3607 164 3662 ‘2⁰
187 3603 275 3680 Saepe
290 3601 430 3679 objicitur
444 3607 542 3662 textus
556 3602 587 3662 S.
603 3601 729 3663 loannis
743 3601 822 3683 (cap.
842 3609 889 3680 18,
906 3627 933 3667 v.
951 3611 1000 3688 36)
1017 3607 1068 3670 ubi

86 3691 226 3753 Cluistus
238 3689 328 3750 dicit:
344 3691 510 3768 «Regnum
521 3707 623 3750 meum
637 3708 698 3750 non
711 3697 755 3751 est
764 3691 802 3752 de
813 3692 869 3754 hoc
880 3696 1068 3756 mundo.»-

87 3779 163 3855 Sed,
180 3779 282 3860 iuquit
295 3779 327 3840 S.
346 3777 531 3858 Augustinus
545 3777 669 3854 (lirare,
688 3783 760 3854 115,
777 3781 806 3841 in
829 3785 930 3852 toan,
957 3791 989 3842 n⁰
1010 3782 1067 3855 ll:
