2616 4228
478 446 782 524 ELEMENTA

184 655 483 816 runis
558 673 1133 821 canonum

561 970 597 1011 ΑΙ)
612 971 685 1014 1181111

299 1144 499 1228 GALLIAE
530 1149 954 1236 summarorium:

511 1394 733 1418 -ιακοσ-ι

397 1589 571 1674 LIBER
599 1593 831 1678 PRIMUS.

301 1793 350 1841 DE
374 1794 566 1843 PERSONIS
591 1795 934 1847 acccustasa'Ict-S.

166 2097 237 2159 118.
260 2092 392 2157 Ecclesia
407 2100 452 2154 est
466 2091 597 2154 Societas
617 2094 634 2153 a
651 2091 769 2154 Christo
789 2092 924 2154 instituta
941 2096 976 2154 ut
996 2092 1103 2156 fideles

124 2202 225 2266 usquc
243 2182 280 2244 ad
293 2181 387 2244 finem
402 2180 508 2243 mundi
525 2180 616 2242 ducat
630 2181 667 2242 ad
682 2199 853 2261 supremam
869 2182 1096 2244 beatitudinem.

122 2273 260 2334 lnstitnta
273 2270 330 2333 luit
342 2271 380 2332 ab
394 2269 502 2332 eodem
516 2267 673 2351 completa,
684 2269 714 2329 id
724 2275 780 2345 est,
791 2268 905 2332 habens
915 2289 1007 2331 omne
1018 2272 1097 2350 quod

121 2360 183 2442 ipsi
197 2366 243 2423 est
257 2359 460 2422 necessarium
472 2358 609 2422 adsuum
620 2357 713 2418 linem
725 2359 999 2438 assequendunr,ac
1009 2361 1100 2420 etiam

120 2449 252 2511 omnino
273 2447 480 2530 independens
499 2449 517 2508 a
535 2449 728 2529 qudcumque
742 2445 834 2508 altera
852 2449 1008 2526 societate,
1024 2467 1097 2530 pro-

119 2537 195 2601 inde
213 2537 251 2600 ab
271 2539 444 2600 auctoritaie
460 2535 538 2598 civili
561 2539 604 2616 (S.
622 2535 738 2609 marth..
755 2554 782 2597 c.
798 2539 854 2614 28,
868 2556 897 2600 v.
915 2541 970 2614 193
992 2556 1018 2600 o.
1038 2543 1096 2618 18,

117 2647 148 2690 v.
164 2630 225 2704 18;
241 2630 260 2688 ⁶2
275 2627 356 2704 Con,
371 2644 399 2688 c.
417 2629 469 2701 10,
483 2642 513 2688 v.
530 2627 579 2706 16)
591 2629 612 2689 ¹.

162 2719 232 2778 119.
256 2715 341 2780 Unde
355 2714 597 2778 malediceretur
615 2716 750 2780 Ecclesia
769 2735 835 2780 esse
855 2717 887 2779 in
906 2723 983 2780 statu
998 2719 1093 2794 civili,

116 2806 143 2868 si
158 2803 270 2868 talibus
283 2803 369 2867 dictis
390 2804 514 2886 intelligi
536 2803 656 2868 daretur
677 2824 745 2868 eam
766 2806 804 2868 ab
822 2810 996 2869 auctoritate
1014 2809 1093 2871 civili

115 2893 290 2977 dependere
307 2912 315 2956 ι
331 2899 453 2956 econtra
467 2894 549 2956 enim
564 2895 723 2958 auctoritas
735 2895 831 2958 civilis
844 2897 882 2958 ab
897 2897 960 2978 ipsa
975 2896 1092 2979 depen-

114 2983 186 3058 det,
208 3001 270 3045 non
291 2985 409 3045 tantiam
430 2983 531 3066 quoad
551 3001 586 3046 ea
604 3003 673 3066 quae
693 2983 806 3047 directe
822 2991 893 3048 sunt
906 2986 1090 3067 spiritualia,

113 3072 170 3135 sed
184 3073 275 3134 etiam
289 3072 388 3154 quoad
400 3091 436 3134 ea
445 3091 515 3154 quae
528 3073 598 3134 talia
612 3080 683 3136 sunt
697 3073 857 3152 indirecte,
871 3081 904 3136 ut
918 3075 1093 3156 probabitur

114 3159 214 3237 iufra3
230 3161 311 3224 unde
326 3162 364 3222 eb
377 3163 414 3222 ed
426 3161 575 3242 dependet
589 3163 680 3225 etiam
694 3163 794 3245 quoad
809 3164 973 3244 temporale
988 3171 1091 3244 quate·

114 3269 173 3313 nus
186 3249 265 3312 istud
279 3249 436 3312 ordinatur
449 3250 487 3311 ad
501 3250 595 3313 finem
613 3253 798 3333 spiritualem
813 3273 821 3323 ;
842 3260 872 3313 et
892 3252 931 3313 ita
945 3252 1002 3313 init
1014 3252 1089 3315 defi-

113 3339 212 3400 nitum
238 3337 256 3400 t
285 3339 438 3400 Bonilacio
463 3341 548 3414 Vlll,
584 3358 638 3420 per
666 3340 780 3402 bullam
810 3339 907 3402 Unum
934 3341 1085 3406 Sanctam.

139 3529 149 3559 ¹
166 3523 235 3576 luter
257 3537 353 3574 errores
373 3523 400 3572 in
423 3523 522 3588 Syllabo
542 3521 577 3573 Pii
597 3522 629 3574 lll
646 3521 800 3583 recensitos,
811 3521 915 3572 habetur
932 3523 1085 3576 istoriole·

138 3595 250 3650 Ecclesia
264 3611 313 3644 non
330 3601 368 3644 eat
381 3610 437 3644 vera
455 3597 613 3660 perlectoque
631 3595 737 3645 sociatae
754 3593 827 3659 plant
841 3594 934 3656 libera,
948 3611 995 3647 nee
1011 3597 1087 3660 pollet

106 3667 192 3720 esuis
212 3667 318 3734 propriis
338 3667 509 3715 constantibus
529 3667 629 3731 J'uribue
645 3667 692 3716 eibi
711 3665 725 3716 ὲ
744 3665 827 3716 divino
846 3666 988 3718 laudatore
1004 3667 1086 3718 colla·

106 3757 119 3790 e
137 3738 185 3800 tie,
199 3745 274 3790 elea
289 3737 347 3786 Vide
359 3739 433 3786 otiam
445 3749 475 3785 n0
485 3737 524 3786 att.
930 3806 959 3853 3*
