2562 4224
156 265 212 322 128
344 276 347 282 ’
424 277 576 320 scaurum
595 274 679 320 aunis
697 271 846 322 amonim

155 378 307 456 potestatis
330 376 483 438 saecularis
505 375 619 437 faciunt
644 372 844 448 electionem
869 377 899 434 ct
922 371 1053 454 insuper
1077 393 1144 435 sus

156 465 245 545 pendi
261 473 389 547 possunt
402 484 457 545 per
470 463 634 525 triennium
648 460 686 520 ab
697 459 804 522 officiis
818 467 849 522 et
862 459 1031 523 beneficiis.

195 553 282 615 Dicit.
298 558 331 614 2⁰
348 553 406 629 (lui
418 552 537 614 volunta
558 550 629 630 quia
644 547 719 608 ratio
740 567 802 609 non
817 555 861 610 est
875 549 1016 610 habenda
1030 569 1146 613 eorum

157 642 210 722 qui
226 641 334 704 nolunt
351 644 505 703 interesse.
524 637 610 702 Unde
623 638 647 698 si
668 636 710 712 is,
723 635 762 698 ad
776 656 869 717 quem
887 643 1003 718 spectat
1021 658 1146 702 conro-

157 731 250 806 catio,
275 749 382 792 omncs
401 731 525 807 dejure
547 723 698 787 vocandos
721 727 890 802 vocaverit,
912 734 1080 806 praesentes
1101 729 1147 789 ad

158 823 258 880 actum
271 818 470 900 capitularem
481 815 613 897 legitime
622 812 786 894 procedere
796 822 934 894 possunt,
943 816 1150 895 quantumvis

159 924 266 986 parvus
279 908 316 967 sit
334 924 441 968 corum
459 920 626 974 numerus3
652 919 709 962 nec
726 919 763 963 ex
781 901 840 965 hoc
858 903 957 978 titulo,
982 905 1150 966 rescisioni

160 994 307 1055 obnoxius
318 1003 363 1055 est
373 1001 458 1055 actus
468 991 650 1073 capitularis.
666 989 810 1050 Similiter
821 990 858 1064 si,
872 997 972 1071 coepto
983 991 1152 1054 electionis

162 1087 302 1156 tractatu,
321 1082 412 1162 aliqui
432 1081 549 1142 vocales
566 1077 759 1158 egrediantur
777 1085 807 1138 et
824 1078 923 1140 redire
940 1079 1054 1155 nolint,
1070 1099 1152 1160 pos·

162 1176 232 1229 sunt
250 1169 299 1230 alii
319 1172 384 1231 sine
404 1171 476 1250 ipsis
490 1167 666 1249 procedere3
683 1165 851 1228 dummodo
873 1185 935 1229 non
955 1167 1053 1247 major
1073 1187 1154 1248 pars

162 1255 376 1336 Capitularium
396 1257 484 1319 luerit
502 1273 633 1337 egressa.
656 1257 698 1316 lta
717 1254 797 1316 clare
816 1273 851 1316 ex
868 1272 936 1336 cap.
953 1255 1027 1318 Cam
1043 1257 1151 1335 nobis,

164 1344 201 1404 lle
213 1345 372 1408 Electione.

203 1435 287 1496 llicit.
308 1439 339 1498 3⁰
361 1436 420 1511 (lui
432 1443 552 1516 possunt
573 1431 719 1493 omninode
742 1433 1155 1513 interesse2quianimil1m

164 1526 289 1600 remoti,
307 1532 369 1586 non'
381 1532 452 1586 sunt
466 1522 637 1585 necessario
651 1521 789 1582 vocandi.
803 1522 846 1581 De
861 1521 960 1602 rigore
970 1523 1049 1601 J'uris
1061 1541 1157 1586 com-

165 1611 264 1673 munis
277 1614 403 1674 vorandi
417 1619 487 1674 suut
501 1612 619 1672 tantbm
630 1609 682 1690 qui
698 1609 729 1670 in
744 1609 897 1688 provincia
907 1611 1056 1672 existunt:
1072 1630 1152 1695 cap.

165 1699 272 1762 coram
302 1706 366 1780 35,
397 1703 440 1763 De
463 1701 562 1762 Elect.
592 1699 670 1760 Dicit
697 1705 799 1758 tamen
822 1699 917 1760 Bouix
943 1699 1001 1780 (De
1026 1700 1154 1785 Capit„

164 1808 193 1866 p.
213 1794 279 1866 tac)
291 1790 443 1852 vocandos
451 1808 517 1852 esse
531 1789 620 1850 etiam
635 1787 725 1866 longe
740 1787 878 1850 absentes
889 1788 1014 1867 quando
1024 1791 1156 1870 eligen-

163 1877 220 1937 dus
233 1885 278 1937 est
289 1879 452 1951 Praelatus,
469 1879 514 1939 vel
530 1877 722 1956 recipiendus
736 1882 781 1936 est
795 1876 864 1957 quis
884 1877 916 1936 in
935 1881 1154 1959 canonicum,

165 1972 216 2024 aut
231 1966 391 2028 indicenda
404 1965 559 2028 cessatioa
574 1965 691 2032 divinis,
701 1963 745 2024 rel
760 1964 883 2044 quaudo
896 1966 1043 2044 agitanda
1054 1976 1151 2032 ncta-

166 2053 262 2115 biliter
278 2055 389 2116 arduis.
407 2058 444 2116 Et
456 2075 510 2136 pro
526 2055 620 2116 Gallia
633 2054 744 2115 dicitur
761 2055 792 2113 in
811 2071 878 2134 cap.
898 2053 1003 2117 Genesi
1023 2058 1079 2133 5'5,
1105 2060 1157 2121 De

165 2143 329 2220 illectione,
354 2143 436 2226 qudd
457 2145 494 2205 ad
518 2144 688 2206 Electiones
709 2143 879 2220 faciendas,
902 2143 938 2203 de
962 2153 1025 2205 tcto
1052 2165 1157 2227 reparo

166 2233 308 2296 Froncz‘oe
320 2241 464 2296 vocantur
484 2234 622 2294 absentes
646 2232 865 2293 consuetudine
885 2233 1028 2295 Ecclesiae
1047 2237 1155 2297 Galli-

164 2339 267 2398 canaa3
288 2345 302 2380 c
317 2323 341 2382 si
354 2331 471 2400 tamen,
487 2330 519 2384 ut
534 2321 616 2382 addit
629 2339 696 2402 cap.
716 2321 799 2396 Quod
809 2320 886 2381 sieut
899 2325 950 2397 38,
966 2322 1012 2382 De
1026 2323 1154 2406 Elem„

163 2411 229 2472 sine
244 2403 379 2491 periculo
394 2413 546 2492 potuerint
559 2409 717 2472 convocari
730 2430 746 2468 a
768 2429 775 2469 :
793 2409 864 2489 quia
879 2409 924 2488 si,
944 2411 984 2471 ob
1002 2427 1154 2496 moram,

165 2498 335 2560 immineret
350 2500 518 2578 periculum
536 2499 725 2570 schismatis,
746 2497 919 2574 seditionis,
940 2499 1154 2584 intrusionis,

163 2586 208 2646 tel
221 2587 332 2648 abusus
346 2588 428 2647 laicae
443 2587 612 2667 potcstatis,
626 2591 678 2648 aut
692 2586 814 2648 alterius
826 2587 924 2667 gravis
943 2588 1027 2665 mali,
1050 2589 1156 2674 longe

163 2673 301 2736 absentes
316 2682 388 2736 tunc
403 2693 464 2736 non
479 2681 579 2737 essent
592 2675 784 2756 expectandi.
808 2675 882 2738 Vide
901 2675 959 2738 alia
981 2676 1014 2738 in
1037 2687 1157 2746 nostro

163 2763 319 2838 Moauoe'r',
336 2766 370 2823 n⁰
384 2767 458 2838 398,
472 2773 529 2826 etc.

188 2856 271 2914 ¹249.
296 2854 418 2924 Quaerit.
437 2858 468 2914 2⁰
488 2856 566 2926 Quot
589 2871 717 2914 numero
737 2860 900 2933 praesentes
922 2871 988 2917 esse
1009 2856 1158 2926 debeant

58 2929 59 2932 '
161 2942 322 3018 electores,
338 2948 367 3004 et
384 2944 400 3004 a
417 2945 550 3023 quanam
565 2948 648 3023 parte
660 2959 766 3004 eorum
778 2942 841 3002 lieri
854 2942 961 3004 debeat
971 2944 1092 3024 electio,
1112 2963 1157 3016 ut

162 3030 257 3092 valida
271 3031 309 3092 sit
322 3031 485 3093 habenda?

200 3121 290 3200 Hesp.
304 3125 335 3180 l⁰
348 3120 534 3181 Electionem
551 3119 613 3180 fieri
629 3139 690 3180 non
706 3119 815 3180 debere
829 3120 887 3180 nisi
902 3119 961 3180 sint
976 3131 1156 3202 praesentes

160 3207 228 3270 duae
243 3218 341 3290 partes
355 3210 504 3271 vocalium
521 3229 528 3269 :
544 3207 602 3270 hoc
616 3208 774 3270 deducitur
792 3226 829 3270 ex
849 3209 906 3289 leg.
921 3210 977 3270 civ.
995 3211 1093 3274 Nulli
1116 3232 1156 3280 ec

159 3298 258 3379 plana,
267 3299 299 3359 ff.
318 3298 402 3374 (laod
412 3299 552 3379 cujusque
566 3299 693 3359 univers.
708 3315 785 3358 nem.
803 3298 835 3358 ln
850 3295 909 3359 hcc
922 3300 993 3360 rard
1006 3299 1154 3368 duarum

161 3388 289 3465 partium
305 3405 434 3449 nurnero
447 3395 517 3450 sunt
535 3387 683 3449 duntaxat
696 3386 891 3466 computandi
912 3388 932 3448 ii
951 3388 1004 3468 qui
1020 3389 1151 3474 debent,

160 3474 260 3534 colunt
275 3484 305 3537 et
322 3486 445 3558 possunt
467 3475 611 3538 commode
625 3477 769 3536 interesse.
789 3475 876 3537 Unde
898 3477 996 3537 citatis
1020 3486 1049 3539 et
1076 3499 1152 3547 non

160 3567 404 3644 comparentibus
418 3566 546 3628 insolito
560 3566 605 3626 rel
618 3565 774 3643 designato
790 3563 855 3624 loco
869 3565 1011 3626 omnibus
1023 3568 1078 3647 qui
1090 3570 1154 3646 jus

161 3651 270 3712 babent
284 3654 414 3734 eligendi
427 3701 435 3729 ,
448 3661 508 3717 tres
522 3656 613 3716 etiam
628 3653 747 3732 explere
766 3659 892 3733 possunt
912 3661 1014 3714 actum
1029 3702 1036 3730 ,
1060 3660 1152 3736 quin

162 3741 222 3801 irub
240 3741 317 3809 duo,
333 3743 378 3803 vel
393 3762 489 3817 unus,
506 3761 570 3806 rem
585 3741 770 3823 perficiendo
783 3759 886 3804 coram
901 3742 999 3804 scriba
1020 3751 1052 3804 et
1076 3751 1151 3810 tes-
