2526 4210
348 280 350 285 ·
464 255 552 300 ercan
572 254 691 311 PRIMUS.
1008 247 1064 302 ΞΠ

99 375 111 405 r
133 354 318 436 quandoque
327 373 360 416 se
368 353 488 416 tantum
498 353 617 416 exhibet
625 353 810 435 Episcopum
820 345 1064 432 urbisltomae...;

100 460 110 492 r
133 441 296 523 aliquando
318 443 444 504 demirm
467 459 553 503 suam
574 459 747 521 supremam
775 441 901 524 explicat
927 443 1066 522 Dignita-

96 545 110 581 α
131 533 231 592 tem...
247 537 281 592 ut
294 529 399 592 Christi
415 529 544 591 interris
556 529 705 592 Vicarius..
721 551 736 586 n
1035 588 1036 591 ,

133 618 227 680 Porro
241 617 426 700 Episcopalis
443 617 520 679 forre
534 635 595 679 non
609 617 687 679 ultrb
708 615 908 679 centesimum
930 619 968 679 ab
985 619 1066 683 Urbe

96 701 223 785 lapidem
238 707 269 767 in
283 707 397 768 ambitu
420 709 620 790 porrectatest
638 723 647 765 τ
666 704 935 786 Archiepiscopalis
957 707 1064 789 subur-

96 789 219 856 bicarias
233 795 341 857 decem
358 795 529 876 provincias
546 791 773 875 complectitur3
792 793 998 855 Patriarclrolis
1013 815 1064 874 per

94 879 285 945 Occidentem
309 883 366 945 late
389 882 587 958 diffunditur3
612 898 755 962 suprema
775 881 908 962 denique
930 881 1064 963 Dignitas

95 970 233 1033 universo
245 971 413 1035 Christiano
427 971 492 1034 oriri
506 969 657 1052 praesidet.
673 971 710 1032 V.
726 969 923 1046 Piacewitch,
935 970 978 1035 ne
993 973 1063 1038 Pri·

94 1067 170 1120 mutu
187 1060 327 1122 cornuue
342 1057 494 1122 neoterici.
572 1105 584 1144 .·

130 1149 201 1208 343.
226 1147 347 1222 Quaerit.
369 1153 404 1209 4⁰
418 1150 525 1212 Utrum
541 1146 708 1226 jurisdictio
723 1149 754 1211 S.
771 1147 925 1210 Pontificis
941 1147 974 1210 in
995 1149 1063 1211 uni·

94 1235 239 1298 versatam
253 1236 417 1299 Ecclesiam
433 1236 471 1298 sit
484 1236 614 1298 mediata
628 1236 674 1298 vel
688 1236 886 1298 immediata?

129 1327 223 1406 Resp.
236 1325 387 1397 Quosdam
401 1343 461 1386 non
476 1342 640 1404 agnoscere
650 1325 681 1386 in
691 1327 722 1388 S.
740 1324 885 1387 Pontitice
896 1324 953 1386 nisi
966 1331 1063 1407 potes

91 1417 184 1476 tatem
207 1413 369 1474 mediatam
394 1413 424 1474 in
448 1411 552 1473 fideles
576 1412 643 1474 aliis
666 1412 823 1494 Episcopis
848 1413 994 1475 subditos.
1020 1416 1061 1471 lt!

91 1501 260 1564 Febronius
270 1501 508 1583 (Aurifebrom'us
518 1499 694 1577 vindicatos,
708 1501 779 1562 diss.
796 1506 827 1576 t,
842 1519 908 1581 cap.
923 1503 954 1579 t,
969 1511 1003 1560 n⁰
1016 1489 1042 1583 f,

91 1594 120 1650 et
142 1590 232 1652 multi
247 1589 390 1652 Gallicani
408 1589 485 1651 inter
501 1607 578 1670 quos
597 1588 704 1669 Bailly,
722 1587 773 1670 qui
792 1589 890 1650 Trurt.
906 1587 941 1650 dc
958 1589 1051 1651 Poeul'

91 1678 188 1740 tentr'd
204 1677 295 1760 (resp.
304 1678 408 1758 [adb'm
418 1678 541 1758 object,
554 1677 699 1759 proposit.
710 1681 747 1751 2,
760 1683 814 1739 art.
823 1681 854 1752 Ξ,
866 1677 909 1738 De
917 1689 1064 1759 precepto

91 1767 302 1849 consessionis),
313 1766 357 1829 sic
369 1765 473 1829 habet:
494 1767 585 1826 «Non
598 1770 695 1847 potest
707 1764 857 1827 ordinarie
868 1767 898 1826 S.
913 1765 1060 1842 Pontifex,

94 1855 239 1918 uincitis
261 1855 436 1937 Epr'sropr's,
465 1859 609 1918 consueta
636 1853 856 1935 Episcoporum
880 1873 1008 1918 munera
1030 1855 1060 1917 in

94 1965 108 2000 u
129 1962 239 2006 eorum
249 1944 430 2007 dioecesibus
442 1961 592 2018 exercere,
609 1961 666 2005 nec
678 1943 830 2005 ministros
843 1942 993 2019 ordinare,
1005 1962 1062 2006 nec

93 2054 108 2089 u
127 2033 301 2096 sacerdotes
312 2032 350 2095 ad
366 2031 570 2094 confessiones
590 2031 780 2112 excipiendas
799 2032 977 2112 approbare,
990 2033 1061 2114 quic

93 2142 190 2184 onoc
211 2129 254 2184 eat
271 2131 377 2204 postor
396 2123 429 2182 io
448 2121 554 2182 olienis
574 2121 742 2183 dr'oeresibus
764 2120 978 2182 immediatos»
1002 2121 1058 2198 (ου’

88 2211 208 2276 dictum
227 2209 316 2274 suita
337 2209 452 2272 Christo
467 2229 567 2291 :posce
580 2227 670 2288 agnos
687 2221 774 2284 meos,
791 2227 877 2290 posce
890 2227 952 2270 coer
972 2227 1038 2269 meu.

89 2318 151 2364 non
174 2307 221 2363 cst
243 2306 343 2381 pastor
360 2297 551 2360 immediatus
571 2299 655 2376 iuxta
678 2298 771 2378 Bailly
782 2297 826 2379 i),
844 2295 927 2359 used
940 2296 1059 2359 tantirm

91 2413 106 2451 u
126 2389 296 2453 mediatam
306 2389 338 2450 in
353 2388 389 2450 iis
402 2387 492 2448 habet
498 2385 738 2465 jurisdictionem
751 2407 783 2448 a.

126 2477 192 2544 Sed
206 2478 261 2540 hos
275 2493 381 2538 omues
395 2493 495 2537 errare
507 2481 627 2537 certum
641 2481 686 2536 est
700 2493 707 2534 :
724 2473 835 2536 etenim
850 2493 903 2556 par
919 2473 1056 2555 iurisdic-

87 2568 208 2632 tionem
226 2565 384 2628 mediatum
407 2563 579 2643 intelligunt
596 2580 662 2624 eam
684 2581 776 2644 quam
796 2565 933 2645 superior
957 2565 1055 2646 nequit

86 2673 234 2722 exercere
254 2654 286 2716 in
305 2653 450 2726 subditos,
467 2653 524 2715 nisi
542 2652 632 2714 certis
650 2651 770 2714 casibus
787 2651 966 2732 specialibus
984 2671 1056 2732 quor

87 2746 174 2829 teges
188 2741 396 2809 ecclesiasticae
405 2739 622 2817 determinant;
636 2745 664 2801 et
674 2757 729 2822 per
740 2739 939 2802 immediatum
950 2740 1057 2803 intellio

86 2843 168 2918 gunt
182 2851 251 2898 eam
267 2849 361 2915 quam
374 2829 528 2913 superior,
544 2829 722 2912 generaliter
740 2835 773 2892 et
789 2827 1027 2910 independenter
1041 2834 1055 2891 t

86 2943 163 2988 casu
176 2921 374 2995 necessitatis,
389 2923 486 2994 potest
496 2937 551 2995 per
562 2935 595 2982 se
608 2917 655 2982 vel
665 2935 719 2996 per
730 2935 802 2980 suos
814 2918 965 2994 delegatos
977 2935 1055 2979 exer·

85 3009 160 3053 cere
174 3010 205 3052 ru
214 2997 369 3070 subditos3
384 2997 554 3078 porrd,non
564 3001 672 3082 prioris
686 3006 817 3084 generis,
829 3008 880 3069 sed
892 3013 1066 3090 posterioris

84 3080 317 3158 cstjurisdictio
328 3086 359 3147 S.
369 3085 522 3150 Pontificis
532 3088 843 3170 inomnestideles3et
854 3096 936 3160 idest
945 3098 983 3162 de
993 3103 1062 3166 fide.

127 3169 282 3232 Probatur
297 3173 330 3236 l⁰
340 3193 376 3236 ex
392 3176 548 3257 Scriptum
559 3197 567 3240 ε
579 3200 596 3239 n
607 3180 696 3242 Posce
707 3201 863 3258 cursorem,
873 3204 961 3267 posce
974 3209 1065 3272 aquus

88 3281 105 3319 α
127 3277 238 3322 creora
257 3261 299 3338 (S.
316 3264 441 3341 Joann.,
457 3283 486 3328 c.
502 3271 553 3343 21,
565 3285 595 3330 v.
613 3271 672 3347 15).
688 3269 743 3343 Oui
758 3274 950 3338 constituitur
964 3287 1066 3358 postor

80 3347 159 3411 sine
181 3347 361 3414 limitatione
383 3371 443 3416 non
463 3359 579 3419 tantirm
601 3357 742 3438 mediant,
763 3359 871 3438 idest,
894 3370 1064 3434 exercenda

82 3437 236 3500 commin
248 3439 429 3519 quibusdam
440 3444 570 3522 casibus,
582 3447 827 3528 sediminedialb,
836 3451 867 3514 id
877 3461 932 3525 est,
944 3474 1064 3543 semper

79 3532 112 3590 et
130 3525 376 3606 independenter
391 3533 407 3591 ir
422 3549 493 3594 casu
508 3535 692 3599 necessitatis
706 3541 873 3604 exercendi
893 3543 924 3608 in
939 3565 1060 3629 gregem

79 3633 182 3678 suum
209 3614 339 3680 donatus
364 3619 419 3683 luit
441 3640 450 3684 ε
474 3623 609 3706 alioquin
631 3645 693 3688 non
716 3638 815 3707 posset
838 3651 929 3698 suum
950 3656 1062 3704 munus

79 3703 219 3774 pastoris
228 3722 350 3786 semper
360 3709 525 3786 adimplere
530 3733 541 3790 ς
552 3715 647 3791 atqui,
663 3716 761 3780 verbis
773 3720 864 3784 modd
874 3734 1049 3789 memoratis

990 3819 1004 3865 r
