2590 4214
220 279 277 338 464
494 281 645 329 susurrum
666 278 915 358 ruursaruonror.

220 389 300 451 enim
319 385 477 466 Apostolus
491 384 527 444 ad
543 383 697 459 Hebraeos,
708 401 775 462 cap.
787 384 817 456 5,
832 399 860 441 v.
873 383 893 440 4
910 398 918 438 :
938 379 1208 460 «Necqae'sqnarn
1281 381 1282 474 i

225 475 349 536 asanait
373 473 607 546 rictionaro,
631 471 682 533 sed
701 470 756 552 qai
781 465 942 531 vocatura
973 468 1037 528 Deo
1062 473 1208 548 tanquam
1281 479 1282 536 t

227 587 241 621 a
264 566 485 634 Aaronem.»
511 560 585 622 Vide
606 563 731 642 iusuper
753 560 784 620 S.
809 559 935 634 dodum,
950 574 978 619 e.
997 559 1055 631 45,
1077 575 1107 618 r.
1143 561 1207 618 td:
1281 537 1282 600 h

227 675 239 710 ι
263 651 333 712 Non
347 669 396 712 vos
410 669 454 710 me
464 648 616 729 elepistis?
629 670 645 708 u
656 656 712 712 cto.

266 743 356 800 Auno
371 742 459 814 1829,
475 757 544 818 aug.
561 743 611 814 27,
627 736 718 800 Sacra
730 735 956 801 Poenilontiaria
968 735 1132 814 respondit
1148 755 1210 800 uon
1282 773 1283 780 1

226 846 290 890 esse
313 827 483 908 cogendum
503 827 541 887 ad
562 825 768 906 suscipiendos
796 825 919 887 ordines
938 825 1091 886 clericum
1108 872 1117 902 ,
1134 827 1209 906 qui,

228 916 321 977 liceto
339 933 401 977 sura
416 913 620 994 superioribus
634 916 763 989 electus,
785 920 814 976 ct
833 915 920 996 asuo
940 911 1132 974 confessario
1160 914 1210 974 di··

228 1022 306 1084 gnus
317 1003 468 1083 judicatus
478 1021 564 1064 sacro
577 1003 763 1080 ministerio3
778 1002 987 1082 obtemperare
1001 1001 1131 1063 illorum
1141 1021 1210 1064 nro*
1283 1021 1284 1024 ’

230 1093 299 1152 uitis
309 1092 420 1167 renuit,
430 1095 519 1154 causo
534 1090 719 1165 humilitatis,
731 1090 776 1152 vei
791 1089 1140 1170 timorepariouiorum;
1155 1109 1210 1152 nee

230 1181 318 1241 etiam
334 1180 505 1260 aagendam
519 1181 636 1241 consuit
650 1179 813 1241 diaconum
823 1179 860 1240 ad
873 1177 1109 1258 suscipiendum
1125 1198 1209 1260 pres·
1284 1235 1285 1250 ,

231 1266 382 1348 hyteraths
396 1267 558 1341 ordinem,
583 1267 639 1330 etsi
656 1267 675 1328 ὰ
695 1267 897 1350 superioribas
917 1265 1050 1347 ele'patnr
1071 1275 1210 1349 tanquam

231 1356 411 1437 aptissimas,
422 1364 450 1417 et
464 1355 665 1438 &confessario
678 1355 787 1437 dr'pnns
796 1355 959 1438 judicetur.

270 1449 304 1506 2⁰
334 1445 412 1507 Vitae
427 1444 559 1525 probitas
578 1463 626 1506 sen
640 1447 782 1506 sanctitas
792 1443 992 1526 praecellens:
1015 1446 1088 1506 Non
1114 1446 1210 1508 solum

233 1538 326 1595 status
336 1533 439 1613 gratiae
451 1532 649 1613 requiriturin
664 1551 700 1594 eo
714 1533 766 1614 qui
775 1533 838 1595 vuit
850 1533 888 1595 ad
897 1531 1021 1594 ordines
1032 1535 1210 1604 ascendere,

233 1621 285 1684 sed
296 1622 418 1702 iusuper
434 1639 555 1683 necesse
569 1629 613 1682 est
627 1627 662 1682 ut
675 1622 706 1682 in
717 1622 811 1702 gratio
822 1621 858 1683 sit
873 1615 934 1697 jam
950 1620 1101 1700 probatus
1113 1643 1121 1698 ;
1135 1625 1212 1686 unde
1286 1604 1287 1682 i

203 1773 207 1779 ,
234 1709 404 1772 habituatus
423 1709 511 1773 alicui
525 1709 621 1783 vitio,
645 1710 810 1792 pracsertim
830 1709 930 1794 turpi,
955 1709 1012 1769 etsi
1027 1711 1212 1773 sufficienter
1286 1705 1287 1710 ’

235 1798 395 1879 dispositus
410 1799 446 1859 ad
472 1797 674 1879 recipiendam
694 1797 933 1874 absolutionem,
960 1815 1023 1858 uon
1045 1798 1121 1860 ideo
1140 1809 1213 1862 esset
1287 1848 1288 1910 t

235 1887 397 1966 dispositus
411 1886 789 1967 adordinesreeipiondos.
813 1885 890 1947 Vide
913 1885 970 1947 hoo
985 1885 1213 1968 multiplicior·
1287 1911 1288 1948 r

236 1980 380 2055 gumento
393 1975 554 2055 probatum
568 1977 585 2036 a
598 1977 629 2036 S.
645 1975 768 2056 Liguor.
786 1973 852 2054 (lib.
865 1977 896 2052 6,
913 1972 954 2034 η’·
968 1977 1088 2053 oo-rr).

276 2065 462 2144 Quapropter
476 2063 589 2126 Concil.
606 2063 940 2140 Trident.‚.ordinentcs
950 2062 1118 2144 alloquens
1132 2069 1212 2142 (sess.

236 2157 286 2227 43,
301 2171 329 2214 o.
349 2154 406 2232 42),
421 2152 514 2214 sioait
530 2171 538 2213 τ
558 2175 574 2212 o
587 2152 689 2214 Sciant
703 2151 843 2233 Episcopi
852 2151 962 2213 debera
976 2151 1015 2213 ad
1025 2151 1086 2215 hos
1095 2153 1215 2216 ordinas

242 2265 256 2300 a
278 2242 389 2303 assumi
405 2240 514 2321 dignos
528 2241 675 2303 duntaxat
691 2249 720 2303 et
733 2257 865 2323 quorum
883 2239 1008 2320 probata
1033 2241 1099 2303 vita
1117 2261 1216 2305 senec·

242 2354 256 2388 a
278 2339 326 2392 tus
340 2329 402 2390 sita
420 2329 607 2408 3jurtaillud
623 2329 720 2411 (Sep,
738 2347 766 2391 e.
782 2334 814 2401 4,
830 2347 857 2390 ν.
873 2329 934 2408 9.),
948 2327 1045 2391 AEtas
1059 2334 1217 2393 senectutis

238 2421 296 2482 vita
313 2418 513 2480 immaculato.
530 2419 609 2481 Hiuo
620 2417 780 2498 Apostolus
794 2420 821 2496 (4
837 2417 915 2480 Tim.
931 2463 939 2493 ‚
954 2417 987 2500 3)
1016 2418 1164 2498 prohibet
1176 2440 1218 2483 or·

239 2507 334 2569 dinari
346 2513 524 2588 neophytos,
543 2507 573 2567 id
588 2512 633 2569 est
644 2505 690 2587 (ut
702 2506 830 2586 explicat
845 2507 880 2567 D.
897 2503 1066 2587 Thomas),
1087 2510 1145 2590 qui
1162 2529 1217 2573 nou

194 2659 195 2663 ,
238 2597 337 2659 soihm
352 2601 437 2658 aetate
451 2596 594 2677 neophyti
611 2601 701 2672 suut,
721 2595 773 2658 sed
788 2601 817 2656 at
831 2594 883 2676 qui
899 2595 1043 2676 neophyti
1063 2605 1142 2659 sunt
1156 2619 1217 2680 pcr-

239 2685 377 2748 ieotioue.
394 2686 580 2766 Quapropter
593 2684 673 2746 idem
689 2685 720 2746 S.
733 2686 881 2746 Doctor...
896 2681 1033 2766 (Sappt.‚
1046 2705 1080 2766 q.
1099 2690 1155 2764 35,
1166 2697 1216 2752 art.

240 2781 268 2849 4,
284 2773 322 2833 ad
335 2777 364 2849 3)
379 2773 436 2834 ait:
456 2771 496 2833 ad
509 2772 639 2834 idoneam
660 2772 869 2834 easeeationern
878 2772 1017 2834 ordinum
1031 2794 1094 2836 non
1115 2779 1218 2859 sufficit

239 2862 348 2923 bonitas
359 2861 592 2944 qualiscumque,
603 2861 653 2923 sed
666 2861 833 2944 requiritur
855 2860 967 2924 donitas
978 2863 1143 2929 excellens.

279 2953 310 3012 3⁰
331 2949 425 3010 Recta
444 2949 590 3011 intentio:
609 2972 624 3008 u
644 2949 812 3026 Nimirum,
840 2949 939 3031 inquit
959 2953 992 3013 S.
1010 2951 1139 3034 Liguor.
1158 2956 1216 3035 (lib.

243 3063 256 3100 a
278 3043 308 3117 6,
322 3047 355 3099 u⁰
369 3040 461 3121 802),
478 3037 661 3100 desiderium
682 3038 807 3101 vacandi
823 3037 933 3102 divinae
950 3039 1058 3120 gloriae
1079 3048 1112 3104 at
1135 3047 1218 3109 saluti

242 3152 257 3188 r
277 3128 447 3190 animarum
466 3174 475 3204 ‚
500 3144 561 3188 uon
576 3133 678 3189 autem
695 3173 704 3202 ,
723 3134 757 3190 ut
770 3127 812 3189 ait
825 3127 861 3190 D.
879 3129 1052 3190 Beruardas
1064 3130 1217 3213 (Decium.

242 3240 257 3277 a
278 3218 311 3277 in
325 3216 444 3298 Eaanp.
460 3215 539 3278 Ecce
549 3233 611 3290 reos,
623 3214 719 3297 eto),
735 3215 871 3277 hermem
884 3217 1219 3303 qnorende’proprium,

242 3327 257 3366 a
276 3315 329 3366 aut
340 3305 469 3386 corporis
482 3303 660 3385 voluptatem
671 3320 684 3380 ;
697 3324 764 3387 qao
776 3325 829 3366 sera
843 3315 919 3380 sant,
935 3325 994 3367 non
1009 3325 1080 3388 qna
1098 3312 1133 3373 J.
1155 3311 1190 3375 C.
1204 3335 1217 3370 ι

277 3396 312 3455 ll.
337 3391 440 3465 Quoad
463 3391 644 3454 conditiones
668 3402 829 3469 aeternas,
855 3394 992 3476 quinquo
1020 3396 1219 3476 potissimum

237 3481 431 3558 requiruntur
445 3481 475 3542 iu
487 3479 746 3560 promovendisad
760 3481 899 3558 ordines,
917 3501 1027 3564 nempe
1044 3504 1054 3545 s

277 3569 427 3628 oro-1.
449 3567 607 3630 Ordinatio
626 3568 695 3649 fieri
708 3567 792 3630 dedet
812 3569 831 3629 ὰ
848 3569 972 3652 proprio
984 3573 1153 3658 Episcopo.
1169 3585 1218 3638 rto

239 3653 380 3730 guiariter
393 3655 560 3736 Episcopus
575 3662 694 3732 terretur
707 3675 778 3719 suos
796 3657 931 3719 subditos
945 3677 999 3739 per
1013 3679 1046 3721 se
1061 3664 1216 3740 ordinare,

241 3737 295 3798 uisi
317 3737 352 3796 sit
376 3737 536 3817 impeditus
558 3761 594 3804 ex
624 3749 714 3805 carrea
741 3746 841 3814 justa:
873 3753 905 3808 ut
931 3755 1051 3808 constat
1080 3753 1213 3814 Trideut.
