2562 4224
190 360 245 416 t5l
458 367 609 413 susanam
630 364 713 410 annis
734 363 883 408 saxonici.
973 335 975 345 '

192 486 206 519 ι
226 461 387 544 perstiterit
400 461 552 524 voluntate
566 508 574 538 ,
590 461 690 542 ipsum
705 466 861 540 acceptare
871 458 982 521 valebit
998 505 1006 536 ,
1021 460 1159 542 quando

131 605 134 610 .
192 573 206 606 ιι
227 567 360 630 eumque
374 548 543 629 placebit.»
952 549 953 552 ’
1052 571 1055 590 ·

227 643 259 700 2⁰
281 638 483 710 ltcaocationc,
492 655 560 719 qaae
575 654 630 716 pro
644 635 766 697 arbitrio
780 627 1160 716 ldelegantelierlpotes'13

190 745 220 788 cn
234 744 295 808 quo
310 725 631 806 notnpropositionem
644 726 660 785 a
674 725 760 785 Clero
777 720 941 796 Gallicano,
961 741 1046 784 anuo
1061 727 1161 795 1700,

189 819 386 875 damnatam:
405 816 466 873 «ln
496 813 635 874 ministro
656 811 842 872 Paenitentia
865 810 1030 892 requiritur
1055 829 1163 892 appro-

194 923 209 958 ιι
230 903 310 963 batia
324 901 491 978 mainerii,
507 918 575 981 quaa
594 907 692 981 potest
711 899 850 976 limitari,
875 897 928 962 sed
948 917 1010 960 non
1033 898 1164 978 revocari

194 989 438 1050 usinbcaast.n

231 1077 390 1138 Revocatio
417 1082 519 1138 tamen
543 1094 604 1137 non
626 1076 703 1156 parit
731 1075 894 1150 ellectum,
911 1074 969 1136 nisi
995 1075 1166 1136 notificetur

191 1164 340 1244 delegato,
356 1173 446 1244 prout
463 1171 580 1225 constat
593 1183 630 1225 ex
653 1183 719 1244 cap.
734 1164 848 1225 Audita
865 1213 872 1236 ,
887 1162 932 1224 De
949 1165 1045 1224 rescit.
1065 1163 1141 1245 spol.
1158 1184 1164 1223 :

185 1277 214 1320 ,ιι
236 1255 311 1324 Quia
329 1271 392 1313 non
405 1252 604 1314 intelleximus
619 1271 676 1314 nec
691 1252 816 1330 intelligi
831 1252 944 1326 debuit,
961 1260 995 1314 ut
1009 1269 1166 1313 revocare·

198 1364 212 1394 o
233 1347 281 1402 tar
293 1340 375 1420 quod
390 1359 442 1421 per
454 1359 505 1402 vos
518 1340 629 1402 lactum
641 1348 718 1402 esset
725 1341 899 1402 auctoritate
911 1341 1092 1402 Litterarum
1105 1358 1168 1402 nos

197 1454 212 1483 a
234 1436 361 1503 tiaram,
380 1429 560 1491 nlarrdamus
598 1437 748 1510 quatenus
762 1429 943 1490 sententiam
957 1447 1052 1509 quam
1066 1437 1167 1509 protu-

198 1542 214 1573 ιι
236 1517 309 1578 listis
320 1526 385 1578 ante
397 1519 592 1599 posteriorum
607 1518 791 1578 Litterarum
806 1518 1007 1599 receptionem,
1023 1519 1170 1579 occasione

199 1630 215 1664 ιι
235 1605 368 1688 ipsorum
383 1606 554 1668 nallatenus
565 1625 700 1670 reuocare
708 1606 834 1667 tentetis.
851 1629 866 1664 a
924 1669 928 1675 ,

235 1698 269 1757 3⁰
288 1695 389 1776 Lapsa
399 1696 549 1776 temporis,
564 1695 599 1769 si,
616 1713 739 1774 nempe,
754 1711 808 1775 pro
823 1702 959 1774 tempore
971 1693 1169 1756 determinato

195 1781 374 1844 dataluerit.
390 1784 490 1844 Cessat
505 1783 615 1862 pariter
629 1783 715 1843 finito
740 1783 862 1863 negotio
884 1801 939 1862 pro
951 1801 1013 1862 quo
1027 1782 1094 1845 fuit·
1106 1802 1171 1845 con·

197 1889 290 1943 cessa,
303 1876 336 1930 ut
350 1875 468 1930 constat
482 1888 518 1930 ex
532 1889 598 1950 cap.
616 1872 655 1930 In
669 1871 791 1947 titteris,
808 1870 940 1952 Deosfic.
948 1870 1019 1952 jud.
1036 1870 1134 1953 delep.

238 1957 408 2020 Notandum
428 1958 476 2019 lrlc
494 1963 540 2020 est
559 1959 643 2040 qadd
660 1959 829 2038 jurisdictio
843 1959 912 2020 datu
925 1977 998 2020 cum
1011 1960 1149 2038 clausula
1163 1979 1170 2021 t

197 2066 286 2128 usque
308 2046 347 2106 ad
360 2047 573 2128 beneplacitum
589 2096 595 2120 ,
615 2066 667 2128 per
682 2054 810 2110 mortem
829 2047 1024 2109 concedentis
1038 2050 1170 2131 expiret,

198 2156 233 2196 ex
249 2155 316 2216 cap.
333 2135 371 2196 Si
384 2135 520 2218 pretiose,
537 2137 582 2198 De
593 2136 767 2218 Rescriptis,
785 2136 816 2198 in
830 2139 863 2199 6·
878 2155 886 2196 2
902 2135 974 2218 quia
993 2138 1172 2218 perobitum

198 2223 382 2304 extinguitur
398 2223 630 2304 beneplacitum.
647 2225 756 2286 Contra
770 2231 871 2286 tamen
885 2223 976 2285 sentit
994 2226 1031 2286 D.
1056 2226 1172 2300 Bouix,

198 2312 236 2374 de
243 2313 407 2394 privilegiis
417 2313 455 2374 ab
466 2312 614 2393 Episcopo
621 2314 772 2375 concessis
783 2312 839 2392 (De
846 2312 996 2394 Reput.,t.
1006 2317 1037 2388 2,
1049 2333 1080 2395 p.
1092 2316 1172 2398 249);

198 2407 228 2462 ct
249 2403 279 2462 S.
302 2403 423 2482 liguas.
449 2399 505 2480 (De
531 2401 645 2464 Priuil.
674 2401 757 2480 Xlll)
784 2402 863 2463 velut
882 2401 1036 2484 probabile
1058 2411 1174 2485 reputat

197 2489 282 2569 ‹pubd
298 2489 451 2568 privilegia
471 2488 528 2550 sub
548 2488 720 2552 conditione
733 2537 741 2564 ,
756 2489 846 2552 donec
858 2491 996 2568 noluero,
1012 2509 1172 2568 concessa,

199 2595 262 2638 non
285 2586 404 2638 cessent
426 2595 480 2657 per
501 2585 630 2638 mortem
660 2579 865 2640 concedentis.
889 2580 974 2640 Certe
998 2585 1101 2643 lamen
1126 2601 1174 2664 per
1212 2633 1216 2642 .

203 2671 329 2726 mortem
344 2665 431 2744 Papae
451 2683 513 2726 non
534 2673 630 2726 cessat
649 2666 818 2744 jurisdictio
844 2665 912 2728 data
936 2667 992 2729 sub
1017 2670 1173 2746 clausula,

201 2771 290 2832 usque
299 2750 340 2814 od
349 2751 564 2834 beneplacitum
576 2753 610 2816 S.
629 2755 725 2830 Sedis,
739 2756 797 2832 vel,
810 2754 899 2817 donec
908 2775 1095 2830 revocavere,
1107 2759 1175 2838 quia

203 2859 284 2902 mors
298 2857 359 2903 non
374 2848 418 2903 est
432 2849 517 2904 actus
530 2843 740 2906 revocationis.

240 2932 310 2992 286.
327 2929 448 3001 Quaerit.
467 2935 498 2991 1⁰
518 2933 626 2994 Utrum
641 2940 670 2994 et
688 2938 838 3014 quatenus
853 2933 1023 3012 jurisdictio
1043 2935 1175 3017 delegata

198 3025 296 3079 cesset
310 3035 364 3098 per
380 3025 510 3080 mortem
524 3019 650 3098 delegati
661 3067 676 3105 ,Ι
685 3027 735 3082 aut
749 3039 802 3102 per
819 3021 885 3104 ejus
898 3023 1067 3103 quamlibet
1081 3034 1175 3090 muta-

203 3106 336 3168 tionem‘l

239 3197 331 3276 Resp.
353 3195 465 3257 Dicunt
480 3198 685 3258 communiter
698 3205 851 3277 auctores,
867 3199 1020 3281 loquendo
1034 3202 1073 3265 de
1087 3205 1175 3285 privi-

202 3283 297 3364 legiis,
311 3284 393 3365 qudd
408 3285 432 3345 si
454 3284 643 3366 privilegiam
664 3287 700 3346 sit
718 3286 891 3366 personale,
907 3287 1003 3352 ceSset
1021 3309 1075 3371 per
1099 3311 1176 3354 mor·

202 3381 261 3433 tera
280 3371 475 3453 privilegiati3
490 3373 513 3433 si
528 3374 599 3434 racd
619 3373 760 3448 sitrecte,
776 3381 907 3436 transeat
924 3377 960 3438 ad
974 3377 1112 3443 haeredes
1127 3399 1176 3443 sea

201 3477 389 3522 successores
411 3460 499 3522 illius.
523 3461 554 3522 ld
572 3461 728 3524 conforme
749 3471 794 3524 est
809 3466 920 3543 regulae
936 3467 1013 3545 iaris
1025 3472 1062 3544 7,
1082 3469 1114 3530 in
1129 3471 1177 3547 6⁸,

200 3567 269 3627 arua
288 3549 331 3610 sic
347 3566 380 3609 se
399 3547 512 3610 habet:
532 3549 755 3632 «Privilegium
775 3554 932 3633 personale
952 3573 1114 3635 personam
1132 3575 1177 3620 se-

205 3657 220 3692 d
240 3636 343 3715 quitur
357 3641 388 3697 et
401 3637 586 3718 extinguitur
598 3656 670 3702 cum
685 3645 824 3720 persona.
841 3663 857 3702 a

241 3725 309 3783 lton
332 3730 428 3784 cessat
448 3729 551 3787 tamen
574 3726 724 3805 delegatio
747 3731 914 3808 personalis
933 3749 988 3814 per
1011 3735 1179 3815 quamlibet

201 3808 328 3890 delegari
343 3812 554 3883 mutationem,
569 3815 618 3874 sad
630 3812 890 3894 ordinaribipsius
904 3839 1066 3899 personam
1078 3825 1179 3903 sequi·
