2616 4228
488 291 581 336 cxrur
601 291 786 339 rnomurxnn.
1088 287 1126 346 tu

147 391 299 455 memaia'd.
323 391 476 454 Vetustior
498 391 581 452 enim
605 409 667 450 non
691 397 736 452 est
756 392 916 456 schismate
941 396 1121 460 Occidentis.

147 483 224 546 Clam
238 500 274 544 eo
285 488 422 561 tempore
438 479 708 542 circumferrentur
719 483 950 545 constitutiones
963 487 981 546 a
998 486 1127 548 diversis

147 570 400 635 contendentibus
413 569 451 631 de
466 576 591 650 papatu,
607 574 815 648 opportunum
834 571 956 635 Urbano
970 577 1008 636 Vl
1025 576 1124 638 visum

148 660 214 736 luit,
226 661 431 740 utantequam
441 657 612 720 executioni
621 657 878 722 demandarentur
892 664 1128 726 constitutiones

145 747 326 826 Pontificiae‚
340 748 482 830 Episcopi
497 746 706 809 examinarent
720 765 758 808 an
773 749 874 811 atero
889 752 1035 814 Pontifiee
1057 772 1124 833 pro·

145 839 235 902 lectae
260 845 377 914 essent3
406 837 557 918 simulque
584 834 805 916 prohibuerunt
830 838 983 920 principes
1007 841 1122 923 vulgari

143 928 269 992 decreta
281 927 469 990 Pontificum·
478 927 592 1006 absque
607 943 663 987 suo
677 943 829 989 consensu
843 947 897 990 seu
909 929 1031 1010 placito.

189 1019 263 1078 Haec
278 1023 323 1078 est
337 1035 406 1078 vera
421 1015 539 1080 Plociti
553 1015 627 1097 regii
641 1015 728 1097 origo
744 1034 752 1076 ε
771 1016 833 1078 imo
848 1019 989 1099 Lequeux
1011 1019 1057 1102 (n⁰
1072 1019 1124 1102 20)

143 1099 255 1173 auserit
277 1123 308 1168 se
331 1105 450 1168 nullum
473 1121 657 1184 cognoscere
677 1104 846 1186 principem
871 1109 922 1188 qui
947 1109 1126 1188 generaliter

144 1193 226 1257 illud
240 1195 415 1276 praeceperit
433 1199 502 1256 ante
516 1193 702 1256 Ludovicum
717 1195 767 1268 XI,
783 1213 865 1256 auno
880 1199 969 1259 leat.

189 1284 312 1346 Certant
325 1291 369 1344 est
381 1283 455 1346 illud
468 1285 555 1344 antea
569 1301 631 1344 non
644 1281 735 1344 luisse
750 1282 930 1361 adhibitum,
944 1285 1034 1358 etiam
1044 1287 1075 1347 in
1089 1287 1127 1350 iis

148 1372 384 1436 circumstantiis
399 1373 430 1434 in
450 1372 561 1454 quibus
581 1369 776 1434 utilissimum
796 1372 934 1454 judicare
959 1374 1126 1454 potuissent

149 1461 303 1542 principes
319 1461 454 1522 :etenim
471 1479 527 1522 nec
544 1460 739 1540 imperatores
752 1462 930 1542 germanici,
947 1465 979 1524 iu
995 1464 1058 1525 suis
1071 1463 1127 1525 dis

149 1549 236 1613 cidiis
246 1568 317 1612 cum
327 1551 382 1612 SS.
391 1549 600 1626 Pontificibus
615 1549 658 1611 uti
669 1548 780 1630 placito
794 1552 964 1632 cogitarunt
976 1552 1013 1612 ad
1027 1553 1126 1632 impe-

149 1637 295 1700 diendam
321 1639 532 1701 executionem
559 1637 713 1699 Bullarum
741 1637 814 1718 ipsis
837 1638 1043 1715 infensarum3
1070 1659 1131 1716 nec

150 1728 304 1789 Henricus
318 1727 435 1809 Angliae
456 1746 508 1789 rex
528 1727 560 1787 in
582 1727 635 1787 sua
658 1744 729 1786 cum
750 1726 920 1789 Alexandro
942 1729 982 1789 lll
1003 1736 1125 1792 contro-

150 1815 267 1893 versia,
282 1833 340 1878 nec
354 1816 511 1897 Philippus
525 1814 669 1885 Pulcher,
686 1833 739 1876 rex
760 1815 878 1894 Galliae,
900 1816 931 1878 in
947 1819 1001 1879 sua
1015 1818 1127 1880 celebri

138 1905 346 1987 ‚contentione
371 1923 444 1968 cum
466 1903 622 1966 Bonilacio
643 1905 721 1980 VIll;
745 1904 797 1965 sed
816 1905 989 1968 maluerunt
1010 1907 1042 1968 hi
1064 1907 1126 1970 duo

151 1994 307 2076 principes
320 2011 374 2074 per
388 1994 529 2056 custodes
542 1993 656 2074 ubique
669 1993 834 2074 appositos,
851 2012 972 2071 cavere,
988 1997 1131 2080 quamvis

151 2085 211 2146 hoc
229 2083 381 2146 diflicililrs
403 2090 497 2157 esset,
519 2101 557 2146 ue
577 2081 844 2144 introducerentur
857 2083 934 2144 intra
948 2085 1034 2165 regni
1051 2083 1129 2148 lines

150 2172 383 2234 constitutiones
397 2171 570 2254 pontiliciae.

191 2261 287 2322 Porro
301 2261 486 2323 MartinusV
504 2259 624 2322 sustulit
642 2259 869 2340 dispositionem
884 2261 997 2324 Urbani
1019 2263 1072 2338 vt;
1096 2270 1125 2324 et

150 2351 296 2434 paulatim
311 2350 348 2411 ad
362 2350 493 2431 priscam
507 2347 758 2411 consuetudinem
772 2348 902 2409 reditum
917 2357 971 2410 est.

193 2441 272 2501 Ante
283 2456 399 2501 annum
419 2442 513 2516 1493,
532 2437 633 2499 nullus
647 2435 702 2499 luit
716 2453 789 2498 usus
804 2435 903 2516 placiti
920 2437 951 2497 in
963 2437 1123 2517 Hispania,

149 2535 186 2592 ut
207 2534 324 2591 constat
346 2547 384 2590 ex
404 2530 495 2608 supra
514 2527 601 2588 dictis
626 2526 664 2588 de
686 2525 882 2614 concessione
899 2525 1060 2588 Alexandri
1087 2529 1125 2588 Vl

150 2617 343 2682 Ferdinando
357 2625 387 2679 et
410 2617 542 2679 lsabellae
564 2615 655 2692 lacta,
671 2633 740 2696 quae
760 2614 862 2676 locum
881 2614 985 2678 habuit
1004 2617 1125 2678 tantbm
1171 2687 1172 2690 Ἴ

149 2725 208 2788 pro
222 2706 373 2788 rescriptis
384 2705 654 2786 indulgentiarum.

190 2795 405 2858 Necessitatem
422 2793 535 2858 Plociti
549 2794 679 2855 retinere
692 2791 785 2854 voluit
804 2791 974 2869 Lusitania,
988 2799 1127 2874 tempore

149 2884 277 2947 loannis
290 2885 326 2957 11,
342 2883 396 2947 sed
409 2882 522 2946 fortiter
548 2883 712 2946 obsistente
726 2881 904 2943 Innocentio
919 2884 996 2956 Vlll,
1012 2881 1127 2946 abusus

148 2973 287 3038 cessavit.

188 3061 387 3124 Politicorum
398 3061 522 3137 artibus,
536 3059 779 3142 protestantismo
789 3059 920 3136 fovente,
933 3060 1043 3122 rterbm
1053 3061 1124 3124 reti

145 3151 234 3216 viscit
247 3151 278 3213 in
298 3150 401 3212 multis
414 3151 498 3213 locis.
515 3150 651 3212 Primum
666 3149 704 3210 ad
718 3149 863 3230 rescripta
877 3149 980 3228 gratiae
993 3155 1024 3209 et
1035 3151 1123 3227 justi-

147 3242 199 3303 tie
212 3238 334 3321 privatis
345 3238 424 3314 data,
435 3238 569 3300 adhiberi
580 3237 685 3321 coepit;
697 3239 801 3318 postea
811 3237 891 3298 illius
900 3255 973 3298 usus
983 3243 1125 3302 extensus

149 3327 206 3390 tuit
219 3327 256 3389 ad
270 3327 391 3390 decreta
404 3327 570 3410 disciplinae
578 3347 587 3404 ;
610 3327 736 3388 demum
751 3325 789 3388 ad
810 3325 912 3387 Bullas
926 3323 1119 3405 dogmaticas¹

150 3413 210 3479 Sed
222 3418 307 3495 juxta
321 3417 469 3499 Zallinger
482 3417 513 3495 (l.
529 3420 560 3488 5,
577 3415 710 3498 n⁰401)‚
734 3415 765 3475 in
782 3414 878 3476 Gallia
895 3421 1011 3477 constat
1023 3415 1125 3480 Bullas

149 3503 353 3588 dogmaticas,
375 3515 403 3568 et
422 3524 473 3568 eas
493 3524 562 3587 quae
576 3505 613 3567 ad
628 3503 863 3586 prohibitionem
877 3503 1021 3566 librorum
1037 3523 1122 3588 spec-

150 3599 226 3665 tent,
242 3595 308 3656 sine
322 3593 437 3676 placito
455 3595 548 3657 luisse
569 3593 738 3675 publicatas
761 3594 782 3652 ¹.
804 3593 879 3654 ltem
896 3593 928 3654 in
948 3593 1064 3674 Belgio.
1089 3597 1124 3656 lu

165 3745 170 3752 ¹
183 3771 191 3796 ¹
203 3771 317 3822 Attamen
331 3771 369 3823 sic
386 3771 477 3837 legitur
492 3773 557 3838 apud
569 3773 672 3826 Gronxat
683 3773 734 3828 llltt
749 3773 812 3823 droit
827 3773 923 3832 ecclic..
937 3788 981 3835 par
995 3773 1125 3838 Philipps,
