2616 4228
247 317 285 374 68
516 339 669 386 tutamenta
690 346 772 392 tunts
794 351 940 400 enudaret.

245 425 472 508 appellationes,
487 453 555 515 quae
567 436 599 498 in
609 438 763 505 infinitum
777 457 899 513 ruerunt
912 461 1053 524 extensae.
1069 466 1128 529 Sed
1140 469 1212 550 haee,

245 515 413 595 inquimus,
427 523 492 584 sine
507 523 915 612 tundameutoproieruntur.

284 606 315 664 1⁰
334 608 400 668 Non
416 609 470 671 fuit
488 613 664 678 innovatum
683 620 763 683 eirea
783 629 909 691 concilia
922 633 1077 718 dicendo,
1103 659 1212 723 praeter

242 695 415 764 sententium
435 699 562 763 Rotnani
579 705 739 788 Pontificio
757 731 816 775 non
831 735 915 798 posse
930 724 1102 794 celebrari:
1118 739 1204 801 eaden

234 780 323 842 enim
337 783 479 850 dicuntur
488 791 594 868 quinto
607 797 717 859 saeculo
731 800 881 868 &Socrate
892 815 922 870 et
932 814 1112 901 sozomeno,
1127 845 1210 891 oeca-

241 867 325 932 sione
340 874 453 952 Synodi
471 880 610 942 Antioah.
632 885 663 946 in
681 895 742 966 qua
762 891 792 952 S.
811 893 990 964 Athanasius
1008 907 1104 973 luerat
1119 914 1209 998 depo

239 956 323 1019 situs.
337 963 424 1023 huno
439 969 508 1041 451,
528 967 557 1028 in
572 971 707 1036 Concilio
720 977 954 1050 Chalcedonensi
971 991 1038 1072 (art.
1057 999 1101 1079 t),
1118 1004 1206 1087 Lega-

239 1050 286 1104 tus
296 1047 326 1108 S.
339 1049 493 1114 Pontificis
503 1057 638 1122 Dioscori
646 1062 869 1132 damnationem
879 1081 1045 1162 postulans,
1057 1107 1113 1167 pro
1122 1105 1208 1160 eausa

239 1133 397 1214 assignavit
411 1142 493 1220 qudd
503 1163 593 1208 ausus
604 1148 709 1213 fuisset
722 1157 885 1222 concilium
901 1163 997 1230 faeere
1008 1173 1124 1256 absque
1135 1200 1207 1246 aue·

238 1221 354 1286 toritate
368 1228 453 1290 Sedis
476 1235 670 1316 Apostolieae‚
697 1244 777 1322 quod
795 1265 946 1330 nunquam
965 1257 1069 1339 licuit,
1093 1269 1205 1352 aiebat,

232 1326 384 1390 nunqnam
398 1317 508 1396 foetam
523 1335 573 1384 est.
591 1327 669 1406 Ergo
684 1329 813 1398 dicendo
824 1349 940 1418 proeter
953 1356 1132 1420 sententiam
1155 1363 1207 1424 lto

234 1399 317 1459 ,nuni
329 1401 487 1486 Pontificio
496 1413 624 1475 eoncilia
633 1435 782 1500 nonposse
791 1425 937 1494 celebrari
950 1437 1022 1499 nihil
1037 1443 1205 1514 inauditum

233 1489 514 1575 asseruitlsidorus,
531 1502 762 1571 neeinnovavit.
1178 1567 1182 1581 ·

270 1576 305 1636 2⁰
325 1579 388 1642 Nee
401 1581 553 1650 innovavit
566 1591 645 1654 eirea
653 1595 774 1676 jndicio
785 1603 1026 1695 episcoporum,
1043 1621 1094 1684 illa
1105 1643 1203 1692 resero

231 1663 328 1726 vando
344 1668 381 1730 ad
402 1673 432 1733 S.
459 1676 566 1738 Sedem
590 1701 597 1741 :
615 1683 677 1761 jam
701 1689 807 1768 enim,
836 1707 943 1776 quarto
965 1710 1100 1789 saeoulo,
1125 1719 1203 1800 Papa

229 1749 346 1832 tulius,
363 1761 522 1826 scribendo
536 1767 574 1826 ad
594 1771 798 1856 Eusebianos,
820 1781 886 1846 illos
908 1795 1101 1872 reprehendit
1121 1809 1201 1888 qudd

231 1837 425 1907 Athanasium
448 1851 667 1938 ‹leprosuissent
695 1863 868 1935 inconsulta
891 1879 1026 1946 Romane
1046 1891 1198 1973 Ecclesia,

227 1927 309 2004 quod
331 1941 414 1995 voeat
435 1935 609 2024 insuetum,
629 1967 759 2031 novum,
786 1959 970 2048 Patremque
990 1977 1200 2050 traditionibus

226 2021 421 2086 eontrarium.
458 2047 459 2050 ¹

264 2105 297 2164 3⁰
318 2110 521 2196 horrentque
540 2121 671 2188 Isidorus
694 2129 848 2199 innovavit
866 2143 945 2206 eirea
959 2155 1196 2244 appellationes,

225 2189 380 2259 indefinite
404 2202 468 2264 illas
492 2212 692 2279 extendendo.
709 2253 748 2266 -
766 2225 842 2286 Nam
863 2231 887 2290 si
909 2233 1048 2316 legantur
1062 2250 1196 2328 epistole

223 2279 274 2342 SS.
295 2285 489 2368 Pontificum,
507 2305 672 2377 praesertim
694 2309 746 2370 SS.
770 2314 878 2379 Leonis
898 2323 998 2404 Magni
1018 2339 1047 2393 et
1060 2336 1195 2421 Gregorii

221 2369 336 2450 Magni,
354 2377 432 2440 hrevi
450 2386 641 2451 ruanifestum
651 2396 707 2456 erit
721 2403 814 2478 quam
829 2403 1012 2491 frequenter,
1026 2421 1116 2506 longe
1127 2439 1194 2496 ante

220 2453 306 2520 falsas
322 2465 498 2542 haereatis,
518 2479 717 2556 appellaretur
728 2488 765 2548 ad
777 2492 887 2557 Sedem
899 2503 1115 2591 Apostolicam,
1132 2539 1191 2583 non

218 2541 249 2602 in
263 2550 360 2610 causis
376 2557 491 2617 tantiuu
508 2561 743 2648 Episcoporum,
763 2579 815 2640 sed
830 2583 920 2646 etiam
935 2597 1126 2666 sacerdotum
1142 2617 1190 2672 aut

216 2629 395 2700 elericorum
410 2645 523 2707 ordinis
534 2649 699 2720 inferioris¹
709 2665 897 2734 .—Attamen
908 2677 1018 2764 Fleury
1028 2707 1191 2781 praesump-

216 2728 293 2782 serat
307 2724 344 2786 de
359 2727 465 2792 iisdem
487 2738 538 2798 SS.
564 2741 664 2807 Leone
678 2756 707 2810 et
729 2755 871 2838 Gregorio
893 2766 1003 2848 Magno
1023 2793 1160 2849 asserere
1180 2811 1187 2850 :

219 2807 266 2868 att
275 2817 321 2872 est
334 2813 404 2878 hieu
419 2825 543 2903 certain,
559 2829 635 2894 dans
650 2835 677 2898 le
689 2837 752 2918 fait,
769 2849 857 2926 qu’ils
869 2853 1075 2940 n'ontjaoeeis
1086 2883 1190 2940 eaeree'

173 2885 174 2888 ’
217 2915 233 2954 a
252 2904 330 2962 cette
351 2909 477 2972 autorite
500 2923 644 3000 marquea
658 2925 733 2990 dans
752 2931 795 2996 les
814 2939 982 3009 De'cre'tales
1004 2952 1183 3026 d’lsidoreo

212 2981 438 3069 (appellationes
451 3003 648 3095 excipiendi).
664 3016 708 3078 Ex
720 3039 781 3100 quo
795 3038 894 3106 posset
908 3039 1047 3104 concludi
1062 3047 1181 3136 Fleury,

220 3091 378 3160 numquam
391 3093 443 3149 aut
456 3091 620 3161 admodum
638 3106 716 3168 mate
731 3109 836 3192 legisse
849 3119 989 3199 epistolas
1003 3133 1056 3196 SS.
1076 3138 1183 3210 Leone

209 3171 238 3223 et
252 3167 386 3252 Gregorii
400 3177 512 3260 Magni.
787 3226 789 3230 ’

239 3381 247 3408 ¹
263 3379 297 3429 De
316 3382 341 3432 S.
362 3385 444 3440 Leone
467 3392 579 3458 legenda
602 3412 661 3456 suut
678 3409 721 3460 20·
737 3414 767 3464 ad
786 3416 928 3476 Flavianum
948 3444 992 3494 pro
1015 3439 1183 3501 appellatione

206 3445 341 3502 Eutiohetis
351 3471 358 3515 ;
369 3457 416 3510 litt.
431 3463 473 3513 ld·
482 3481 526 3530 pro
537 3473 701 3537 appellatione
710 3482 820 3539 Flaviani
829 3508 835 3551 ;
844 3493 891 3546 litt.
906 3497 948 3548 89·
962 3502 993 3552 ad
1006 3505 1181 3581 Pulcheriam;

205 3514 251 3566 litt.
267 3521 324 3572 105·
332 3526 440 3581 Anatolii
455 3535 605 3596 Patriarehae
621 3547 904 3627 Constantinopolitani,
921 3577 969 3623 ete.
983 3602 1015 3614 -
1027 3578 1062 3630 lle
1074 3583 1101 3634 S.
1117 3587 1180 3640 Gre-

203 3589 274 3668 gorio
298 3593 409 3660 legendae
426 3613 483 3655 sunt
501 3609 548 3664 litt.
563 3617 595 3666 ad
609 3618 735 3687 Natalem,
750 3628 794 3683 lib.
812 3645 829 3698 1,
848 3652 886 3703 ep.
904 3642 934 3692 ta
953 3651 977 3695 et
988 3645 1032 3700 lib.
1050 3664 1076 3713 u,
1096 3671 1136 3724 ep.
1150 3663 1180 3711 rt

204 3658 264 3711 atris
274 3663 394 3720 18.-td
406 3672 526 3732 Hilarium
541 3685 654 3742 Monaeh.
670 3695 820 3768 Africanum,
835 3707 877 3760 lib.
893 3713 915 3773 t,
927 3714 966 3775 82,
980 3718 1040 3769 alias
1052 3723 1091 3774 8t.
1103 3756 1135 3768 -

203 3727 346 3786 ianuarium
371 3741 495 3812 Episcopi..
517 3752 559 3805 lib.
579 3771 596 3807 n
615 3761 645 3811 at
668 3765 707 3814 ,Γ

204 3799 291 3854 eitatae.
305 3807 428 3878 (liemaro.
442 3832 484 3868 aur
