2526 4210
481 293 570 336 urana
588 293 706 338 narnus.
1024 287 1081 344 20¹1

103 391 318 465 celebrantur;
333 390 381 452 die
400 390 470 452 verd
487 388 618 462 decimo,
636 389 808 453 cardinales
823 393 968 456 Conclave
981 395 1082 476 ingre·

104 480 233 541 diuntur
254 497 325 540 curn
343 478 463 541 duobus
475 476 521 538 vel
539 475 635 538 tribus
654 477 788 556 clericis,
805 483 857 560 qui
872 481 938 543 ided
957 483 1083 547 Concla-

102 568 190 630 uisite
201 576 358 629 vocantur.
398 577 401 582 '
453 598 455 604 π
584 587 585 590 ’
1077 633 1079 638 ,

146 656 247 720 Semel
262 654 405 736 ingressis
424 655 506 716 exire
528 672 588 716 non
610 655 677 718 licet
697 660 767 718 ante
787 656 964 721 electionem
983 679 1083 742 perac-

103 753 188 820 tanr;
215 750 245 805 et
271 745 322 824 qui
352 747 369 804 a
397 743 503 804 morbo
530 751 652 804 coactus
679 743 797 818 exiret,
820 745 870 822 jus
895 749 1083 826 regrediendi

102 834 267 893 amitteret.
283 831 554 899 Admittendisunt
566 837 669 898 tamen
684 831 855 894 Cardinales
866 835 980 897 tardius
993 837 1085 900 adve·'

104 922 237 982 cientes

147 1012 191 1070 lix
212 1009 431 1072 Constitutione
449 1007 577 1071 AEterm'
599 1010 706 1071 Patris
730 1011 864 1090 Gregorii
889 1015 953 1091 XV,
978 1015 1077 1080 electi(

104 1099 172 1158 lieri
196 1106 293 1176 potest
317 1117 371 1179 per
395 1097 581 1160 Scrutinium
606 1107 658 1158 cat
672 1117 730 1178 per
754 1099 1014 1181 Comprcmissum,
1033 1110 1085 1168 aut

105 1205 162 1264 per
177 1185 271 1260 Quasi
285 1187 522 1268 inspirationem.
535 1185 617 1247 Solet
630 1196 730 1248 autem
743 1187 807 1249 lieri
821 1192 1082 1269 perscrutinium:

105 1275 144 1335 ad
167 1275 224 1336 hoc
245 1282 306 1336 tres
325 1281 405 1336 sorte
429 1275 582 1354 eliguntur
603 1281 785 1337 scrutatores
809 1299 815 1336 :
835 1280 1028 1360 praestitoque
1046 1283 1085 1344 ab

105 1382 295 1444 utroquoque
311 1363 513 1425 cardinalium
526 1365 699 1441 iuramento
713 1365 843 1444 eligendi
858 1387 951 1447 quem
965 1369 1083 1450 dignio-

105 1469 174 1513 rem
188 1453 412 1526 existimaverit,
427 1452 538 1530 singuli
553 1471 643 1514 suurn
658 1453 816 1531 deponunt
829 1463 933 1516 votum
949 1457 979 1517 in
992 1460 1084 1521 calice

104 1559 201 1617 super
218 1541 302 1602 altari
324 1541 435 1620 posito;
453 1540 590 1602 scrutatis
610 1540 721 1602 deinde
741 1542 908 1621 suffragiis,
925 1545 950 1605 si
966 1545 1034 1607 duae
1048 1566 1083 1610 ex

106 1630 153 1688 tril
166 1646 205 1693 ur
218 1629 351 1709 partibus
364 1630 395 1690 in
410 1647 507 1690 unuin
517 1628 710 1698 conveniant,
723 1647 771 1690 res
783 1631 915 1714 perfecta
926 1639 981 1709 est,
994 1635 1085 1698 modd

106 1736 169 1777 non
194 1725 364 1798 opponatur
387 1717 507 1778 sibimet
534 1716 663 1778 electum
690 1716 865 1798 suffragium
892 1722 1081 1786 contulisse:

104 1806 178 1886 quia
194 1806 223 1866 in
246 1806 303 1867 hoc
322 1825 393 1868 casu
408 1805 515 1867 electio
530 1803 606 1865 toret
622 1805 722 1882 nulla,
740 1808 795 1867 nisi
812 1818 931 1889 peracta
950 1809 1083 1876 tuisseta

104 1898 175 1974 plus
190 1897 284 1974 quarn
297 1894 415 1956 duabus
430 1913 466 1954 ex
481 1893 576 1954 tribus
590 1893 736 1973 partibus.

148 1983 248 2043 Semel
261 1992 362 2044 autem
376 1983 527 2063 publicato
543 1983 699 2056 scrutinio,
715 1983 738 2044 si
753 1983 821 2048 duae
833 1993 932 2066 partes
942 1989 972 2050 in
986 2009 1083 2054 unum

101 2072 464 2148 conveniant,'eleetores
482 2090 543 2132 nou
560 2079 687 2151 possunt
703 2073 834 2152 amplius
850 2078 962 2140 variare
977 2098 984 2138 :
999 2080 1083 2144 ided-

102 2179 167 2243 que
182 2161 202 2220 ii
218 2162 389 2223 Cardinales
406 2161 516 2243 quilius
530 2161 680 2222 incumbit
694 2162 771 2222 tueri
789 2165 977 2227 saecularium
1000 2169 1082 2247 prin-

101 2251 210 2328 cipum
235 2250 314 2328 jura‚
345 2267 406 2312 nou
435 2249 547 2311 debent
573 2256 731 2330 expectare
759 2250 852 2312 finem
881 2255 1030 2331 scrutinii,
1057 2258 1084 2320 si

102 2338 226 2399 rideant
239 2339 416 2400 electionem
430 2337 490 2400 hirc
501 2356 624 2418 vergere
643 2344 677 2398 ut
692 2338 716 2398 is
733 2337 907 2420 designetur
924 2361 1016 2423 quern
1028 2365 1082 2408 sua

102 2427 194 2487 Curia
209 2428 326 2507 repellit
342 2427 512 2504 (sciendum
527 2434 571 2488 est
585 2427 667 2488 enirn
682 2433 742 2486 tres
757 2430 911 2509 principes
928 2449 935 2490 ε
950 2433 1060 2496 Germa

103 2535 180 2577 num
192 2516 329 2578 videlicet
341 2519 577 2596 Imperatorem,
593 2517 708 2596 Regem
723 2517 769 2576 vel
783 2519 997 2597 Imperatorem
1012 2522 1080 2585 Gal·

102 2605 161 2678 lim,
180 2606 392 2686 Hispaniaque
406 2608 520 2685 Regem
534 2602 645 2665 habere
659 2604 794 2684 singulos
806 2607 855 2684 jus
870 2627 966 2670 unum
978 2612 1081 2675 exclu-

100 2693 217 2772 dendi).
235 2695 265 2755 si
277 2696 349 2756 verd
365 2695 434 2756 duae
449 2693 594 2754 extribus
608 2693 744 2774 partibus
759 2694 923 2758 electorum
939 2699 970 2758 in
984 2719 1079 2763 unum

100 2801 165 2844 non
177 2785 384 2857 convenerint,
400 2783 491 2845 etiam
508 2781 661 2863 publicato
675 2784 833 2861 scrutinio,
850 2794 946 2865 potest
958 2791 1079 2868 procedi

99 2871 138 2932 ad
154 2871 213 2934 hoc
227 2874 308 2952 quod
320 2880 443 2935 vocatur
455 2875 602 2948 Accersas,
618 2889 671 2932 seu
684 2878 781 2951 potest
794 2875 895 2935 minor
909 2895 978 2956 pars
994 2898 1079 2943 acce-

98 2959 173 3022 dere
191 2961 228 3022 ad
246 2963 408 3041 majorem,
423 2961 486 3022 inid
501 2961 598 3038 major
611 2959 649 3021 ad
664 2961 815 3022 minorent
833 2971 861 3024 et
876 2966 965 3025 etiam
983 2968 1078 3028 mini-

99 3067 184 3110 mam
193 3069 203 3125 3
220 3054 251 3111 et
270 3051 306 3122 si,
321 3069 358 3112 ex
381 3049 436 3113 hac
457 3050 640 3130 accessione,
653 3049 721 3110 duae
741 3061 841 3130 partes
861 3053 1026 3114 electorum
1048 3057 1077 3118 in

97 3137 182 3199 idam
201 3139 402 3216 conveniant,
421 3139 560 3202 absoluta
579 3145 623 3200 est
645 3139 761 3222 electio.
787 3141 973 3201 Scrutinium
990 3142 1079 3205 habet

102 3228 207 3290 locum
224 3228 351 3309 siugulis
376 3229 498 3305 diebus,
527 3245 615 3288 ruane
634 3232 664 3288 et
683 3241 805 3306 vespere
816 3249 826 3303 3
855 3247 993 3290 accessus
1018 3239 1076 3294 tan·

96 3317 163 3377 tinn
180 3319 313 3396 vespere,
329 3319 499 3398 usquedum
511 3316 641 3399 perfecta
660 3315 697 3376 sit
712 3316 827 3378 electio.

139 3407 263 3466 Peracta
284 3406 446 3482 electione,
463 3407 562 3468 statim
577 3407 630 3487 qui
649 3405 764 3466 electus
783 3413 827 3467 est
841 3406 985 3469 salutatur
997 3409 1075 3472 Pon·

94 3493 189 3568 tifex,
216 3496 386 3575 potiturque
410 3497 503 3576 ipsius
525 3514 696 3569 eonsensus3
726 3513 787 3574 quo
810 3495 891 3571 dato,
919 3499 1074 3577 continuo,

95 3583 214 3664 absque
229 3584 289 3644 utta
302 3589 496 3666 quacumque
508 3584 759 3658 confirmatione,
774 3583 816 3644 sic
830 3584 954 3660 electus,
970 3589 1024 3650 etsi
1038 3588 1077 3650 ad

93 3672 219 3734 ordines
238 3673 375 3734 noudum
391 3681 559 3755 promotus,
576 3673 703 3734 edicitur
723 3671 829 3734 Christi
858 3673 1007 3752 Victurus,
1024 3694 1074 3738 su·

94 3779 236 3839 premam
253 3771 282 3822 et
296 3763 419 3844 plenam
434 3762 591 3845 possidens
604 3761 814 3823 auctoritatem
830 3763 861 3824 in
875 3763 1072 3826 universalem
