2590 4214
520 288 605 332 araca
627 287 745 335 rainae.
848 313 851 316 -
1062 274 1123 331 425

187 387 260 466 Ejus
281 403 392 448 munus
406 393 450 447 est
465 385 634 446 ministrare
647 385 685 448 ad
701 387 814 462 altare,
835 385 1029 462 catechizare,
1046 403 1121 447 can-

147 483 211 537 tare
225 474 438 554 Evangelium,
454 479 564 536 etcum
577 473 716 536 facultate
731 473 853 556 parochi
869 474 1043 556 praedicare,
1057 473 1125 556 bap

147 563 248 640 tizare,
262 562 477 625 Eucharistiam
492 563 576 638 dare,
589 562 641 624 sed
656 563 756 624 solium
771 563 802 623 in
816 564 1002 625 necessitate.
1075 563 1077 566 ’

188 653 299 713 Munus
314 651 497 732 praedicandi
512 651 577 712 sine
590 651 731 733 Episcopi
744 650 841 728 rania,
856 649 947 737 etiam
962 649 1129 716 idiaconis

152 747 176 804 tt
192 739 375 821 presbyteris
389 740 520 802 exerceri
541 741 657 820 nequit.

189 827 293 900 Quoad
308 845 425 910 munus
434 827 602 910 baptizandi
616 829 659 890 sic
668 827 778 890 dicitur
789 827 820 889 in
831 847 948 890 canone
960 827 1108 890 Diaconos

149 917 218 978 dist.
235 920 284 991 93,
302 935 338 978 ex
354 917 433 998 Papa
448 917 566 980 Gelasio
583 936 589 977 :
611 916 775 991 alliaceni,
789 917 904 998 absque
916 917 1068 998 Episcopo
1081 931 1119 978 ve

153 1028 168 1064 u
189 1005 385 1086 presbytero,
403 1006 550 1085 baptizare
565 1023 626 1067 non
642 1005 787 1080 audeant,
804 1005 860 1066 nisi
877 1005 1028 1086 praedictis
1043 1005 1128 1066 ordi-

152 1116 167 1152 a
190 1091 279 1156 nibus
296 1093 414 1174 longius
426 1093 613 1170 constitutis,
630 1093 791 1154 necessitas
803 1093 972 1174 compellat.
989 1115 1004 1152 a

194 1205 210 1241 a
231 1183 276 1243 Ex
292 1182 414 1263 praelato
432 1190 531 1244 autem
546 1189 630 1244 textu
652 1184 733 1244 reete
752 1181 842 1244 infert
856 1184 952 1243 Gonet
967 1181 1048 1263 quod
1063 1183 1132 1244 talis

150 1271 325 1334 commissio
340 1271 444 1352 nequit
457 1271 586 1333 diacono
606 1271 669 1332 lieri
683 1271 741 1332 nisi
757 1271 797 1332 cb
811 1289 954 1351 magnam
969 1271 1128 1333 necessita·

151 1371 231 1434 tem,
256 1359 302 1420 vel
317 1359 457 1421 Ecclesiae
474 1360 649 1436 utilitatem,
666 1365 737 1440 puta
751 1359 776 1420 si
797 1377 859 1420 non
878 1359 1017 1420 adessent
1031 1378 1127 1421 sacer·

150 1449 237 1511 dotes
254 1468 261 1508 :
278 1447 357 1508 velut
370 1447 475 1510 dicunt
489 1451 652 1523 Suarea...,
668 1448 790 1523 Paleas,
806 1449 968 1526 Sporer...,
983 1449 1039 1508 uisi
1055 1449 1132 1510 adsit

152 1537 314 1600 multitudo
333 1537 600 1618 baptizandorum,
619 1543 671 1600 aut
693 1535 749 1597 nisi
774 1535 924 1616 parochus
944 1537 982 1598 sit
1003 1537 1135 1616 graviter

151 1627 307 1702 infirmus,
322 1627 369 1688 vel
384 1626 679 1702 excommunicatus,
694 1625 741 1687 vel
755 1625 828 1686 alias
841 1631 1006 1704 occupatus
1017 1625 1131 1688 contes-

151 1715 289 1777 sionibus
309 1713 493 1795 excipiendis
515 1724 566 1777 aut
585 1713 802 1794 praedicationi.
822 1734 837 1772 u
858 1715 888 1774 S.
906 1714 1042 1794 ligneo,
1058 1713 1077 1774 l.
1095 1718 1133 1790 6,

154 1807 269 1866 natta.

192 1893 368 1955 secundum
380 1893 560 1954 sententiam
576 1891 820 1952 communiorem
834 1897 863 1951 et
879 1891 1133 1972 probabiliorem,

150 1980 299 2044 diaconus
322 1981 474 2062 baptizans
499 1979 665 2041 solemniter
683 1977 747 2040 siue
765 1979 985 2057 commissione,
1013 1981 1073 2044 sive
1100 1983 1134 2043 in

153 2070 328 2132 necessitate
339 2071 399 2130 sive
409 2075 503 2144 extra,
513 2069 639 2130 incurrit
649 2068 912 2148 irregularitatem,
924 2069 947 2128 si
961 2069 1034 2130 illud
1045 2069 1132 2131 faciat

151 2177 189 2220 ex
208 2161 376 2220 temeritate
392 2163 422 2218 et
439 2175 510 2219 cum
530 2157 672 2230 scientia,
697 2174 785 2217 secus
807 2157 832 2216 si
856 2174 910 2234 per
931 2155 1134 2235 ignorantiam

150 2248 243 2310 etiam
259 2265 401 2310 crassam.
418 2246 493 2308 Vide
507 2265 573 2326 cap.
590 2244 720 2326 Siquis,
736 2243 781 2304 De
793 2243 894 2305 cleric.
911 2263 968 2302 aon
982 2243 1043 2307 ord.
1056 2247 1128 2306 min.

193 2335 297 2408 Quoad
313 2335 508 2396 Eucharistiae
527 2334 837 2408 administrationem,
867 2350 1043 2394 caninas...
1060 2352 1129 2395 oon·

155 2447 172 2482 a
193 2425 317 2502 veniunt
332 2423 411 2505 qudd
430 2424 460 2484 in
476 2423 653 2484 necessitate
667 2423 814 2498 extrema,
828 2419 951 2482 absente
965 2421 1130 2494 sacerdote,

156 2537 173 2568 a
194 2513 340 2574 diaconus
353 2512 461 2592 poterit
476 2516 506 2572 et
519 2511 670 2572 tenebitur
681 2511 832 2571 Viaticum
847 2509 1019 2569 ministrare
1034 2509 1136 2572 adhuc

156 2626 172 2661 a
193 2604 259 2664 sine
271 2602 524 2678 commissione..;
539 2601 691 2662 Diaconos
706 2605 819 2674 autem,
829 2597 901 2658 dum
912 2597 1131 2660 Eucharistiam

156 2714 172 2750 ι(
194 2691 361 2762 ministrat,
386 2689 474 2752 debet
503 2708 568 2752 esse
599 2687 723 2750 indutus
754 2687 973 2768 superpelliceo
998 2694 1028 2748 et
1056 2689 1135 2750 stola

156 2805 175 2844 ε
192 2783 397 2842 transversa...

198 2879 310 2940 atium
333 2878 533 2939 commissione
553 2877 643 2954 vero,
670 2865 874 2940 communiter
899 2876 1005 2938 dicunt
1029 2877 1133 2958 Suae,

156 2967 323 3040 «Paulus,
349 2969 391 3029 lle
407 2968 508 3048 Euge,
535 2967 694 3043 Salmant,
719 2975 791 3043 etc,
813 2965 949 3026 sufficere
970 2968 1133 3028 necessita*

156 3079 172 3114 r
192 3060 254 3118 tem
265 3073 398 3136 gravem,
412 3056 522 3136 nempe
536 3057 607 3116 clim
622 3055 724 3116 nullus
736 3053 812 3113 adsit
821 3053 972 3127 sacerdos,
986 3054 1038 3132 qui
1051 3073 1121 3117 com

157 3167 172 3204 a
194 3145 284 3207 mode
295 3145 387 3224 possit
397 3142 597 3228 ministraren
608 3141 696 3224 (Vide
708 3144 739 3203 S.
750 3140 886 3220 Lignum,
897 3139 950 3201 lib.
962 3143 992 3216 6,
1003 3145 1037 3200 n⁰
1046 3144 1114 3204 237.

193 3242 427 3304 Controvertitur
437 3257 578 3324 quaenam
591 3241 629 3300 sit
643 3238 767 3300 materia
779 3245 808 3298 el
819 3235 916 3298 forma
926 3237 1127 3301 Diaconatds:

151 3331 202 3394 alii
232 3329 339 3393 dicunt
365 3349 430 3392 esse
457 3329 552 3392 solam
578 3327 771 3389 traditionem
801 3325 868 3386 libri
897 3325 1133 3406 Evangeliorum

150 3439 224 3484 cum
239 3421 294 3482 suit
308 3419 406 3481 forma
421 3439 429 3480 ι
445 3417 570 3498 Accipe,
585 3424 641 3478 etc.
658 3417 715 3476 Alii
730 3415 835 3476 dicunt
849 3432 914 3476 esse
927 3414 1021 3474 solam
1037 3413 1129 3496 impo

150 3509 294 3571 sitionem
309 3525 457 3570 manuum
470 3525 541 3568 cum
556 3505 652 3567 torma
670 3522 677 3564 :
693 3504 804 3586 Accipe
818 3501 970 3584 Spiritum
983 3503 1132 3567 Sanctum

150 3598 191 3658 ad
203 3597 305 3659 robur.
330 3596 387 3657 Alii
402 3595 524 3658 tandem
544 3594 650 3656 dicunt
668 3593 729 3654 duo
748 3591 868 3673 praefata
884 3609 949 3652 esse
971 3594 1130 3654 materiam

150 3685 354 3749 essentialem.
370 3685 445 3746 Vide
467 3684 597 3746 rationes
614 3682 716 3744 allatas
735 3700 790 3763 pro
806 3681 977 3762 respectivis
991 3681 1048 3742 illis
1061 3699 1129 3742 sen·

146 3775 269 3854 ‘ieatiis,
284 3794 333 3856 ap.
354 3775 385 3836 S.
405 3774 527 3855 Lignor.
543 3774 606 3851 (tio.
623 3777 658 3848 6,
676 3781 710 3833 n⁰
724 3769 808 3851 748),
825 3771 877 3842 uui
892 3770 935 3832 sic
949 3769 1130 3832 concludit:
