2548 4216
191 278 249 334 35⁴
464 287 615 332 accursum.
634 283 718 332 tultis
739 285 887 332 canorum.
924 285 926 293 ’

192 405 209 444 ι
228 399 284 446 seu
294 383 444 465 parochus
458 387 549 448 totius
563 384 715 462 lliceccsis,
732 383 785 446 sed
800 383 894 446 solius
905 383 1049 446 Ecclesiae
1064 381 1170 446 Catha-

193 493 208 532 ι
228 472 321 534 dualis
334 495 365 534 u.
376 473 441 536 Hoc
454 479 556 536 umen
569 479 718 536 assertum
733 471 905 534 academia
918 471 1120 534 Lorauiensis
1136 479 1167 534 l).

193 561 291 622 Andre
309 579 370 622 nou
390 563 512 643 respuit.
528 565 565 625 V.
589 561 680 626 Coum
696 561 737 623 du
755 557 839 622 droit
854 561 1031 641 maique,
1053 562 1086 621 a·
1103 559 1169 621 Po·

189 649 287 728 rur’sre,
302 671 332 732 p.
346 653 416 725 338,
432 651 504 712 edit.
519 653 612 714 Paris.
631 655 720 714 185³.

229 739 259 801 Si
275 759 343 802 vera
356 747 456 802 essent
471 739 595 821 praelata
610 747 722 802 asserto
736 739 819 821 quod
829 757 940 820 nempe
952 737 1169 818 Episcopusat

189 827 268 905 Papa
282 827 443 889 mediatam
458 829 557 892 sclhm
572 829 604 890 in
619 827 724 892 fideles
736 827 868 890 habeant
881 820 1072 908 potestatem,
1088 843 1169 888 ccu-

189 915 374 978 cludendum
385 923 463 982 esset
475 935 532 980 nac
545 917 730 999 Episcopum
743 934 801 978 nec
811 917 913 997 ipsum
924 913 1036 995 Papam
1050 915 1167 990 valere,

191 1023 243 1082 per
257 1023 288 1066 se
303 1012 354 1066 aut
369 1024 422 1086 per
441 1005 632 1082 stipantium
649 1012 732 1068 extra
749 1023 855 1068 casum
873 1003 1061 1067 necessitatis
1079 1022 1168 1083 pera·

190 1111 261 1172 gere
285 1111 401 1154 sacram
426 1094 624 1172 functionem,
640 1115 667 1158 v.
691 1115 737 1177 g.‚
763 1093 938 1175 praedicare‚
957 1090 1168 1154 corriessioncs

190 1179 340 1260 excipere,
357 1183 413 1243 nisi
429 1201 465 1244 cx
486 1201 638 1246 consensu
650 1183 871 1266 pamchorum3
887 1181 1001 1262 absque
1017 1183 1104 1242 enim
1117 1181 1166 1242 tati

191 1286 341 1331 consensu
368 1289 419 1332 eas
444 1271 615 1335 functiones
638 1290 780 1334 exercere
804 1289 867 1333 uon
894 1275 1019 1352 possent
1044 1269 1105 1331 nisi
1132 1287 1169 1332 ax

190 1357 395 1438 jurisdictione
409 1359 597 1435 immediata,
613 1381 699 1443 quaa,
712 1361 798 1441 juxta
811 1359 951 1442 praelatos
963 1363 1116 1438 errantes,
1130 1357 1169 1423 ad

190 1444 373 1528 Episcopum
385 1455 414 1510 et
426 1449 464 1510 ad
478 1451 589 1529 Papam
604 1468 667 1512 nou
683 1449 821 1532 pertinet.

232 1534 323 1613 Ciam,
345 1539 430 1616 Juxta
454 1537 592 1619 praefatos
616 1547 770 1616 auctorem
796 1538 946 1620 parochus
969 1537 1009 1598 sit
1036 1555 1169 1618 sponsus

191 1643 278 1686 ruerus
297 1634 326 1687 el
349 1627 468 1708 proprie
488 1626 587 1688 dictus
605 1647 667 1690 suae
682 1625 842 1709 parochiae,
859 1635 891 1689 et
903 1626 942 1687 de
957 1629 1066 1688 natura
1079 1628 1168 1706 spiri·

191 1713 279 1775 tualis
289 1715 451 1792 sponsalitii
463 1717 497 1772 sit
510 1723 539 1774 ut
553 1725 729 1791 perpetuum
741 1722 846 1792 exstet,
857 1715 965 1776 exhinc
970 1715 1059 1792 juxta
1075 1713 1167 1794 ipsos,

191 1801 290 1884 inquit
304 1803 442 1866 D.B0uix
458 1803 514 1881 (Dc
524 1802 665 1882 Peroch,
681 1823 712 1885 p.
728 1807 790 1883 al),
809 1802 903 1867 «dari
915 1803 1168 1886 ncquitcuratus,

196 1911 211 1951 a
233 1911 286 1953 seu
308 1911 412 1955 curam
433 1893 558 1970 alicujus
582 1895 684 1973 populi
706 1893 831 1968 hahens,
850 1892 1026 1954 revocabilis
1049 1892 1088 1952 ad
1114 1912 1169 1954 nu·

195 2001 211 2040 a
231 1987 294 2042 tum
309 2002 316 2052 ;
329 1981 381 2042 sed
391 1983 456 2059 ejus
465 1979 596 2042 officium
610 1984 672 2041 tam
683 1989 726 2042 est
739 1987 919 2061 perpetuum
929 1981 1023 2061 quam
1033 1980 1169 2044 officium

195 2091 211 2152 a
230 2069 381 2151 Episcopi.
416 2072 489 2130 item
521 2067 671 2150 parochus
697 2076 743 2130 est
774 2075 875 2149 pastor
902 2067 1025 2150 proprie
1051 2069 1166 2146 dictus

195 2162 398 2240 «pastoratus
419 2163 519 2218 autem
544 2160 721 2236 potestatum
749 2155 876 2218 includit
895 2174 1020 2237 gregem
1043 2156 1169 2240 regendi

195 2253 261 2310 cet
283 2245 491 2328 gubernandi,
515 2263 550 2306 ac
573 2241 701 2325 proinde
724 2243 965 2326 jurisdictionem
991 2245 1087 2308 etiam
1114 2245 1169 2309 fori

196 2359 211 2396 a
231 2335 359 2410 externi,
376 2353 411 2396 ac
425 2331 552 2414 proinde
564 2338 742 2413 potestatem
756 2333 1065 2411 excommunicandi;
1082 2337 1168 2397 chm-

196 2443 291 2506 aque
315 2421 436 2485 aliunde
459 2421 627 2499 jurisdictio
652 2422 752 2482 omnis
776 2421 899 2503 parochi
927 2421 963 2483 sit
992 2423 1169 2486 immediata

196 2513 367 2594 «privatim
392 2511 430 2571 ad
448 2509 642 2590 Episcopum,
660 2528 717 2571 nec
740 2507 796 2571 fori
815 2512 905 2574 etiam
928 2511 1048 2572 externi
1072 2513 1169 2576 ullum

196 2625 211 2662 a
232 2608 331 2662 actum
355 2616 495 2660 exercere
514 2595 624 2678 poterit
645 2595 814 2681 Episcopus
837 2597 917 2662 circa
938 2599 1120 2680 parochiam
1140 2608 1170 2664 et

196 2687 446 2772 «parochianos,
472 2687 529 2748 nisi
551 2687 761 2748 consentiente
782 2686 924 2770 pamcho.
943 2689 1020 2750 Item
1043 2689 1171 2772 parochi

196 2799 212 2838 a
228 2777 396 2856 jurisdictio
412 2783 456 2836 est
470 2773 630 2836 ordinaria
644 2793 680 2837 eo
699 2791 791 2838 sensu
804 2775 885 2858 quud
899 2775 1043 2857 delegare
1061 2781 1168 2860 possit.

195 2888 211 2926 a
231 2868 311 2946 Ergo
332 2883 386 2946 pro
407 2864 528 2926 arbitrio
548 2861 715 2945 quemlibet
731 2863 942 2946 presbyterum
955 2912 963 2942 ,
975 2865 1096 2947 absque
1108 2869 1171 2931 ullo

195 2955 400 3018 «interventu
423 2953 562 3035 Episcopi
585 2951 695 3033 poterii
715 2951 883 3034 approbare
906 2959 936 3014 et
957 2951 1111 3033 deputare
1133 2958 1170 3019 sd

196 3069 211 3108 a
230 3042 924 3130 predicendumctsacramentumroenuenuae
931 3041 1171 3109 ministrandum

196 3159 211 3198 a
231 3137 262 3197 in
281 3137 334 3197 sua
354 3131 506 3215 parochia.
521 3133 558 3192 Et
575 3128 699 3192 mudum
717 3129 788 3192 cium
807 3130 960 3212 parochus
978 3130 1047 3194 hcc
1065 3136 1172 3198 omnia

196 3247 211 3286 a
230 3245 267 3287 ex
285 3223 471 3285 institutione
485 3219 598 3298 divini,
610 3220 627 3279 a
641 3217 758 3280 Christo
777 3217 951 3282 immediate
966 3225 1130 3302 acceptata
1142 3232 1172 3286 et

196 3337 211 3375 r
230 3313 325 3395 ipsius
338 3312 437 3373 officio
450 3309 550 3371 divina
562 3307 739 3370 auctoritate
749 3307 881 3390 altigata,
892 3310 911 3370 t
924 3308 1011 3371 nullo
1026 3319 1172 3390 poterunt

196 3425 211 3464 a
231 3400 379 3480 ejusmodi
395 3401 462 3478 jura
475 3396 652 3478 restringi...
670 3419 678 3458 ε
695 3395 769 3482 cum
783 3413 846 3458 uon
861 3396 954 3478 possit
970 3399 1110 3462 Ecclesia
1122 3403 1171 3482 jus

195 3511 210 3548 a
230 3489 366 3549 divinum
385 3488 606 3560 immutare...;
624 3485 696 3545 cium
716 3483 840 3563 parochi
857 3488 921 3547 um
939 3485 1117 3568 pertineant
1134 3491 1173 3554 ad

195 3597 211 3635 c
229 3574 429 3635 hierarchiam
448 3573 589 3635 acclesiae
605 3573 768 3654 integritati
783 3573 985 3638 necessariam
999 3581 1099 3656 quam
1114 3579 1172 3660 ipsi

196 3659 369 3740 «Episcopi
389 3667 419 3720 et
436 3663 528 3740 Papa,
541 3677 598 3722 uec
619 3661 716 3742 magis
731 3667 811 3725 stara
832 3663 928 3745 possit
943 3663 1082 3728 Ecclesia
1102 3668 1174 3730 une

195 3769 210 3806 u
231 3745 369 3824 parochis
382 3749 475 3824 quim
488 3748 553 3806 sine
566 3748 733 3827 Episcopis.
748 3771 765 3807 r
864 3809 868 3816 ,
