2616 4228
208 269 246 315 00
487 274 636 314 eneruem
660 274 741 318 struis
763 275 907 321 cruorum.

204 367 341 446 titusque
356 367 535 431 inhaerentes
549 371 675 452 singulis
693 374 795 437 Gelliae
809 377 962 456 Ecclesiis,
976 381 1077 484 inquit
1090 387 1178 450 Card.

203 455 344 530 Gousset,
369 456 434 518 sine
457 458 518 520 utte
539 458 730 524 distinctione
753 465 867 542 jurium
895 487 1107 535 communium
1129 478 1180 576 ‘vet

207 543 449 621 particularium,
465 544 519 607 sed
532 550 696 629 suppressit
711 556 851 632 perpetuo
865 555 1001 656 titulum,
1018 559 1180 628 decommu-

208 629 325 706 tionem,
341 639 490 715 totumque
497 641 607 696 statum
617 648 788 718 presentem
799 643 881 724 infru
889 657 1069 727 temptorum
1079 653 1112 714 E
1111 653 1182 754 cele·

206 718 328 794 st'orum,
342 721 400 781 und
413 742 477 784 cum
489 725 657 802 respectiot's
670 747 770 791 earum
780 731 908 808 juribus,
925 755 981 837 oon
993 737 1181 838 ¹obstorttedees

203 807 369 869 eorumdem
392 811 646 876 consuetudinibus
673 817 763 879 etiam
787 821 1059 930 t'mmemortottbets.
1087 831 1180 898 Porrd

204 894 286 972 haec,
302 899 469 976 praesertim
488 899 653 965 destructio
672 905 763 970 totius
782 912 875 972 status
894 926 1050 1017 proesentis
1071 921 1180 988 Eccle-

207 983 318 1044 siarum
343 986 455 1061 Gallice,
478 989 636 1054 manifeste
660 992 818 1060 includunt
844 1019 1088 1112 suppressronem
1111 1031 1178 1076 om·

206 1069 290 1132 nium
314 1070 446 1152 ipsarum
466 1079 735 1159 consuetudinum,
755 1104 790 1148 uc
812 1090 939 1168 proinde
961 1103 1180 1169 extinctionem

200 1158 294 1220 totius
305 1159 381 1238 juris
396 1163 486 1242 prisci
500 1165 650 1244 gallicani.
666 1172 756 1252 Ergo,
773 1182 831 1240 etc.

244 1251 312 1309 118.
336 1250 583 1334 Quantacumque
598 1257 636 1318 sit
648 1259 692 1322 vis
707 1263 899 1342 praefatorum
913 1285 1178 1386 argumentorum,

200 1333 307 1412 fateor,
323 1339 411 1400 venie
425 1346 578 1406 tantorum
592 1347 765 1426 Doctorum,
783 1373 843 1416 non
858 1358 931 1420 mihi
942 1363 1037 1427 vrderr
1050 1377 1180 1440 omnmd

199 1423 416 1488 convincentes
435 1429 538 1493 allatas
557 1433 697 1500 rationes.
720 1441 859 1512 Quamvis
879 1449 962 1510 enim
984 1455 1015 1516 S.
1038 1459 1179 1527 Pontifex

203 1515 401 1592 suppresserit
415 1535 522 1580 omnes
540 1521 688 1587 Ecclesias
710 1529 828 1610 Gallice,
849 1553 919 1597 cum
939 1543 1082 1608 omnibus
1097 1549 1179 1631 ipsu-

203 1615 271 1660 rum
283 1600 413 1682 juribus,
429 1606 602 1690 privilegiis,
616 1618 691 1692 ete,
707 1623 926 1705 mutaveritque
943 1635 1039 1694 totum
1056 1635 1179 1707 illarum

202 1695 310 1750 statum
331 1701 531 1774 praesentem,
548 1717 610 1760 non
631 1705 767 1784 sequitur
785 1709 856 1774 inde
874 1716 955 1794 qudd
976 1733 1180 1804 suppresserit

198 1777 348 1856 ,populum
364 1781 483 1850 fidelem
499 1785 529 1846 in
545 1787 640 1850 Gallie
654 1793 845 1878 existentem,
860 1821 917 1866 nec
931 1807 1025 1887 ipsius
1039 1814 1176 1900 Cterum,

198 1863 264 1926 imd
280 1883 336 1927 nec
347 1870 507 1948 Ecclesies,
521 1882 670 1954 quatenus
680 1882 856 1966 simpliciter
869 1894 1031 1977 Ecclesiam
1047 1923 1098 1968 cas
1110 1912 1180 1990 qui-

196 1951 270 2013 dem
285 1959 449 2036 suppressit
468 1967 501 2022 ut
513 1963 704 2047 Metropoles,
721 1973 921 2058 Cathedreles,
938 1994 1009 2063 etc,
1026 2011 1046 2052 n

1048 2003 1179 2065 unvero

196 2037 376 2120 simpliciter
400 2052 433 2107 nt
457 2048 622 2131 Ecclesium
642 2057 774 2141 alioquin
800 2085 837 2128 eo
861 2069 926 2151 ipso
953 2077 1046 2142 cultui

1071 2083 1103 2146 di
1126 2089 1131 2100 '

200 2127 343 2192 inservire
363 2135 493 2214 emptius
514 2157 576 2202 non
599 2155 736 2224 possent,
760 2156 841 2232 quod
868 2160 1016 2228 obsonum
1043 2106 1178 2244 videm?

196 2215 322 2280 Fatcnte
336 2220 465 2302 ipsomet
479 2227 515 2287 D.
530 2227 624 2293 Bouix
640 2232 686 2315 (de
698 2238 858 2323 Repnlor,
870 2254 892 2310 t.
911 2255 940 2329 1,
954 2275 984 2335 p.
999 2261 1065 2322 377·

196 2307 292 2383 pressi
308 2326 370 2370 non
384 2309 469 2376 fuere
482 2333 536 2396 per
549 2318 771 2390 Concordetum
781 2338 811 2394 et
825 2335 925 2401 Builns
939 2277 1174 2440 subseqtit'etsstuels,

198 2392 339 2474 religiosi,
361 2417 418 2462 nec
436 2409 629 2490 monasteria,
647 2431 705 2477 nec
724 2416 846 2486 illorum
861 2426 930 2504 jura
952 2440 981 2496 et
1003 2439 1173 2530 privilegio,

198 2497 254 2543 nec
269 2483 359 2546 etiem
373 2492 524 2568 parochiae
535 2514 603 2575 quae
617 2508 719 2580 postea
729 2515 916 2578 snccurseles
930 2519 1073 2594 institutae
1086 2534 1175 2604 fuere

194 2566 261 2645 (ib,
278 2577 300 2632 t.
321 2577 352 2650 2,
368 2591 399 2654 p.
420 2579 504 2662 359).
525 2583 609 2650 Idem
625 2589 661 2653 D.
683 2592 789 2676 Bouix,
805 2601 840 2664 de
856 2605 990 2673 Porocho
1004 2614 1047 2698 (p.
1069 2627 1128 2688 586
1142 2637 1175 2693 et

192 2657 284 2738 587),
300 2677 363 2722 non
383 2662 472 2727 habet
491 2676 525 2730 ut
545 2691 705 2757 suppresse
723 2703 777 2764 per
792 2689 980 2762 Concordatu

195 2748 354 2808 tronorum
378 2751 416 2812 ab
439 2754 684 2847 immemorabili,
700 2780 752 2834 ant

233 2921 287 2983 His
305 2930 467 3010 suppositis
488 2939 590 3020 certis,
605 2952 635 3006 et
655 2965 717 3011 non
735 2953 822 3020 facite
835 2961 951 3029 videtur
966 2983 1122 3052 quomodo
1135 2989 1171 3053 in

190 3005 321 3074 dubium
335 3019 434 3082 vocari
449 3035 588 3104 possent,
602 3051 668 3112 cur,
684 3042 765 3120 apud
779 3043 898 3130 fideles,
913 3062 994 3139 apud
1008 3066 1124 3138 clerum
1138 3087 1171 3142 et
1185 3102 1190 3110 ·

192 3097 347 3180 religiosos
366 3106 397 3168 in
418 3111 521 3178 Gallice
538 3118 681 3190 Ecclesiis
693 3131 854 3200 existentes
873 3147 1009 3228 tempore
1031 3158 1171 3228 Concor-

189 3183 267 3265 dati,
291 3209 373 3256 enno
397 3202 486 3280 1801,
501 3223 575 3284 cur,
591 3209 758 3295 inquimus,
775 3243 837 3288 non
858 3237 1027 3311 potuissent
1044 3252 1169 3320 retineri

188 3282 425 3350 consuetudines
442 3292 524 3371 apud
544 3314 597 3361 eos
615 3300 749 3384 legitime
766 3310 945 3387 introducere
965 3331 1077 3416 siquos
1096 3342 1168 3408 fue-

190 3361 251 3424 rint
264 3369 363 3434 tales‘?
377 3375 437 3438 Cur
454 3378 630 3462 hujusmodi
648 3403 883 3471 consuetudines
901 3427 1071 3490 necessario
1091 3430 1167 3497 inis·

186 3456 257 3512 sent
275 3473 443 3539 suppressae
459 3470 495 3531 ed
514 3474 597 3554 qudd
615 3479 711 3562 tituli,
725 3487 1007 3588 denominationes,
1023 3520 1167 3604 totusque

189 3542 282 3603 status
297 3564 429 3626 praesens
443 3555 563 3624 illarum
577 3568 782 3640 Ecclesiorum
796 3587 918 3652 extincti
933 3594 1085 3669 fuissent?

227 3629 313 3709 Ouio,
336 3635 489 3722 inquiunt,
510 3649 568 3714 ittae
590 3666 825 3733 consuetudines
848 3688 919 3748 sunt
936 3683 1005 3763 Jura
1028 3692 1165 3774 ipserum

188 3711 391 3785 Ecclesiarum
412 3734 634 3812 extincterum:
656 3751 709 3808 sed
751 3759 804 3820 etsi
829 3767 958 3832 muttum
982 3795 1164 3852 veneremur
