2616 4228
514 746 844 852 PRAEFATIO.

599 989 762 1012 unu-0—

305 1233 343 1280 stt
369 1233 547 1288 Junlonns
568 1236 676 1288 tonis
698 1238 868 1292 GANONlGl
890 1238 1057 1292 rinonns.

631 1415 728 1430 -

329 1581 564 1668 Annnrrssrm,

241 1739 394 1810 Manuale
420 1743 507 1811 cirea
533 1763 664 1811 omnem
688 1742 775 1834 juris
803 1744 952 1814 canonici
976 1746 1165 1829 materiam,

198 1862 238 1930 ab
264 1861 429 1951 aliquibus
453 1861 572 1932 abhinc
594 1864 705 1949 annis,
738 1865 772 1932 in
794 1867 901 1935 lucem
926 1867 1105 1949 edidimus,
1134 1870 1168 1938 in

198 2007 281 2076 quo,
304 1995 353 2054 sat
367 1986 508 2055 breviter
523 1985 656 2076 quidem
669 2039 684 2072 ,.
696 1997 739 2072 et,
757 1987 964 2078 inquantum
984 1988 1168 2078 potuimus,

198 2104 353 2189 dilucide,
371 2105 570 2194 questiones
585 2106 630 2173 ita
640 2107 882 2196 explanavimus
895 2117 948 2191 ut,
966 2107 1005 2175 ad
1021 2107 1168 2196 dirigen-

198 2226 255 2295 dos
265 2227 537 2315 ncopresbyteros
551 2225 585 2293 in
599 2226 682 2294 sacri
700 2226 874 2295 ministerii
891 2227 1067 2311 exercitio,
1086 2249 1171 2317 opus

198 2344 361 2414 sufficiens
380 2353 484 2429 esset,
506 2354 538 2413 et
552 2343 685 2412 insimul
706 2345 780 2433 plus
800 2365 896 2434 aequo
917 2366 984 2412 non
1000 2346 1169 2414 excederet

199 2469 302 2558 justos
312 2467 432 2536 limites
451 2468 538 2536 intra
557 2487 640 2558 quos
655 2487 689 2535 se
708 2465 877 2535 continere
896 2466 991 2535 debet
1006 2467 1091 2536 liber
1103 2469 1170 2538 elo·

199 2588 355 2660 menteris
375 2589 414 2656 ad
439 2607 537 2655 usum
562 2584 821 2656 Seminariorum
847 2585 945 2653 etiam
965 2585 1166 2656 destinatus:

200 2711 238 2782 td
254 2720 433 2798 utrumque
447 2706 533 2776 enim
554 2705 652 2774 finem
672 2704 899 2773 elucubratum
919 2705 1026 2772 suerat
1045 2705 1171 2774 dictum

199 2828 362 2899 Manuale.
384 2825 425 2897 Ut
446 2816 555 2895 nutem
580 2823 719 2915 hujusce
742 2825 852 2914 operis
880 2825 1030 2894 doctrina
1054 2827 1170 2916 majori

199 2971 274 3020 cum
300 2947 420 3017 fiducia
441 2945 684 3036 susciperetur,
707 2945 893 3014 curavimus
919 2946 998 3014 illud
1024 2945 1056 3016 S.
1080 2946 1175 3016 Sedis

200 3069 339 3142 examini
356 3065 540 3156 subjicere,
558 3074 589 3134 et
604 3066 717 3134 reveri
738 3064 779 3132 ab
798 3065 991 3134 auctoritate
1007 3068 1173 3156 superiori

201 3191 403 3263 obtinuimus
422 3186 510 3278 quod
534 3185 698 3254 tduohus
717 3185 844 3254 eximiis
862 3185 1106 3276 professoribus
1125 3209 1174 3257 se·

202 3311 333 3382 minarii
353 3307 491 3380 Romani
511 3305 770 3396 expenderetur,
798 3308 817 3374 ὲ
843 3305 987 3396 quihus,
1014 3327 1074 3396 per
1098 3329 1171 3376 ma-

202 3453 281 3503 num
293 3427 461 3502 secretarii
477 3427 509 3496 S.
524 3424 558 3496 G.
573 3425 707 3510 Indicis,
726 3435 916 3516 sequentem
936 3429 1175 3497 attestationem

175 3525 406 3673 ἷαοοορίηιυε,
437 3571 510 3620 cum
537 3549 689 3618 facultate
716 3549 770 3618 ills
794 3550 906 3618 utendi
934 3561 1033 3640 prout
1058 3550 1176 3617 melius

202 3675 456 3771 iudicaverimus
472 3695 480 3742 :
