2592 4218
526 277 612 322 crena
634 277 752 325 rnrnus.
795 285 796 288 ¹
856 303 857 306 κ
1068 265 1129 322 425

193 377 267 454 ujus
288 392 399 437 munus
412 381 456 436 est
471 375 641 436 ministrare
654 375 691 438 ad
708 376 820 452 altare,
841 375 1035 452 catechizare,
1052 393 1127 437 can-

154 471 217 526 tare
231 463 444 542 Evangelium,
460 469 570 525 etcum
583 463 723 525 facultate
736 463 859 547 parochi
875 463 1049 545 praedicare,
1063 464 1131 546 bap

154 552 255 627 tiuare,
268 551 483 614 Eucharistiam
498 551 582 627 dare,
596 551 648 614 sed
663 553 762 615 solum
777 553 808 613 in
822 553 1008 616 necessitate.
1081 553 1083 556 ’

195 641 306 701 lllunus
321 639 504 721 praedicandi
518 640 583 702 sine
596 640 737 722 Episcopi
750 640 847 717 venit,
862 639 953 731 etiarn
968 639 1135 706 attacoris

159 734 183 792 tt
198 728 381 809 presbyteris
395 729 526 790 exerceri
547 730 663 810 nequit.

196 816 299 887 Quoad
314 834 428 878 munus
440 817 608 898 baptizandi
622 817 665 878 sic
674 816 784 879 dicitur
795 817 826 878 in
837 837 953 879 canone
965 817 1113 880 Diaconos

155 905 224 966 dist.
241 908 290 978 93,
308 923 345 966 ex
359 905 440 986 Papa
454 906 572 968 Gelasio
589 925 595 965 :
617 927 632 964 c
647 905 781 980 Diaconi,
795 906 910 986 absque
922 907 1073 987 Episcopo
1086 920 1125 968 ve

159 1017 174 1052 e
196 993 391 1074 presbytero,
409 993 556 1074 baptizare
571 1011 632 1054 non
647 993 793 1068 audeant,
810 995 866 1055 nisi
882 994 1033 1074 praedictis
1049 994 1133 1055 ordi-

158 1103 173 1140 o
197 1080 285 1144 nibus
302 1081 420 1161 longius
432 1081 619 1158 constitutis,
635 1082 796 1144 necessitas
809 1083 978 1165 compellat.
994 1104 1010 1142 r

201 1193 216 1228 u
237 1171 282 1231 Ex
297 1170 419 1250 praelato
437 1178 537 1232 autem
552 1176 636 1231 textu
657 1173 739 1232 recte
757 1169 848 1232 insert
862 1173 958 1232 Gonet
972 1171 1054 1252 quod
1068 1172 1138 1233 talis

156 1258 331 1321 commissio
346 1259 450 1340 nequit
462 1259 592 1321 diacono
611 1259 675 1321 lieri
689 1259 746 1322 nisi
763 1259 802 1320 ob
817 1278 959 1340 magnam
974 1261 1133 1322 necessita-

157 1357 237 1421 tem,
262 1347 308 1408 vel
323 1347 463 1409 Ecclesia
480 1348 655 1424 utilitatem,
672 1353 743 1428 puta
757 1347 782 1408 si
804 1367 864 1408 non
884 1348 1023 1410 adessent
1036 1367 1132 1409 sacer·

155 1436 242 1498 dotes
260 1455 267 1496 :
283 1435 362 1496 velut
375 1435 480 1497 dicunt
495 1439 658 1512 Suarez...,
673 1436 796 1512 Palaus,
812 1437 973 1516 Sporer...,
988 1438 1044 1497 nisi
1060 1438 1137 1498 adsit

157 1525 319 1586 multitudo
338 1525 606 1606 baptizandorum,
625 1531 677 1588 aut
699 1524 755 1585 nisi
780 1524 929 1604 parochus
949 1525 987 1586 sit
1008 1526 1139 1604 graviter

157 1613 313 1690 infirmuS,
328 1614 374 1682 vel
389 1615 684 1690 excommunicatus,
700 1613 747 1675 vel
760 1613 833 1674 alias
847 1620 1010 1694 occupatus
1022 1615 1136 1676 contes-

157 1702 295 1764 sionibus
315 1701 499 1782 excipiendis
521 1711 572 1764 aut
591 1701 807 1782 praedioationi.
827 1723 843 1760 u
863 1703 893 1762 S.
911 1703 1046 1782 liguor,
1062 1702 1082 1764 l.
1100 1707 1138 1778 6,

159 1795 275 1853 nctto.
569 1811 570 1814 ’

198 1880 374 1942 Secundirm
386 1880 565 1942 sententiam
581 1879 825 1940 commun-iorem
839 1885 868 1939 et
884 1879 1137 1961 probabiliorem,

155 1967 304 2030 diaconus
327 1969 480 2049 baptizans
505 1967 671 2029 solenniter
688 1965 752 2028 sini
770 1967 990 2045 commissione,
1018 1971 1078 2032 sive
1104 1973 1139 2032 in

158 2057 334 2119 necessitate
345 2058 405 2118 siue
415 2062 509 2132 extra,
519 2057 644 2118 incurrit
654 2055 916 2135 irregularitatem,
929 2057 951 2115 si
966 2057 1040 2118 illud
1050 2057 1137 2120 faciat

156 2164 194 2207 ex
213 2148 382 2208 temeritate
397 2150 427 2206 ct
444 2163 516 2206 cum
535 2144 677 2216 scientie,
702 2161 790 2204 secus
812 2144 836 2204 si
861 2162 915 2222 per
936 2143 1139 2223 ignorantiam

156 2235 249 2296 etiam
264 2253 407 2296 crassam.
424 2233 499 2294 Vide
512 2251 578 2313 cap.
595 2231 632 2294 Si
644 2231 725 2313 quis,
741 2230 785 2292 De
798 2231 899 2292 cleric.
916 2251 973 2290 uon
987 2233 1048 2296 ord,
1061 2236 1133 2294 min.

198 2323 303 2394 Quoad
318 2322 513 2383 Eucharistiae
532 2321 841 2395 administrationem,
872 2341 887 2378 <r
904 2338 1048 2382 ornnes...
1064 2341 1134 2384 con·

161 2433 178 2467 c
199 2411 323 2488 veniunt
337 2410 417 2492 qudd
435 2411 465 2470 in
481 2409 658 2471 necessitate
672 2411 818 2486 extrema,
833 2407 956 2469 absente
969 2411 1134 2483 sacerdote,

162 2522 179 2554 u
199 2499 346 2560 diaconus
358 2499 466 2579 poterit
481 2503 511 2558 et
524 2497 674 2559 tenebitur
686 2498 836 2558 Viaticum
851 2497 1024 2558 ministrare
1039 2497 1141 2560 adhuc

161 2612 178 2646 (ι
198 2589 264 2650 sine
277 2589 529 2664 commissione..;
544 2588 696 2648 Diaconus
711 2585 906 2660 autcm‚dum
917 2585 1135 2648 Eucharistiam

162 2699 178 2734 «
199 2677 366 2748 ministret,
391 2677 480 2738 debet
508 2695 573 2738 esse
604 2675 728 2737 indutus
759 2675 978 2756 superpelliceo
1002 2682 1032 2736 et
1061 2677 1139 2737 stole

161 2791 181 2830 ε
198 2769 403 2828 transversa...

203 2865 315 2926 «Cum
339 2864 538 2925 commissione
558 2863 648 2940 verb,
675 2852 878 2926 communiter
903 2861 1010 2925 dicunt
1034 2865 1138 2944 Suar,

161 2953 328 3026 «Paulus,
354 2953 513 3033 licurgo,
540 2953 699 3029 Salmant,
723 2962 795 3029 etc,
817 2951 953 3012 sufficere
975 2955 1137 3016 necessita--

161 3064 178 3099 u
197 3045 259 3104 tem
269 3059 403 3122 gravem,
418 3041 527 3122 nempe
541 3042 611 3102 clim
627 3041 728 3102 nullus
740 3039 816 3100 adsit
826 3040 976 3114 sacerdos,
991 3041 1126 3120 quicum

162 3152 179 3189 u
199 3131 288 3191 mode
300 3131 392 3210 possit
403 3128 601 3214 ministraren
613 3127 701 3210 (Vide
713 3130 743 3189 S.
754 3127 891 3206 Lignor.,
902 3127 954 3188 lib.
967 3131 996 3204 6,
1008 3132 1041 3188 n⁰
1050 3131 1118 3192 237.

198 3227 432 3289 Controvertitur
442 3243 583 3308 quaenanr
596 3227 633 3286 sit
648 3224 771 3286 materia
783 3231 812 3285 et
824 3223 920 3285 lorma
930 3225 1131 3288 Diaconatirs:

156 3315 207 3378 alii
237 3314 344 3377 dicunt
370 3334 435 3377 esse
462 3315 557 3376 solam
583 3313 775 3376 traditionem
805 3313 871 3373 libri
901 3313 1137 3394 Evangeliorum

156 3423 229 3466 cum
244 3407 299 3466 sua
313 3403 410 3465 sormh
426 3423 433 3464 :
449 3401 574 3484 Accipe,
590 3410 646 3464 etc.
662 3403 719 3462 Alii
734 3401 840 3462 dicunt
853 3419 918 3463 esse
931 3401 1025 3462 solam
1040 3401 1133 3482 impe

155 3493 299 3554 sitionern
313 3510 461 3554 manuum
475 3509 546 3552 oum
560 3491 657 3552 forme
674 3509 682 3550 ι
697 3491 808 3571 Accipe
821 3489 973 3570 Spiritum
987 3490 1136 3554 Sanctum

156 3580 196 3641 od
208 3581 310 3644 robur.
335 3579 391 3641 Alii
407 3579 528 3642 tandem
548 3579 655 3640 dicunt
672 3579 733 3640 duo
752 3578 872 3658 praelata
888 3596 952 3639 esse
974 3581 1133 3640 materiam

155 3669 359 3732 essentialem.
375 3669 450 3731 Vide
471 3669 601 3730 rationes
618 3667 720 3729 allatas
739 3686 794 3748 pro
810 3667 980 3748 respectivis
995 3667 1052 3728 illis
1064 3687 1133 3730 sen·

152 3759 273 3838 tentiis,
289 3777 338 3840 ap.
358 3759 389 3820 S.
410 3759 531 3840 lignor.
547 3759 610 3836 (lib.
627 3762 662 3834 6,
681 3767 714 3818 n⁰
727 3755 812 3836 748),
828 3757 880 3827 cui
895 3755 939 3816 sic
952 3755 1133 3818 concludit:
