2616 4228
205 219 242 272 tt.)
475 229 626 273 strumas
645 229 727 274 tunts
747 228 895 274 canumet.

205 326 287 404 gium
303 322 499 384 conferebant
516 324 665 404 praedictis
679 325 837 401 Ecclesiis‚
853 323 907 386 sed
928 326 1046 388 tantiam
1066 327 1180 407 populu
1270 385 1271 388 ,

204 421 256 476 aut
273 416 354 475 ciero
373 411 452 491 apud
471 431 522 474 eas
540 413 758 491 residentibus,
774 421 803 476 et
821 414 986 476 tuncnihil
1008 423 1134 495 apparet
1148 417 1179 478 in

209 502 291 564 Bulla
308 501 527 582 propterquod
547 500 620 564 tales
638 503 873 566 consuetudines
892 501 1029 564 dicendae
1045 503 1105 564 sint
1126 523 1180 586 per

205 609 272 654 earn
287 607 465 670 suppressae.

245 702 315 764 ldeb
334 700 420 763 Bulla
436 699 494 775 Oui
507 699 640 779 Christi,
657 707 728 774 etc..
745 701 941 782 intelligenda
954 708 1034 764 esset
1045 703 1075 764 in
1089 721 1180 767 sensu

206 794 242 854 D.
260 791 355 852 Bouix
369 795 399 850 et
412 789 541 851 aliorum
553 795 588 852 ut
601 809 703 870 supra,
718 791 790 871 quis
804 791 848 852 sic
861 792 966 852 Rornae
978 789 1180 872 interpretan-

207 885 274 954 tur;
296 879 347 941 sed
365 879 423 939 hoc
441 878 566 940 minimc
589 879 743 959 probatur.
766 879 829 940 imb
848 879 1034 941 contrarium
1057 888 1184 960 apparet

207 988 245 1032 ex
255 969 409 1030 decisione
424 969 454 1027 S.
467 967 561 1047 Cong.
574 966 835 1048 Indulgentiarum
848 971 884 1028 11
899 967 958 1028 mai
975 971 1051 1029 1853
1063 971 1085 1041 ¹,
1097 970 1182 1047 juxta

207 1076 298 1137 quam
315 1055 508 1134 indulgentie
522 1073 673 1117 concessae
685 1054 980 1118 confraternitatibus
995 1055 1098 1117 Galliae
1113 1062 1183 1119 ante

208 1145 463 1226 perturbationem
479 1147 555 1206 1189
568 1163 629 1204 non
644 1144 768 1206 suerunt
781 1148 927 1206 revocatae
942 1161 996 1224 per
1009 1144 1182 1206 Concorde-

207 1243 273 1297 tum
289 1236 361 1296 1801
379 1238 410 1293 et
425 1233 525 1294 Bulias
538 1231 766 1313 subsequentes.

249 1350 309 1408 Nec
318 1345 441 1423 objicias
456 1344 581 1408 hicnon
597 1345 646 1425 agi
659 1343 697 1406 de
710 1346 1000 1421 consuetudinibus,
1016 1347 1068 1408 sed
1083 1349 1184 1428 potius

208 1436 246 1497 do
267 1435 427 1516 privilegiis
446 1435 588 1496 Ecclesiis
606 1434 768 1496 concessis.
788 1437 865 1496 Nam
885 1435 970 1496 Bulla
991 1435 1052 1511 (iai
1070 1437 1173 1498 Christ

209 1526 315 1586 eodem
330 1524 421 1586 modo
434 1523 568 1604 loquitur
576 1522 615 1584 do
625 1521 788 1603 privilegiis
801 1541 835 1585 ae
848 1523 885 1584 de
899 1523 1183 1601 consuetudinibus,

210 1615 290 1675 unde
304 1613 340 1691 si,
357 1611 565 1676 nonobstante
577 1611 675 1686 Bulla,
691 1616 772 1674 certa
786 1611 940 1692 privilegia
953 1611 1027 1673 oiim
1040 1613 1186 1675 Ecclesiis

210 1723 350 1765 concessa
364 1703 462 1764 adhuc
475 1701 653 1778 subsistunt,
669 1719 730 1760 non
750 1707 794 1762 est
808 1701 883 1762 ratio
902 1718 957 1762 cur
976 1719 1037 1761 non
1051 1701 1091 1762 sit
1104 1701 1185 1764 idem

210 1792 373 1852 dicendum
395 1790 433 1851 de
454 1790 543 1851 certis
565 1788 833 1850 consuetudinibus
857 1807 926 1868 quae
946 1789 1088 1851 Ecclesiis
1111 1807 1184 1871 sup·

212 1881 320 1960 pressis
334 1877 406 1939 nihii
417 1878 492 1959 iuris
505 1883 557 1939 aut
571 1877 716 1958 privilegii
730 1876 900 1939 conferunt.

250 1994 396 2052 t’raeterea
416 1989 448 2050 in
471 1988 600 2069 ipsamet
619 1986 704 2049 Bulla
726 1987 784 2062 Qui
805 1986 934 2065 Christi,
956 1991 1029 2064 etc..
1051 1989 1186 2056 dicitur:

214 2101 228 2136 a
251 2083 284 2140 ln
300 2079 371 2160 ipsis
390 2085 491 2140 autem
512 2075 643 2151 statutis,
663 2075 708 2136 vcl
722 2075 900 2152 condendis,
918 2077 966 2140 vel
987 2078 1188 2144 immutandis

214 2191 228 2226 o
250 2168 389 2249 (quaestio
405 2172 451 2228 cst
464 2165 505 2227 ibi
518 2165 557 2226 dc
569 2164 686 2226 statutis
699 2163 1071 2246 capitulorum)‚religiosa
1084 2187 1187 2232 sacro·

214 2280 229 2316 a
250 2275 318 2320 rum
328 2273 481 2318 canonum
495 2253 680 2315 observantia
694 2254 869 2328 retineatur,
885 2272 1058 2335 usuumque
1070 2275 1106 2320 ac
1120 2258 1187 2322 lau-

213 2370 228 2406 o
250 2346 395 2408 dabiiium
408 2342 663 2407 consuetudinum
681 2346 769 2402 antea
785 2342 953 2420 vigentium
967 2347 1187 2423 praesentibus·

212 2459 228 2496 a
248 2455 308 2517 quc
327 2433 562 2497 circumstantiis
584 2428 879 2492 accommodatarum
900 2431 976 2492 ratio
991 2431 1183 2498 habeatur.»
1293 2427 1295 2450 ³

209 2527 280 2596 Quas
302 2524 391 2585 verba
414 2541 476 2584 non
497 2521 675 2601 supponunt
698 2534 806 2579 omnes
823 2519 1059 2582 eonsuetudines
1080 2539 1147 2586 esse
1169 2527 1187 2588 a

210 2614 293 2676 Bulla
307 2628 492 2692 suppressas.

245 2729 286 2790 Ut
307 2724 400 2786 robur
418 2719 610 2804 prefatorum
633 2719 1036 2800 a1·gumentorumdestruat
1054 2723 1091 2784 D.
1112 2724 1185 2787 Jac-

210 2820 320 2896 tguenet
334 2812 418 2894 (lieu.
437 2809 486 2872 des
503 2809 626 2871 scientes
644 2808 754 2886 eccles,
770 2813 809 2871 20
823 2807 929 2871 tetrior
946 2812 1035 2884 1861,
1057 2830 1087 2892 p.
1108 2816 1185 2874 127-

209 2907 276 2982 111)
293 2901 445 2983 congessit
461 2899 571 2962 multas
593 2896 760 2959 decisiones
780 2897 1057 2977 Congregationum
1081 2918 1185 2964 roma·

209 3011 330 3067 narum3
346 2990 399 3053 sed
424 3007 530 3071 parum
550 2986 685 3060 feliciter,
705 2991 739 3049 ut
761 2985 848 3047 nobis
870 2986 1002 3061 videtur,
1024 2988 1097 3050 cum
1122 2989 1183 3054 ilisa

206 3083 373 3144 decisiones
385 3097 439 3141 seu
448 3076 663 3140 declarationes
674 3092 781 3136 omrres
790 3074 952 3156 respiciant
962 3077 1081 3138 tantum
1090 3095 1182 3142 casus

207 3171 237 3234 in
257 3171 369 3254 quibus
383 3168 482 3249 agitur
496 3166 535 3228 de
550 3165 669 3244 iuribus
687 3163 889 3226 Ecclesiarum
905 3161 951 3224 vel
969 3164 1180 3245 Capitulorum

207 3275 433 3344 suppresserunt
440 3277 451 3334 3
464 3254 537 3316 nibil
547 3253 674 3336 proinde
688 3253 929 3335 probantcontra
942 3253 1180 3322 consuetudines

238 3491 245 3518 ⁸
260 3486 312 3538 tid.
325 3486 391 3550 Opus
404 3500 410 3535 :
423 3484 456 3536 Le
468 3481 581 3537 Citritien
591 3477 680 3532 toutre'
689 3492 734 3530 tur
745 3479 769 3530 la
781 3484 869 3531 nature
878 3483 902 3531 et
913 3480 1005 3544 tutone
1015 3481 1175 3549 moladab..

206 3573 248 3625 par
259 3557 283 3608 lo
300 3557 327 3606 P.
340 3557 367 3605 Α.
382 3555 492 3614 ttaurel,
506 3552 609 3611 Jtsuite,
627 3565 652 3616 p.
670 3548 726 3600 ttt.
741 3548 884 3600 becisiones
899 3549 924 3600 in
940 3551 1086 3617 hujusmodi
1098 3569 1176 3619 opero

206 3630 286 3680 relata
296 3627 454 3677 declarantur
462 3621 631 3675 authenticat
643 3619 714 3673 Curti.
723 3620 853 3688 Aequinio,
862 3621 972 3674 Praeiect.
982 3623 1095 3688 ejusden
1104 3627 1175 3678 con·

209 3697 363 3763 ‘rogationis
376 3708 391 3748 tt
404 3695 462 3745 tulii
476 3696 546 3746 tuat.
