<?xml version="1.0" encoding="UTF-8"?>
<!DOCTYPE html PUBLIC "-//W3C//DTD XHTML 1.0 Transitional//EN"
    "http://www.w3.org/TR/xhtml1/DTD/xhtml1-transitional.dtd">
<html xmlns="http://www.w3.org/1999/xhtml" xml:lang="en" lang="en">
 <head>
  <title>
</title>
<meta http-equiv="Content-Type" content="text/html;charset=utf-8" />
  <meta name='ocr-system' content='tesseract 3.04.00' />
  <meta name='ocr-capabilities' content='ocr_page ocr_carea ocr_par ocr_line ocrx_word'/>
</head>
<body>
  <div class='ocr_page' id='page_1' title='image "./elementajurisca01craigoog_0176.png"; bbox 0 0 2562 4224; ppageno 0'>
   <div class='ocr_carea' id='block_1_1' title="bbox 121 317 1096 508">
    <p class='ocr_par' dir='ltr' id='par_1_1' title="bbox 121 317 1096 508">
     <span class='ocr_line' id='line_1_1' title="bbox 494 317 1092 370; baseline 0.003 -4"><span class='ocrx_word' id='word_1_1' title='bbox 494 324 581 367; x_wconf 78' lang='lat' dir='ltr'>elaea</span> <span class='ocrx_word' id='word_1_2' title='bbox 601 322 720 369; x_wconf 76' lang='lat' dir='ltr'>narnus.</span> <span class='ocrx_word' id='word_1_3' title='bbox 1039 317 1092 370; x_wconf 70' lang='lat' dir='ltr'>lta</span> 
     </span>
     <span class='ocr_line' id='line_1_2' title="bbox 121 423 1096 508; baseline -0.002 -22"><span class='ocrx_word' id='word_1_4' title='bbox 121 450 137 486; x_wconf 77' lang='lat' dir='ltr'>a</span> <span class='ocrx_word' id='word_1_5' title='bbox 156 426 261 508; x_wconf 74' lang='lat' dir='ltr'>ficiam</span> <span class='ocrx_word' id='word_1_6' title='bbox 275 442 522 486; x_wconf 81' lang='lat' dir='ltr'>essenoneurum.</span> <span class='ocrx_word' id='word_1_7' title='bbox 538 444 555 480; x_wconf 83' lang='lat' dir='ltr'>a</span> <span class='ocrx_word' id='word_1_8' title='bbox 572 457 612 470; x_wconf 89' lang='lat'>-</span> <span class='ocrx_word' id='word_1_9' title='bbox 626 423 657 484; x_wconf 91' lang='lat' dir='ltr'>Si</span> <span class='ocrx_word' id='word_1_10' title='bbox 673 423 744 484; x_wconf 82' lang='lat' dir='ltr'>vero</span> <span class='ocrx_word' id='word_1_11' title='bbox 756 423 894 485; x_wconf 90' lang='lat' dir='ltr'>habenda</span> <span class='ocrx_word' id='word_1_12' title='bbox 905 424 989 485; x_wconf 87' lang='lat' dir='ltr'>situl</span> <span class='ocrx_word' id='word_1_13' title='bbox 1002 425 1096 504; x_wconf 88' lang='lat' dir='ltr'>gratia</span> 
     </span>
    </p>
   </div>
   <div class='ocr_carea' id='block_1_2' title="bbox 102 510 1096 2093">
    <p class='ocr_par' dir='ltr' id='par_1_2' title="bbox 115 510 1096 772">
     <span class='ocr_line' id='line_1_3' title="bbox 116 510 1096 592; baseline -0.004 -14"><span class='ocrx_word' id='word_1_14' title='bbox 116 513 259 578; x_wconf 83' lang='lat' dir='ltr'>iacienda</span> <span class='ocrx_word' id='word_1_15' title='bbox 271 559 281 589; x_wconf 87' lang='lat'>,</span> <span class='ocrx_word' id='word_1_16' title='bbox 293 529 404 592; x_wconf 85' lang='lat' dir='ltr'>nempe</span> <span class='ocrx_word' id='word_1_17' title='bbox 414 511 439 572; x_wconf 89' lang='lat' dir='ltr'>si</span> <span class='ocrx_word' id='word_1_18' title='bbox 454 511 558 572; x_wconf 93' lang='lat' dir='ltr'>nonin</span> <span class='ocrx_word' id='word_1_19' title='bbox 572 510 746 590; x_wconf 89' lang='lat' dir='ltr'>recipientis</span> <span class='ocrx_word' id='word_1_20' title='bbox 759 511 956 574; x_wconf 89' lang='lat' dir='ltr'>commodum</span> <span class='ocrx_word' id='word_1_21' title='bbox 970 511 1009 572; x_wconf 92' lang='lat' dir='ltr'>sit</span> <span class='ocrx_word' id='word_1_22' title='bbox 1023 530 1096 592; x_wconf 81' lang='lat' dir='ltr'>praa-</span> 
     </span>
     <span class='ocr_line' id='line_1_4' title="bbox 115 599 1095 680; baseline -0.003 -15"><span class='ocrx_word' id='word_1_23' title='bbox 115 604 199 680; x_wconf 88' lang='lat' dir='ltr'>stita,</span> <span class='ocrx_word' id='word_1_24' title='bbox 221 601 274 664; x_wconf 90' lang='lat' dir='ltr'>sed</span> <span class='ocrx_word' id='word_1_25' title='bbox 286 600 433 662; x_wconf 80' lang='lat' dir='ltr'>duntaxat</span> <span class='ocrx_word' id='word_1_26' title='bbox 452 599 482 660; x_wconf 93' lang='lat' dir='ltr'>in</span> <span class='ocrx_word' id='word_1_27' title='bbox 498 599 620 662; x_wconf 90' lang='lat' dir='ltr'>alterius</span> <span class='ocrx_word' id='word_1_28' title='bbox 631 599 775 673; x_wconf 88' lang='lat' dir='ltr'>savorem,</span> <span class='ocrx_word' id='word_1_29' title='bbox 800 605 883 673; x_wconf 84' lang='lat' dir='ltr'>tunc,</span> <span class='ocrx_word' id='word_1_30' title='bbox 909 617 942 661; x_wconf 88' lang='lat' dir='ltr'>re</span> <span class='ocrx_word' id='word_1_31' title='bbox 965 600 1095 680; x_wconf 75' lang='lat' dir='ltr'>integra,</span> 
     </span>
     <span class='ocr_line' id='line_1_5' title="bbox 115 687 1091 772; baseline -0.007 -18"><span class='ocrx_word' id='word_1_32' title='bbox 115 697 214 754; x_wconf 88' lang='lat' dir='ltr'>cessat</span> <span class='ocrx_word' id='word_1_33' title='bbox 233 687 402 772; x_wconf 85' lang='lat' dir='ltr'>jurisdictio</span> <span class='ocrx_word' id='word_1_34' title='bbox 420 705 474 768; x_wconf 91' lang='lat' dir='ltr'>per</span> <span class='ocrx_word' id='word_1_35' title='bbox 487 687 654 768; x_wconf 80' lang='lat' dir='ltr'>delegantis</span> <span class='ocrx_word' id='word_1_36' title='bbox 667 695 796 750; x_wconf 91' lang='lat' dir='ltr'>mortem</span> <span class='ocrx_word' id='word_1_37' title='bbox 815 695 867 750; x_wconf 92' lang='lat' dir='ltr'>aut</span> <span class='ocrx_word' id='word_1_38' title='bbox 885 687 1091 750; x_wconf 79' lang='lat' dir='ltr'><strong>mutationem.</strong></span> 
     </span>
    </p>

    <p class='ocr_par' dir='ltr' id='par_1_3' title="bbox 102 775 1095 2093">
     <span class='ocr_line' id='line_1_6' title="bbox 155 775 1095 858; baseline -0.003 -19"><span class='ocrx_word' id='word_1_39' title='bbox 155 778 313 858; x_wconf 89' lang='lat' dir='ltr'>Delegatio</span> <span class='ocrx_word' id='word_1_40' title='bbox 336 776 408 838; x_wconf 86' lang='lat' dir='ltr'>verd</span> <span class='ocrx_word' id='word_1_41' title='bbox 429 775 557 838; x_wconf 86' lang='lat' dir='ltr'>habetur</span> <span class='ocrx_word' id='word_1_42' title='bbox 578 782 610 838; x_wconf 93' lang='lat' dir='ltr'>ut</span> <span class='ocrx_word' id='word_1_43' title='bbox 632 777 726 856; x_wconf 87' lang='lat' dir='ltr'>gratia</span> <span class='ocrx_word' id='word_1_44' title='bbox 748 775 846 852; x_wconf 89' lang='lat' dir='ltr'>facta,</span> <span class='ocrx_word' id='word_1_45' title='bbox 864 776 983 857; x_wconf 90' lang='lat' dir='ltr'>quoties</span> <span class='ocrx_word' id='word_1_46' title='bbox 1005 776 1095 839; x_wconf 89' lang='lat' dir='ltr'>alicui</span> 
     </span>
     <span class='ocr_line' id='line_1_7' title="bbox 112 863 1092 948; baseline -0.002 -19"><span class='ocrx_word' id='word_1_47' title='bbox 112 867 206 930; x_wconf 91' lang='lat' dir='ltr'>datur</span> <span class='ocrx_word' id='word_1_48' title='bbox 220 885 276 948; x_wconf 90' lang='lat' dir='ltr'>pro</span> <span class='ocrx_word' id='word_1_49' title='bbox 298 864 434 946; x_wconf 83' lang='lat' dir='ltr'>personis</span> <span class='ocrx_word' id='word_1_50' title='bbox 456 863 696 938; x_wconf 75' lang='lat' dir='ltr'>indeterminatio</span> <span class='ocrx_word' id='word_1_51' title='bbox 714 863 794 946; x_wconf 90' lang='lat' dir='ltr'>(cap.</span> <span class='ocrx_word' id='word_1_52' title='bbox 815 864 854 928; x_wconf 89' lang='lat' dir='ltr'>Si</span> <span class='ocrx_word' id='word_1_53' title='bbox 872 864 932 938; x_wconf 86' lang='lat' dir='ltr'>eni,</span> <span class='ocrx_word' id='word_1_54' title='bbox 952 864 996 925; x_wconf 87' lang='lat' dir='ltr'>De</span> <span class='ocrx_word' id='word_1_55' title='bbox 1010 866 1092 928; x_wconf 70' lang='lat' dir='ltr'>Pro</span> 
     </span>
     <span class='ocr_line' id='line_1_8' title="bbox 113 951 1095 1035; baseline -0.001 -21"><span class='ocrx_word' id='word_1_56' title='bbox 113 955 215 1028; x_wconf 80' lang='lat' dir='ltr'>bend,</span> <span class='ocrx_word' id='word_1_57' title='bbox 232 955 263 1015; x_wconf 92' lang='lat' dir='ltr'>in</span> <span class='ocrx_word' id='word_1_58' title='bbox 282 954 348 1035; x_wconf 80' lang='lat'>6⁰);</span> <span class='ocrx_word' id='word_1_59' title='bbox 365 953 435 1034; x_wconf 89' lang='lat' dir='ltr'>quia</span> <span class='ocrx_word' id='word_1_60' title='bbox 450 952 492 1014; x_wconf 88' lang='lat' dir='ltr'>sie</span> <span class='ocrx_word' id='word_1_61' title='bbox 512 951 623 1014; x_wconf 89' lang='lat' dir='ltr'>habere</span> <span class='ocrx_word' id='word_1_62' title='bbox 642 959 819 1032; x_wconf 85' lang='lat' dir='ltr'>potestatem</span> <span class='ocrx_word' id='word_1_63' title='bbox 839 951 1014 1016; x_wconf 84' lang='lat' dir='ltr'>corilerendi</span> <span class='ocrx_word' id='word_1_64' title='bbox 1028 953 1095 1014; x_wconf 87' lang='lat' dir='ltr'>aliis</span> 
     </span>
     <span class='ocr_line' id='line_1_9' title="bbox 111 1041 1093 1124; baseline 0 -20"><span class='ocrx_word' id='word_1_65' title='bbox 111 1044 243 1124; x_wconf 75' lang='lat' dir='ltr'>gratiam</span> <span class='ocrx_word' id='word_1_66' title='bbox 258 1049 303 1104; x_wconf 89' lang='lat' dir='ltr'>est</span> <span class='ocrx_word' id='word_1_67' title='bbox 316 1060 386 1104; x_wconf 90' lang='lat' dir='ltr'>vera</span> <span class='ocrx_word' id='word_1_68' title='bbox 400 1041 605 1122; x_wconf 80' lang='lat' dir='ltr'>prerogativa.</span> <span class='ocrx_word' id='word_1_69' title='bbox 621 1041 652 1102; x_wconf 90' lang='lat' dir='ltr'>Si</span> <span class='ocrx_word' id='word_1_70' title='bbox 666 1049 767 1104; x_wconf 87' lang='lat' dir='ltr'>autem</span> <span class='ocrx_word' id='word_1_71' title='bbox 788 1060 934 1123; x_wconf 87' lang='lat' dir='ltr'>persona,</span> <span class='ocrx_word' id='word_1_72' title='bbox 953 1041 984 1102; x_wconf 92' lang='lat' dir='ltr'>in</span> <span class='ocrx_word' id='word_1_73' title='bbox 1005 1043 1093 1120; x_wconf 74' lang='lat' dir='ltr'>cuius</span> 
     </span>
     <span class='ocr_line' id='line_1_10' title="bbox 110 1129 1091 1210; baseline 0 -18"><span class='ocrx_word' id='word_1_74' title='bbox 110 1131 249 1194; x_wconf 87' lang='lat' dir='ltr'>favorem</span> <span class='ocrx_word' id='word_1_75' title='bbox 260 1130 429 1210; x_wconf 80' lang='lat' dir='ltr'>jurisdictio</span> <span class='ocrx_word' id='word_1_76' title='bbox 443 1136 487 1192; x_wconf 90' lang='lat' dir='ltr'>est</span> <span class='ocrx_word' id='word_1_77' title='bbox 505 1129 672 1192; x_wconf 84' lang='lat' dir='ltr'>exercenda</span> <span class='ocrx_word' id='word_1_78' title='bbox 684 1176 693 1206; x_wconf 87' lang='lat'>,</span> <span class='ocrx_word' id='word_1_79' title='bbox 706 1130 923 1192; x_wconf 72' lang='lat' dir='ltr'>determinatur</span> <span class='ocrx_word' id='word_1_80' title='bbox 933 1176 944 1206; x_wconf 89' lang='lat'>,</span> <span class='ocrx_word' id='word_1_81' title='bbox 956 1138 1031 1193; x_wconf 90' lang='lat' dir='ltr'>tunc</span> <span class='ocrx_word' id='word_1_82' title='bbox 1042 1132 1091 1208; x_wconf 83' lang='lat' dir='ltr'>ju-</span> 
     </span>
     <span class='ocr_line' id='line_1_11' title="bbox 109 1218 1090 1301; baseline 0.001 -21"><span class='ocrx_word' id='word_1_83' title='bbox 109 1219 249 1282; x_wconf 85' lang='lat' dir='ltr'>risdictio</span> <span class='ocrx_word' id='word_1_84' title='bbox 262 1219 362 1280; x_wconf 89' lang='lat' dir='ltr'>adhuc</span> <span class='ocrx_word' id='word_1_85' title='bbox 380 1218 505 1301; x_wconf 89' lang='lat' dir='ltr'>quidem</span> <span class='ocrx_word' id='word_1_86' title='bbox 523 1223 569 1279; x_wconf 92' lang='lat' dir='ltr'>est</span> <span class='ocrx_word' id='word_1_87' title='bbox 585 1218 737 1280; x_wconf 85' lang='lat' dir='ltr'>censenda</span> <span class='ocrx_word' id='word_1_88' title='bbox 757 1220 851 1300; x_wconf 86' lang='lat' dir='ltr'>gratia</span> <span class='ocrx_word' id='word_1_89' title='bbox 865 1219 953 1292; x_wconf 88' lang='lat' dir='ltr'>taeta,</span> <span class='ocrx_word' id='word_1_90' title='bbox 969 1219 994 1280; x_wconf 93' lang='lat' dir='ltr'>si</span> <span class='ocrx_word' id='word_1_91' title='bbox 1008 1219 1090 1282; x_wconf 90' lang='lat' dir='ltr'>dele-</span> 
     </span>
     <span class='ocr_line' id='line_1_12' title="bbox 108 1306 1089 1388; baseline -0.004 -16"><span class='ocrx_word' id='word_1_92' title='bbox 108 1315 202 1388; x_wconf 86' lang='lat' dir='ltr'>gatus</span> <span class='ocrx_word' id='word_1_93' title='bbox 228 1307 333 1369; x_wconf 73' lang='lat' dir='ltr'>halaeri</span> <span class='ocrx_word' id='word_1_94' title='bbox 363 1306 471 1368; x_wconf 90' lang='lat' dir='ltr'>debeat</span> <span class='ocrx_word' id='word_1_95' title='bbox 504 1307 585 1368; x_wconf 78' lang='lat' dir='ltr'>velut</span> <span class='ocrx_word' id='word_1_96' title='bbox 616 1308 802 1370; x_wconf 85' lang='lat' dir='ltr'>necessarius</span> <span class='ocrx_word' id='word_1_97' title='bbox 829 1313 971 1373; x_wconf 74' lang='lat' dir='ltr'>executor</span> <span class='ocrx_word' id='word_1_98' title='bbox 1002 1317 1089 1388; x_wconf 86' lang='lat' dir='ltr'>prout</span> 
     </span>
     <span class='ocr_line' id='line_1_13' title="bbox 107 1393 1090 1477; baseline -0.002 -19"><span class='ocrx_word' id='word_1_99' title='bbox 107 1396 260 1476; x_wconf 87' lang='lat' dir='ltr'>contingit</span> <span class='ocrx_word' id='word_1_100' title='bbox 284 1394 408 1477; x_wconf 89' lang='lat' dir='ltr'>quando</span> <span class='ocrx_word' id='word_1_101' title='bbox 428 1397 444 1456; x_wconf 81' lang='lat' dir='ltr'>a</span> <span class='ocrx_word' id='word_1_102' title='bbox 468 1396 500 1457; x_wconf 91' lang='lat' dir='ltr'>S.</span> <span class='ocrx_word' id='word_1_103' title='bbox 521 1393 598 1456; x_wconf 88' lang='lat' dir='ltr'>Sede</span> <span class='ocrx_word' id='word_1_104' title='bbox 621 1395 773 1457; x_wconf 80' lang='lat' dir='ltr'>obtinetur</span> <span class='ocrx_word' id='word_1_105' title='bbox 796 1395 979 1476; x_wconf 86' lang='lat' dir='ltr'>dispensatio</span> <span class='ocrx_word' id='word_1_106' title='bbox 999 1413 1090 1476; x_wconf 90' lang='lat' dir='ltr'>super</span> 
     </span>
     <span class='ocr_line' id='line_1_14' title="bbox 107 1482 1089 1566; baseline -0.001 -20"><span class='ocrx_word' id='word_1_107' title='bbox 107 1484 334 1566; x_wconf 89' lang='lat' dir='ltr'>impedimento</span> <span class='ocrx_word' id='word_1_108' title='bbox 356 1482 559 1556; x_wconf 86' lang='lat' dir='ltr'>matrimonii,</span> <span class='ocrx_word' id='word_1_109' title='bbox 585 1482 663 1545; x_wconf 68' lang='lat' dir='ltr'>ianm</span> <span class='ocrx_word' id='word_1_110' title='bbox 685 1483 767 1544; x_wconf 92' lang='lat' dir='ltr'>enim</span> <span class='ocrx_word' id='word_1_111' title='bbox 791 1492 835 1545; x_wconf 89' lang='lat' dir='ltr'>est</span> <span class='ocrx_word' id='word_1_112' title='bbox 855 1491 929 1546; x_wconf 88' lang='lat' dir='ltr'>tunc</span> <span class='ocrx_word' id='word_1_113' title='bbox 948 1485 1042 1564; x_wconf 92' lang='lat' dir='ltr'>gratia</span> <span class='ocrx_word' id='word_1_114' title='bbox 1062 1485 1089 1546; x_wconf 90' lang='lat' dir='ltr'>ei</span> 
     </span>
     <span class='ocr_line' id='line_1_15' title="bbox 106 1571 1090 1653; baseline -0.002 -17"><span class='ocrx_word' id='word_1_115' title='bbox 106 1590 183 1636; x_wconf 86' lang='lat' dir='ltr'>oum</span> <span class='ocrx_word' id='word_1_116' title='bbox 206 1591 268 1653; x_wconf 90' lang='lat' dir='ltr'>quo</span> <span class='ocrx_word' id='word_1_117' title='bbox 292 1578 338 1633; x_wconf 88' lang='lat' dir='ltr'>est</span> <span class='ocrx_word' id='word_1_118' title='bbox 359 1571 613 1653; x_wconf 86' lang='lat' dir='ltr'>dispensandum,</span> <span class='ocrx_word' id='word_1_119' title='bbox 638 1572 719 1634; x_wconf 87' lang='lat' dir='ltr'>unde</span> <span class='ocrx_word' id='word_1_120' title='bbox 739 1572 886 1652; x_wconf 83' lang='lat' dir='ltr'>delegatio</span> <span class='ocrx_word' id='word_1_121' title='bbox 909 1590 971 1633; x_wconf 92' lang='lat' dir='ltr'>non</span> <span class='ocrx_word' id='word_1_122' title='bbox 994 1581 1090 1635; x_wconf 89' lang='lat' dir='ltr'>cessat</span> 
     </span>
     <span class='ocr_line' id='line_1_16' title="bbox 105 1659 1089 1740; baseline 0 -18"><span class='ocrx_word' id='word_1_123' title='bbox 105 1667 185 1724; x_wconf 87' lang='lat' dir='ltr'>tuno</span> <span class='ocrx_word' id='word_1_124' title='bbox 198 1668 296 1722; x_wconf 89' lang='lat' dir='ltr'>morte</span> <span class='ocrx_word' id='word_1_125' title='bbox 308 1659 472 1722; x_wconf 73' lang='lat' dir='ltr'>Pontinas.</span> <span class='ocrx_word' id='word_1_126' title='bbox 489 1661 519 1720; x_wconf 90' lang='lat' dir='ltr'>Si</span> <span class='ocrx_word' id='word_1_127' title='bbox 531 1660 601 1721; x_wconf 87' lang='lat' dir='ltr'>rerd</span> <span class='ocrx_word' id='word_1_128' title='bbox 610 1659 764 1740; x_wconf 89' lang='lat' dir='ltr'>delegatus</span> <span class='ocrx_word' id='word_1_129' title='bbox 777 1677 839 1720; x_wconf 93' lang='lat' dir='ltr'>non</span> <span class='ocrx_word' id='word_1_130' title='bbox 854 1661 891 1720; x_wconf 89' lang='lat' dir='ltr'>sit</span> <span class='ocrx_word' id='word_1_131' title='bbox 903 1660 1089 1723; x_wconf 87' lang='lat' dir='ltr'>necessarius</span> 
     </span>
     <span class='ocr_line' id='line_1_17' title="bbox 104 1747 1087 1829; baseline -0.001 -18"><span class='ocrx_word' id='word_1_132' title='bbox 104 1753 275 1826; x_wconf 88' lang='lat' dir='ltr'>executor,</span> <span class='ocrx_word' id='word_1_133' title='bbox 288 1748 313 1809; x_wconf 92' lang='lat' dir='ltr'>si</span> <span class='ocrx_word' id='word_1_134' title='bbox 331 1747 468 1810; x_wconf 88' lang='lat' dir='ltr'>videlicet</span> <span class='ocrx_word' id='word_1_135' title='bbox 483 1749 576 1828; x_wconf 82' lang='lat' dir='ltr'>possit</span> <span class='ocrx_word' id='word_1_136' title='bbox 591 1766 644 1829; x_wconf 90' lang='lat' dir='ltr'>pro</span> <span class='ocrx_word' id='word_1_137' title='bbox 658 1747 779 1810; x_wconf 88' lang='lat' dir='ltr'>arbitrio</span> <span class='ocrx_word' id='word_1_138' title='bbox 794 1766 930 1829; x_wconf 79' lang='lat' dir='ltr'>persone</span> <span class='ocrx_word' id='word_1_139' title='bbox 941 1748 1087 1811; x_wconf 87' lang='lat' dir='ltr'>determi-</span> 
     </span>
     <span class='ocr_line' id='line_1_18' title="bbox 105 1836 1086 1920; baseline 0.001 -21"><span class='ocrx_word' id='word_1_140' title='bbox 105 1844 189 1900; x_wconf 85' lang='lat' dir='ltr'>natae</span> <span class='ocrx_word' id='word_1_141' title='bbox 207 1836 355 1917; x_wconf 88' lang='lat' dir='ltr'>impertiri</span> <span class='ocrx_word' id='word_1_142' title='bbox 373 1837 419 1898; x_wconf 88' lang='lat' dir='ltr'>vel</span> <span class='ocrx_word' id='word_1_143' title='bbox 437 1836 587 1917; x_wconf 90' lang='lat' dir='ltr'>denegare</span> <span class='ocrx_word' id='word_1_144' title='bbox 606 1837 748 1918; x_wconf 86' lang='lat' dir='ltr'>gratiam,</span> <span class='ocrx_word' id='word_1_145' title='bbox 768 1837 915 1920; x_wconf 81' lang='lat' dir='ltr'>delegatio</span> <span class='ocrx_word' id='word_1_146' title='bbox 933 1844 1007 1900; x_wconf 85' lang='lat' dir='ltr'>tuna</span> <span class='ocrx_word' id='word_1_147' title='bbox 1025 1857 1086 1900; x_wconf 91' lang='lat' dir='ltr'>non</span> 
     </span>
     <span class='ocr_line' id='line_1_19' title="bbox 102 1923 1087 2009; baseline -0.002 -19"><span class='ocrx_word' id='word_1_148' title='bbox 102 1934 151 1990; x_wconf 87' lang='lat' dir='ltr'>est</span> <span class='ocrx_word' id='word_1_149' title='bbox 175 1925 270 2001; x_wconf 84' lang='lat' dir='ltr'>gralia</span> <span class='ocrx_word' id='word_1_150' title='bbox 291 1923 379 2002; x_wconf 85' lang='lat' dir='ltr'>lacta,</span> <span class='ocrx_word' id='word_1_151' title='bbox 404 1924 457 1986; x_wconf 88' lang='lat' dir='ltr'>sed</span> <span class='ocrx_word' id='word_1_152' title='bbox 477 1925 577 2006; x_wconf 90' lang='lat' dir='ltr'>potius</span> <span class='ocrx_word' id='word_1_153' title='bbox 590 1924 737 2001; x_wconf 85' lang='lat' dir='ltr'>iacienda,</span> <span class='ocrx_word' id='word_1_154' title='bbox 762 1931 806 2001; x_wconf 89' lang='lat' dir='ltr'>et,</span> <span class='ocrx_word' id='word_1_155' title='bbox 832 1943 865 1988; x_wconf 88' lang='lat' dir='ltr'>re</span> <span class='ocrx_word' id='word_1_156' title='bbox 884 1928 1012 2009; x_wconf 80' lang='lat' dir='ltr'>integra,</span> <span class='ocrx_word' id='word_1_157' title='bbox 1033 1945 1087 2008; x_wconf 89' lang='lat' dir='ltr'>per</span> 
     </span>
     <span class='ocr_line' id='line_1_20' title="bbox 103 2013 805 2093; baseline 0.001 -17"><span class='ocrx_word' id='word_1_158' title='bbox 103 2021 239 2077; x_wconf 90' lang='lat' dir='ltr'>mortem</span> <span class='ocrx_word' id='word_1_159' title='bbox 253 2013 300 2075; x_wconf 86' lang='lat' dir='ltr'>vel</span> <span class='ocrx_word' id='word_1_160' title='bbox 309 2014 508 2075; x_wconf 89' lang='lat' dir='ltr'>mutationem</span> <span class='ocrx_word' id='word_1_161' title='bbox 522 2013 687 2093; x_wconf 81' lang='lat' dir='ltr'>delegantis</span> <span class='ocrx_word' id='word_1_162' title='bbox 699 2022 805 2077; x_wconf 85' lang='lat' dir='ltr'>cessat.</span> 
     </span>
    </p>
   </div>
   <div class='ocr_carea' id='block_1_3' title="bbox 526 2209 674 2272">
    <p class='ocr_par' dir='ltr' id='par_1_4' title="bbox 526 2209 674 2272">
     <span class='ocr_line' id='line_1_21' title="bbox 526 2209 674 2272; baseline 0.02 -5"><span class='ocrx_word' id='word_1_163' title='bbox 526 2210 612 2270; x_wconf 82' lang='lat' dir='ltr'><strong>ART.</strong></span> <span class='ocrx_word' id='word_1_164' title='bbox 635 2209 674 2272; x_wconf 84' lang='lat' dir='ltr'>ll&#39;</span> 
     </span>
    </p>
   </div>
   <div class='ocr_carea' id='block_1_4' title="bbox 133 2356 1055 2503">
    <p class='ocr_par' dir='ltr' id='par_1_5' title="bbox 133 2356 1055 2503">
     <span class='ocr_line' id='line_1_22' title="bbox 133 2356 1055 2406; baseline 0.003 -5"><span class='ocrx_word' id='word_1_165' title='bbox 133 2357 173 2401; x_wconf 80' lang='lat' dir='ltr'>DE</span> <span class='ocrx_word' id='word_1_166' title='bbox 194 2356 374 2404; x_wconf 68' lang='lat' dir='ltr'>cessarione</span> <span class='ocrx_word' id='word_1_167' title='bbox 394 2356 622 2404; x_wconf 77' lang='lat' dir='ltr'>Janlsutcrtottls</span> <span class='ocrx_word' id='word_1_168' title='bbox 642 2357 811 2404; x_wconf 68' lang='lat' dir='ltr'>damnante</span> <span class='ocrx_word' id='word_1_169' title='bbox 831 2359 864 2404; x_wconf 80' lang='lat' dir='ltr'>El</span> <span class='ocrx_word' id='word_1_170' title='bbox 888 2359 1055 2406; x_wconf 68' lang='lat' dir='ltr'>vicariana</span> 
     </span>
     <span class='ocr_line' id='line_1_23' title="bbox 350 2455 834 2503; baseline 0.002 -1"><span class='ocrx_word' id='word_1_171' title='bbox 350 2455 525 2502; x_wconf 75' lang='lat' dir='ltr'>oaatctonttat</span> <span class='ocrx_word' id='word_1_172' title='bbox 545 2455 834 2503; x_wconf 71' lang='lat' dir='ltr'>acutuslnsrtcoauu.</span> 
     </span>
    </p>
   </div>
   <div class='ocr_carea' id='block_1_5' title="bbox 96 2601 1085 3039">
    <p class='ocr_par' dir='ltr' id='par_1_6' title="bbox 96 2601 1085 3039">
     <span class='ocr_line' id='line_1_24' title="bbox 143 2601 1085 2682; baseline 0.006 -16"><span class='ocrx_word' id='word_1_173' title='bbox 143 2606 214 2666; x_wconf 77' lang='lat'><strong>288.</strong></span> <span class='ocrx_word' id='word_1_174' title='bbox 238 2601 394 2682; x_wconf 81' lang='lat' dir='ltr'>Multiplici</span> <span class='ocrx_word' id='word_1_175' title='bbox 409 2601 501 2662; x_wconf 92' lang='lat' dir='ltr'>modo</span> <span class='ocrx_word' id='word_1_176' title='bbox 515 2618 619 2662; x_wconf 82' lang='lat' dir='ltr'>vac-are</span> <span class='ocrx_word' id='word_1_177' title='bbox 634 2608 760 2682; x_wconf 85' lang='lat' dir='ltr'>possunt</span> <span class='ocrx_word' id='word_1_178' title='bbox 773 2602 869 2666; x_wconf 85' lang='lat' dir='ltr'>officia</span> <span class='ocrx_word' id='word_1_179' title='bbox 881 2606 1085 2672; x_wconf 85' lang='lat' dir='ltr'>ecclesiastica</span> 
     </span>
     <span class='ocr_line' id='line_1_25' title="bbox 97 2688 1083 2772; baseline 0.001 -19"><span class='ocrx_word' id='word_1_180' title='bbox 97 2695 133 2754; x_wconf 87' lang='lat' dir='ltr'>et</span> <span class='ocrx_word' id='word_1_181' title='bbox 155 2690 283 2772; x_wconf 90' lang='lat' dir='ltr'>proinde</span> <span class='ocrx_word' id='word_1_182' title='bbox 296 2688 465 2769; x_wconf 85' lang='lat' dir='ltr'>jurisdictio</span> <span class='ocrx_word' id='word_1_183' title='bbox 483 2689 645 2752; x_wconf 89' lang='lat' dir='ltr'>ordinaria.</span> <span class='ocrx_word' id='word_1_184' title='bbox 664 2690 732 2752; x_wconf 93' lang='lat' dir='ltr'>Non</span> <span class='ocrx_word' id='word_1_185' title='bbox 755 2691 855 2754; x_wconf 80' lang='lat' dir='ltr'>solum</span> <span class='ocrx_word' id='word_1_186' title='bbox 872 2693 955 2756; x_wconf 88' lang='lat' dir='ltr'>enim</span> <span class='ocrx_word' id='word_1_187' title='bbox 976 2708 1083 2760; x_wconf 72' lang='lat' dir='ltr'>vacanti</span> 
     </span>
     <span class='ocr_line' id='line_1_26' title="bbox 98 2776 1077 2865; baseline 0.008 -25"><span class='ocrx_word' id='word_1_188' title='bbox 98 2797 157 2862; x_wconf 90' lang='lat' dir='ltr'>per</span> <span class='ocrx_word' id='word_1_189' title='bbox 171 2783 319 2855; x_wconf 89' lang='lat' dir='ltr'>mortem,</span> <span class='ocrx_word' id='word_1_190' title='bbox 334 2776 502 2854; x_wconf 85' lang='lat' dir='ltr'>sedetiam,</span> <span class='ocrx_word' id='word_1_191' title='bbox 517 2781 548 2839; x_wconf 82' lang='lat' dir='ltr'>l⁰</span> <span class='ocrx_word' id='word_1_192' title='bbox 561 2797 613 2858; x_wconf 89' lang='lat' dir='ltr'>per</span> <span class='ocrx_word' id='word_1_193' title='bbox 625 2778 849 2857; x_wconf 74' lang='lat' dir='ltr'>dimissionem,</span> <span class='ocrx_word' id='word_1_194' title='bbox 865 2788 897 2844; x_wconf 74' lang='lat'>2⁰</span> <span class='ocrx_word' id='word_1_195' title='bbox 912 2802 966 2865; x_wconf 86' lang='lat' dir='ltr'>per</span> <span class='ocrx_word' id='word_1_196' title='bbox 981 2793 1077 2848; x_wconf 88' lang='lat' dir='ltr'>trans·</span> 
     </span>
     <span class='ocr_line' id='line_1_27' title="bbox 98 2865 1084 2956; baseline 0.01 -28"><span class='ocrx_word' id='word_1_197' title='bbox 98 2868 261 2942; x_wconf 82' lang='lat' dir='ltr'>lationem3</span> <span class='ocrx_word' id='word_1_198' title='bbox 285 2869 319 2929; x_wconf 81' lang='grc' dir='ltr'>3ο</span> <span class='ocrx_word' id='word_1_199' title='bbox 341 2884 395 2946; x_wconf 91' lang='lat' dir='ltr'>per</span> <span class='ocrx_word' id='word_1_200' title='bbox 417 2865 612 2948; x_wconf 92' lang='lat' dir='ltr'>privationem</span> <span class='ocrx_word' id='word_1_201' title='bbox 636 2875 688 2929; x_wconf 88' lang='lat' dir='ltr'>aut</span> <span class='ocrx_word' id='word_1_202' title='bbox 709 2869 929 2934; x_wconf 84' lang='lat' dir='ltr'>revocationem</span> <span class='ocrx_word' id='word_1_203' title='bbox 937 2893 947 2951; x_wconf 88' lang='lat'>;</span> <span class='ocrx_word' id='word_1_204' title='bbox 970 2878 1002 2936; x_wconf 82' lang='lat' dir='ltr'>l⁰</span> <span class='ocrx_word' id='word_1_205' title='bbox 1024 2896 1084 2956; x_wconf 87' lang='lat' dir='ltr'>per</span> 
     </span>
     <span class='ocr_line' id='line_1_28' title="bbox 96 2955 797 3039; baseline -0.001 -19"><span class='ocrx_word' id='word_1_206' title='bbox 96 2955 249 3039; x_wconf 86' lang='lat' dir='ltr'>quosdam</span> <span class='ocrx_word' id='word_1_207' title='bbox 264 2956 339 3017; x_wconf 88' lang='lat' dir='ltr'>alios</span> <span class='ocrx_word' id='word_1_208' title='bbox 353 2963 479 3016; x_wconf 88' lang='lat' dir='ltr'>eventus</span> <span class='ocrx_word' id='word_1_209' title='bbox 493 2955 569 3016; x_wconf 84' lang='lat' dir='ltr'>inira</span> <span class='ocrx_word' id='word_1_210' title='bbox 583 2958 797 3020; x_wconf 86' lang='lat' dir='ltr'>recensendos.</span> 
     </span>
    </p>
   </div>
   <div class='ocr_carea' id='block_1_6' title="bbox 560 3134 619 3215">
    <p class='ocr_par' dir='ltr' id='par_1_7' title="bbox 560 3134 619 3215">
     <span class='ocr_line' id='line_1_29' title="bbox 560 3134 619 3215; baseline 0 -19"><span class='ocrx_word' id='word_1_211' title='bbox 560 3134 619 3215; x_wconf 70' lang='lat' dir='ltr'>gr.</span> 
     </span>
    </p>
   </div>
   <div class='ocr_carea' id='block_1_7' title="bbox 93 3262 1072 3353">
    <p class='ocr_par' dir='ltr' id='par_1_8' title="bbox 93 3262 1072 3353">
     <span class='ocr_line' id='line_1_30' title="bbox 93 3262 1072 3353; baseline 0.004 -25"><span class='ocrx_word' id='word_1_212' title='bbox 93 3263 142 3328; x_wconf 81' lang='lat' dir='ltr'>De</span> <span class='ocrx_word' id='word_1_213' title='bbox 149 3263 321 3325; x_wconf 80' lang='lat' dir='ltr'>dimissione</span> <span class='ocrx_word' id='word_1_214' title='bbox 328 3282 377 3324; x_wconf 84' lang='lat' dir='ltr'>sen</span> <span class='ocrx_word' id='word_1_215' title='bbox 387 3262 610 3353; x_wconf 80' lang='lat' dir='ltr'>renuntiatione</span> <span class='ocrx_word' id='word_1_216' title='bbox 620 3265 788 3346; x_wconf 75' lang='lat' dir='ltr'>officiorum</span> <span class='ocrx_word' id='word_1_217' title='bbox 800 3268 1072 3338; x_wconf 78' lang='lat' dir='ltr'>eecleo‘uaticornm..</span> 
     </span>
    </p>
   </div>
   <div class='ocr_carea' id='block_1_8' title="bbox 89 3423 1074 3864">
    <p class='ocr_par' dir='ltr' id='par_1_9' title="bbox 89 3423 1074 3686">
     <span class='ocr_line' id='line_1_31' title="bbox 133 3423 1074 3514; baseline 0.009 -24"><span class='ocrx_word' id='word_1_218' title='bbox 133 3430 205 3491; x_wconf 53' lang='lat'>28&amp;</span> <span class='ocrx_word' id='word_1_219' title='bbox 228 3423 370 3486; x_wconf 86' lang='lat' dir='ltr'>Dimissio</span> <span class='ocrx_word' id='word_1_220' title='bbox 388 3443 456 3504; x_wconf 84' lang='lat' dir='ltr'>quae</span> <span class='ocrx_word' id='word_1_221' title='bbox 472 3434 593 3488; x_wconf 86' lang='lat' dir='ltr'>vocatur</span> <span class='ocrx_word' id='word_1_222' title='bbox 609 3428 700 3488; x_wconf 88' lang='lat' dir='ltr'>etiarn</span> <span class='ocrx_word' id='word_1_223' title='bbox 718 3431 910 3502; x_wconf 81' lang='lat' dir='ltr'>renuntiatio,</span> <span class='ocrx_word' id='word_1_224' title='bbox 936 3435 1074 3514; x_wconf 81' lang='lat' dir='ltr'>resipna·</span> 
     </span>
     <span class='ocr_line' id='line_1_32' title="bbox 93 3514 1073 3603; baseline 0.009 -25"><span class='ocrx_word' id='word_1_225' title='bbox 93 3517 158 3587; x_wconf 87' lang='lat' dir='ltr'>tio,</span> <span class='ocrx_word' id='word_1_226' title='bbox 181 3514 289 3589; x_wconf 81' lang='lat' dir='ltr'>ceasia,</span> <span class='ocrx_word' id='word_1_227' title='bbox 311 3518 358 3574; x_wconf 93' lang='lat' dir='ltr'>est</span> <span class='ocrx_word' id='word_1_228' title='bbox 383 3522 541 3592; x_wconf 79' lang='lat' dir='ltr'>spontanea</span> <span class='ocrx_word' id='word_1_229' title='bbox 565 3514 664 3596; x_wconf 79' lang='lat' dir='ltr'>officii</span> <span class='ocrx_word' id='word_1_230' title='bbox 685 3516 876 3580; x_wconf 83' lang='lat' dir='ltr'>ecclesiastici</span> <span class='ocrx_word' id='word_1_231' title='bbox 901 3519 1073 3603; x_wconf 73' lang='lat' dir='ltr'>derelictio,</span> 
     </span>
     <span class='ocr_line' id='line_1_33' title="bbox 89 3600 877 3686; baseline 0.005 -21"><span class='ocrx_word' id='word_1_232' title='bbox 89 3603 283 3686; x_wconf 71' lang='lat' dir='ltr'>[actaeonem</span> <span class='ocrx_word' id='word_1_233' title='bbox 299 3600 435 3682; x_wconf 69' lang='lat' dir='ltr'>legitimo</span> <span class='ocrx_word' id='word_1_234' title='bbox 451 3601 612 3682; x_wconf 78' lang='lat' dir='ltr'>Superiora</span> <span class='ocrx_word' id='word_1_235' title='bbox 625 3621 689 3666; x_wconf 81' lang='lat' dir='ltr'>eam</span> <span class='ocrx_word' id='word_1_236' title='bbox 702 3614 877 3686; x_wconf 83' lang='lat' dir='ltr'>acceptante.</span> 
     </span>
    </p>

    <p class='ocr_par' dir='ltr' id='par_1_10' title="bbox 91 3689 1073 3864">
     <span class='ocr_line' id='line_1_34' title="bbox 133 3689 1073 3780; baseline 0.011 -28"><span class='ocrx_word' id='word_1_237' title='bbox 133 3689 282 3754; x_wconf 87' lang='lat' dir='ltr'>Dividitur</span> <span class='ocrx_word' id='word_1_238' title='bbox 300 3690 332 3750; x_wconf 94' lang='lat' dir='ltr'>in</span> <span class='ocrx_word' id='word_1_239' title='bbox 350 3689 474 3750; x_wconf 76' lang='lat' dir='ltr'>tacitam</span> <span class='ocrx_word' id='word_1_240' title='bbox 494 3697 523 3752; x_wconf 91' lang='lat' dir='ltr'>et</span> <span class='ocrx_word' id='word_1_241' title='bbox 535 3709 709 3772; x_wconf 68' lang='lat' dir='ltr'>remearem.</span> <span class='ocrx_word' id='word_1_242' title='bbox 728 3693 833 3757; x_wconf 77' lang='lat' dir='ltr'>Tacita</span> <span class='ocrx_word' id='word_1_243' title='bbox 848 3703 893 3759; x_wconf 88' lang='lat' dir='ltr'>est</span> <span class='ocrx_word' id='word_1_244' title='bbox 905 3717 941 3760; x_wconf 93' lang='lat' dir='ltr'>ea</span> <span class='ocrx_word' id='word_1_245' title='bbox 954 3719 1023 3780; x_wconf 82' lang='lat' dir='ltr'>quae</span> <span class='ocrx_word' id='word_1_246' title='bbox 1038 3701 1073 3762; x_wconf 82' lang='lat' dir='ltr'>m</span> 
     </span>
     <span class='ocr_line' id='line_1_35' title="bbox 91 3776 1072 3864; baseline 0.011 -29"><span class='ocrx_word' id='word_1_247' title='bbox 91 3776 170 3840; x_wconf 86' lang='lat' dir='ltr'>lacto</span> <span class='ocrx_word' id='word_1_248' title='bbox 188 3777 423 3858; x_wconf 85' lang='lat' dir='ltr'>resignationem</span> <span class='ocrx_word' id='word_1_249' title='bbox 438 3776 637 3856; x_wconf 83' lang='lat' dir='ltr'>significante,</span> <span class='ocrx_word' id='word_1_250' title='bbox 657 3780 705 3843; x_wconf 88' lang='lat' dir='ltr'>vel</span> <span class='ocrx_word' id='word_1_251' title='bbox 724 3800 761 3845; x_wconf 82' lang='lat' dir='ltr'>ex</span> <span class='ocrx_word' id='word_1_252' title='bbox 780 3783 975 3864; x_wconf 90' lang='lat' dir='ltr'>dispositione</span> <span class='ocrx_word' id='word_1_253' title='bbox 990 3789 1072 3863; x_wconf 74' lang='lat' dir='ltr'>iuris</span> 
     </span>
    </p>
   </div>
   <div class='ocr_carea' id='block_1_9' title="bbox 0 0 1286 4224">
    <p class='ocr_par' dir='ltr' id='par_1_11' title="bbox 0 0 1286 4224">
     <span class='ocr_line' id='line_1_36' title="bbox 0 0 1286 4224; baseline 0 9"><span class='ocrx_word' id='word_1_254' title='bbox 0 0 1286 4224; x_wconf 95' lang='lat' dir='ltr'> </span> 
     </span>
    </p>
   </div>
  </div>
 </body>
</html>
