2526 4210
139 315 196 374 282
415 317 569 363 manna
588 315 672 362 runis
692 285 844 363 c'xxonxcr.

139 420 286 485 canonice
301 417 448 480 instituta.
464 417 496 480 Si
510 417 597 498 plura
608 403 848 480 sintSeminaria
859 420 897 481 ab
909 419 1033 484 illouno
1044 423 1130 504 quod

141 515 171 572 in
185 509 304 572 civitate
317 515 451 569 ereetum
466 507 497 568 et'
509 506 707 568 constitutum
722 506 831 585 fuerit,
851 515 961 571 caetera
976 510 1008 571 in
1023 510 1130 576 omn-i·

140 599 196 660 trus
209 595 401 677 dependeant
417 594 561 674 (Concil,
576 593 659 656 Trid.
676 595 778 676 itia).

180 698 249 756 409.
274 692 397 765 Quaerit.
413 690 612 762 ruuomodo
622 690 863 754 administranda
873 694 933 754 sint
941 695 1132 757 Seminaria'l

181 793 270 871 Resp.
285 787 520 868 Distinguendo:
532 787 579 849 vel
589 786 627 848 de
637 787 898 851 administratione
907 791 1059 871 spirituali
1069 793 1132 872 agi·

141 889 206 953 tur,
221 879 267 939 vel
281 878 319 938 de
333 877 490 956 temporali
507 895 516 936 :

183 985 214 1037 τ’
236 975 294 1036 Pro
306 973 451 1055 spirituali
464 972 738 1048 administratione,
750 973 883 1053 eligendi
899 982 969 1036 sunt
982 975 1022 1036 ab
1037 977 1115 1058 Epis

148 1082 231 1144 mpo,
239 1063 277 1123 de
285 1062 400 1142 gremio
411 1061 537 1143 Capituli
548 1060 743 1136 Cathedralis,
752 1061 815 1123 duo
826 1063 982 1138 Canonici‘,
994 1080 1131 1144 quorum

146 1149 302 1210 consilium
313 1148 470 1228 exquirere
484 1148 573 1210 debet
583 1148 754 1230 Episcopus
763 1151 793 1211 in
805 1151 1028 1213 constituendis
1038 1171 1130 1234 regu·

150 1239 181 1302 lis
193 1237 413 1300 universalibus
427 1236 604 1312 Seminarii,
619 1237 651 1297 in
666 1237 815 1300 electione
829 1239 1028 1302 alumnorum
1039 1241 1129 1304 intro

151 1325 405 1399 tacendorum,in
416 1325 562 1387 librorum
570 1325 699 1402 delectu,
709 1326 740 1386 in
751 1327 1132 1408 punitionedyscolorum,

148 1415 174 1481 tn
190 1413 422 1490 visitationibus,
439 1412 471 1474 in
486 1413 632 1475 electione
655 1420 685 1474 et
705 1413 874 1477 remotione
893 1417 1131 1497 magistrorum,

144 1501 340 1576 contessoris,
355 1508 385 1563 et
398 1499 546 1562 similibus
556 1499 683 1577 (Concil
696 1499 830 1565 Trident.
837 1503 929 1581 wit)

198 1588 231 1649 2⁰
253 1588 312 1648 Pro
334 1583 607 1647 administratione
632 1590 739 1642 autem
765 1583 952 1662 temporati,
969 1583 1050 1648 dicit
1077 1585 1106 1647 D

161 1676 257 1738 Bouix
284 1673 337 1776 (de
360 1671 526 1766 Capitulis,
541 1689 572 1753 p.
590 1669 662 1746 481,
677 1675 737 1731 etc.
741 1668 752 1750 )
769 1669 855 1750 quod
881 1671 952 1732 duae
968 1673 1122 1736 sintaliae

157 1763 398 1826 commissiones
413 1758 636 1821 instituendae:
661 1776 725 1819 una
747 1775 864 1839 nempe
885 1760 1059 1824 conflanda
1079 1781 1123 1825 ex

156 1851 284 1912 duobus
311 1849 482 1924 canonista,
508 1864 646 1928 quorum
672 1844 751 1906 alter
776 1845 816 1906 ab
840 1844 1008 1930 Episcopo,
1035 1850 1125 1913 alter

159 1955 233 1998 xero
248 1955 265 1998 a
281 1936 425 2018 Capitulo
450 1935 619 2017 eligendus
644 1933 695 2007 sit,
711 1940 795 1994 etex
819 1932 946 1996 duobus
967 1936 1006 1998 de
1028 1937 1125 2001 clero

157 2024 304 2099 civitatis
321 2043 457 2105 quorum
486 2023 582 2085 unius
611 2021 724 2084 electio
750 2021 894 2083 similiter
919 2023 958 2084 ad
982 2024 1125 2106 Episco-

160 2131 247 2194 pum,
266 2113 394 2174 alterius
417 2113 454 2175 ad
472 2113 593 2175 elerum
616 2108 712 2172 totius
735 2108 879 2171 dioecesis
894 2113 1070 2192 pertineat3
1090 2125 1127 2178 et

159 2202 297 2264 secunda
313 2220 383 2284 qnae
398 2201 529 2263 contlari
545 2199 661 2280 pariter
677 2197 771 2259 debet
787 2216 824 2259 ex
839 2197 966 2262 duobus
979 2203 1126 2266 canoni·

157 2291 214 2365 cis,
227 2291 280 2352 sed
297 2310 314 2352 a
330 2290 398 2353 solo
412 2288 556 2370 Capitulo
571 2287 741 2368 deputatis,
757 2291 788 2347 et
798 2287 925 2350 duobus
936 2288 1004 2351 aliis
1019 2290 1127 2354 cleri-

159 2379 204 2441 cis
218 2397 236 2442 a
251 2379 386 2442 civitatis
412 2378 496 2440 clero
521 2377 675 2440 duntaxat
702 2375 872 2454 deputatis.
900 2375 960 2440 Sed
976 2397 1012 2439 ex
1027 2381 1128 2442 deci·

159 2467 249 2530 sione
264 2469 294 2531 S.
311 2468 424 2547 Congr.
443 2465 574 2528 Concilii
587 2465 623 2526 31
642 2471 732 2525 mart.
750 2461 844 2539 1855,
860 2473 890 2527 et
905 2485 986 2548 resp.
1003 2467 1129 2531 becre-

160 2557 228 2616 tarii
250 2556 391 2636 ejusdem
412 2555 525 2635 Congr.
542 2553 581 2614 27
609 2571 682 2634 aug.
706 2549 795 2630 1864,
818 2554 912 2616 unica
927 2554 1043 2617 sufficit
1058 2575 1128 2638 pro

157 2645 324 2722 temporali
345 2645 404 2706 ista
430 2645 703 2706 administratione
717 2641 916 2719 commissio,
934 2653 964 2707 et
981 2644 1127 2724 quidem

160 2732 264 2813 primo
289 2733 385 2794 modo
406 2733 559 2806 conflata,
576 2741 706 2814 excepto
727 2733 813 2812 quod
842 2751 906 2796 non
934 2733 1128 2812 requiratur

157 2819 272 2882 electio
296 2819 417 2882 lactea
445 2821 530 2883 clero
544 2821 641 2884 totius
664 2820 820 2892 dioecesis
841 2822 894 2884 sed
920 2822 993 2883 satis
1016 2823 1058 2884 sit
1086 2836 1127 2892 ut

160 2907 240 2970 tiata
257 2910 353 2970 totius
364 2909 497 2971 civitatis
508 2909 592 2972 clero
615 2908 663 2990 (v.
679 2911 778 2972 Revue
792 2911 841 2973 des
854 2911 983 2974 scientes
998 2912 1129 2993 eccles„

161 3006 182 3058 t.
197 2995 315 3072 XXVll,
332 3018 363 3080 p.
381 2995 466 3079 366).

200 3087 295 3150 Porro
310 3086 405 3167 hujus
420 3087 567 3150 secundae
578 3087 816 3151 commissionis
827 3091 996 3153 consilium
1006 3095 1130 3174 requi-

159 3193 227 3238 rere
245 3176 321 3257 (non
352 3184 458 3238 autern
477 3177 581 3258 sequi)
604 3186 727 3239 tenetur
751 3177 927 3260 Episcopus
943 3183 1033 3262 juxta
1049 3183 1131 3248 Tri·-

162 3264 262 3327 dent.
257 3283 337 3347 pro
350 3275 421 3326 taxa
443 3265 687 3328 contributionis
703 3285 720 3328 a
734 3267 927 3331 beneficiatis
940 3274 1126 3356 exigendae,

161 3371 218 3434 pro
235 3353 384 3416 uniendis
400 3353 570 3418 seminario
591 3355 764 3430 beneficiis,
789 3376 846 3439 pro
865 3359 1072 3440 deputatione
1092 3375 1131 3430 et

157 3441 345 3540 expulsione
373 3443 535 3504 seminarii
563 3445 782 3506 ministrorum
812 3465 849 3510 ac
877 3447 1128 3533 professorum,

163 3530 225 3590 imo
250 3537 281 3590 et
304 3530 442 3593 Hectoris
465 3530 581 3610 (tras.
607 3531 734 3612 Congu,
752 3532 792 3595 to
807 3543 912 3612 mart
937 3535 1041 3618 tosa),
1060 3559 1130 3620 pro

156 3618 305 3696 expensis
332 3619 540 3698 quotidianis,
570 3622 806 3722 provisionibus
835 3624 1017 3700 bladorum,
1040 3640 1126 3712 etc.;

161 3721 218 3787 pro
245 3705 409 3768 reddenda
425 3707 556 3786 singulis
581 3710 675 3772 annis
689 3712 811 3774 ratione
821 3712 1002 3777 reddituum
1019 3723 1129 3786 semi-

161 3792 260 3870 narii;
275 3811 342 3856 uno
366 3794 461 3857 aerbo
477 3813 535 3876 pro
554 3799 642 3860 omni
660 3801 826 3882 temporali
841 3803 1128 3880 administratione
