2548 4216
481 307 567 351 uasa
588 306 705 352 ramus
1022 297 1079 354 345

145 407 216 466 Haec
231 405 336 485 regula
352 406 495 487 probatur
510 426 546 467 ex
562 405 664 466 multis
678 404 817 484 capitulis
830 405 904 484 juris
917 407 1056 468 canonici
1071 425 1080 468 ε

103 494 205 555 solum
220 494 386 574 capitulum
399 494 444 558 De
458 495 628 576 majoritate
641 501 670 555 et
683 492 858 568 odedientia,
874 494 905 555 in
918 499 962 571 6⁰,
976 495 1025 557 hlc
1037 513 1083 556 re·

104 581 232 644 ierimus
249 604 256 643 :
278 584 476 664 «Episcopali
492 584 568 664 Sede
583 589 720 656 vacante,
735 589 831 662 potest
845 583 1015 663 Capitulum
1030 602 1083 645 seu
1172 650 1177 662 ,

108 693 126 730 o
147 671 172 731 is
186 670 224 732 ad
238 689 331 752 quem
346 673 532 755 Episcopalis
547 671 715 752 iurisdictio
730 677 803 732 tunc
819 672 963 752 temporis
985 674 1084 734 nosci-

109 780 128 818 «
147 765 196 820 tur
211 761 375 840 pertinere,
393 761 428 822 iis
444 761 566 844 (quibus
580 767 681 841 posset
694 759 864 840 Episcopus
878 761 902 821 si
917 761 1036 838 viveret)
1048 761 1085 821 ab

110 869 128 908 u
149 851 472 912 excommunicationis
486 849 671 912 sententia...
687 848 884 910 absolutionis
905 849 1085 910 beneficium

111 958 129 996 a
151 937 313 1017 impertiri,
330 939 387 1001 nisi
405 939 493 1002 fuerit
508 941 525 1001 a
540 939 617 1001 Sede
634 937 804 1018 apostolica
818 937 985 1018 specialiter
999 939 1086 998 iuter·

111 1046 131 1084 a
150 1024 230 1086 dicta
244 1032 383 1106 potestas.
407 1050 422 1086 r
445 1031 490 1088 Ex
504 1028 615 1109 quibus
628 1026 727 1088 uerbis
740 1025 850 1088 deduci
864 1044 952 1106 posse
972 1027 1086 1088 videtur

108 1121 186 1174 tunc
199 1115 319 1176 tantiam
339 1116 453 1196 aliquid
466 1115 618 1195 potestatis
632 1115 748 1177 censeri
768 1113 878 1176 debere
894 1116 1029 1196 Capitulo
1043 1115 1087 1176 vel

107 1201 207 1281 ipsius
218 1203 336 1264 Vicario
350 1222 416 1265 esse
431 1205 642 1275 interdictum,
660 1203 783 1284 quandd
797 1204 815 1265 a
829 1203 905 1265 Sede
917 1207 939 1263 A
945 1203 1089 1284 postolica

108 1291 281 1372 specialiter
296 1292 494 1354 interdicitur.
512 1296 608 1374 Ergo,
624 1300 681 1355 elc.
698 1295 740 1353 Ita
756 1291 968 1355 communiter.

153 1380 213 1440 Pro
227 1381 331 1461 regula
347 1382 478 1460 generali
498 1382 597 1442 adbuc
617 1387 662 1442 est
676 1380 843 1443 tenendum
867 1381 949 1462 qubd
967 1383 1091 1463 Capitu-

110 1469 195 1544 lum,
216 1469 297 1530 Sede
318 1477 456 1543 vacante,
484 1470 556 1530 nibil
575 1470 668 1549 possit
692 1469 836 1532 innovare
859 1487 894 1530 ac
916 1469 954 1530 de
974 1471 1092 1548 juribus

110 1557 345 1637 Episcopalibus
368 1558 537 1620 diminuere
557 1559 613 1634 (tit.
630 1557 677 1620 Ne
691 1556 766 1618 Sede
779 1566 918 1635 vocante,
934 1577 1000 1637 cap.
1023 1559 1092 1619 uni-

111 1663 205 1719 cum,
222 1645 253 1705 in
266 1647 322 1728 6⁰).
335 1681 374 1715 -,
386 1647 473 1710 Unde
486 1665 547 1708 nou
561 1651 658 1726 polest
671 1645 803 1706 alienare
817 1653 869 1708 aut
882 1645 996 1708 donare
1011 1647 1090 1727 (cap.

112 1732 232 1813 Siqua
248 1734 292 1794 He
302 1734 395 1810 rebus,
413 1739 461 1810 lt,
477 1754 507 1816 q.
524 1737 565 1812 Ξ).
582 1737 643 1796 Neo
658 1739 756 1815 potest
769 1732 919 1796 deducere
927 1735 995 1813 jura
1007 1737 1094 1814 Epis·

112 1823 185 1901 copi
200 1822 230 1881 iu
242 1822 408 1899 judicium,
423 1823 514 1886 etiam
527 1823 736 1898 defendendo,
751 1841 789 1884 ex
801 1841 868 1903 cap.
882 1823 976 1886 Nooit
996 1827 1030 1898 l,
1048 1823 1094 1884 Ne

113 1909 192 1972 Sede
203 1908 342 1984 coeunte,
360 1931 459 1992 neque
474 1918 571 1992 potest
585 1929 766 1974 consumere
780 1918 831 1974 aut
845 1911 1049 1994 aliquomodo
1064 1913 1094 1976 iu

114 2001 256 2081 proprios
270 2001 315 2062 nel
334 2001 449 2062 alienos
467 2020 541 2062 usus
555 2010 728 2062 convertere
745 1999 842 2076 bona,
860 2001 937 2062 Sede
950 2008 1094 2078 vacante,

115 2088 223 2149 relicta
236 2089 398 2166 Ecclesiae,
414 2095 466 2152 aut
481 2108 517 2151 eo
529 2095 665 2170 tempore
681 2089 824 2165 collecta,
840 2087 865 2150 si
880 2108 966 2151 secus
980 2089 1095 2168 lecerit,

116 2185 257 2239 remanet
270 2196 435 2258 suspensus
449 2179 487 2240 ab
501 2178 601 2240 officio
615 2186 643 2240 et
659 2176 819 2239 beneficio.

160 2266 355 2328 Deveniendo
382 2285 466 2328 nunc
484 2267 531 2344 ,ad
557 2269 655 2330 varias
682 2265 797 2346 species
827 2265 1095 2346 jurisdictionum

118 2360 153 2420 1⁰
175 2356 238 2416 DD.
254 2355 456 2418 communiter
471 2355 633 2417 admittunt
651 2360 746 2417 totam
764 2355 1005 2434 iurisdictionem
1024 2373 1094 2417 cou-

117 2444 283 2507 tentiosam
297 2443 423 2506 transire
435 2443 473 2506 ad
489 2444 675 2525 Capitulum,
691 2443 820 2523 proinde
833 2442 871 2505 ad
883 2443 1036 2506 Vicariurn
1051 2445 1097 2506 Ca·

120 2533 297 2615 pilularem.

163 2625 197 2682 2⁰
208 2625 289 2694 ‚Tres
303 2628 374 2685 sunl
387 2621 544 2684 sententiae
558 2621 639 2684 circa
649 2619 889 2700 iurisdictionem
901 2621 1100 2684 voluntariam

119 2730 178 2775 seu
192 2710 370 2793 qrott'osom3
383 2711 432 2772 alii
447 2729 518 2772 cum
533 2709 672 2772 Suarezio
686 2708 837 2770 affirmant
845 2728 913 2772 earn
923 2712 1097 2792 generaliter

120 2800 253 2880 transire
267 2799 304 2860 ad
314 2800 505 2881 Capitulum,
522 2799 571 2861 alii
586 2798 693 2862 dicunt
706 2816 773 2860 eam
789 2817 851 2861 non
860 2801 987 2864 transire
1000 2802 1057 2862 nisi
1070 2802 1101 2862 in

120 2889 245 2954 casibus
259 2889 353 2967 ajuro
368 2889 532 2972 expressis;
548 2888 598 2950 alii
610 2887 734 2950 andem
747 2905 819 2954 cum
831 2890 977 2970 Fagnano
991 2899 1101 2970 negant

122 2977 261 3042 absolute
275 2976 357 3039 illam
369 2978 506 3040 transire.

166 3066 351 3129 Sententiam
379 3065 508 3128 Suarezii
532 3065 767 3147 probabiliorem
792 3066 882 3129 habet
906 3065 1101 3130 Reiffenstuel

123 3155 193 3241 (lib.
206 3159 243 3232 3,
261 3161 282 3219 t.
297 3160 327 3232 9,
344 3163 377 3216 n⁰
390 3158 450 3234 25),
471 3155 595 3235 solaque
609 3157 648 3214 bo
662 3154 757 3218 Bouix
774 3153 832 3236 (De
844 3152 965 3236 Epioe,
981 3175 1013 3234 p.
1028 3155 1101 3238 6l5)

124 3245 243 3308 videtur
257 3243 310 3304 nili
327 3243 421 3305 solida
436 3244 551 3306 ratione
562 3291 569 3318 ,
581 3244 654 3305 clun
666 3249 765 3306 textus
776 3241 871 3322 juris,
882 3261 921 3305 ex
932 3242 1045 3324 quibus
1056 3262 1102 3305 re-

123 3335 195 3418 gula
209 3333 356 3415 generalis
366 3333 457 3411 supra
471 3331 563 3394 relata
572 3330 742 3408 deducitur,
754 3349 816 3394 non
825 3329 1013 3412 distinguant
1024 3329 1103 3394 inter

124 3422 365 3507 jurisdictionem
379 3421 578 3485 voluntariam
590 3429 620 3484 et
633 3420 866 3483 contentiosam.

166 3515 199 3575 3⁰
220 3511 303 3574 Circa
324 3529 360 3572 ea
379 3529 448 3592 quae
463 3511 613 3592 Episcopo
626 3514 803 3591 competunt
816 3528 854 3572 ex
868 3508 1039 3591 privilegio,
1055 3512 1101 3574 vel

125 3602 230 3682 aliquo
244 3599 460 3680 specialium,
477 3600 501 3662 si
517 3606 625 3680 agatur
644 3598 683 3660 de
703 3597 859 3680 privilegio
882 3617 945 3661 nou
966 3618 1102 3681 person-a

127 3689 285 3772 Episcopi,
300 3687 354 3751 sed
369 3689 462 3770 ipsius
475 3689 617 3751 Ecclesia
635 3687 680 3750 vel
696 3686 766 3749 Sedi
781 3695 995 3768 permanenter
1014 3688 1103 3750 ailino

127 3797 165 3839 ex
179 3779 246 3853 jure
261 3785 312 3840 aut
327 3777 563 3850 consuetudine,
580 3775 660 3840 istud
674 3776 864 3857 privilegium
877 3779 983 3840 transit
995 3777 1033 3838 ad
1047 3779 1101 3837 Ga-
