2548 4216
444 263 546 338 'arnan
567 293 685 340 paruus.
915 249 919 262 Ι
1003 285 1060 343 363

93 419 110 455 a
129 398 227 470 ahias,
244 391 408 471 unicuique
418 408 506 452 suurn
521 398 700 470 perpetuum
715 393 961 473 peculiaremque
974 413 1062 474 parc·

92 507 110 544 9
130 485 222 546 chum
240 481 443 558 assignentu3
462 479 515 540 sed
533 480 632 539 statim
648 479 749 542 addit:
770 503 785 538 1
796 479 857 540 Α91
872 481 934 540 9119
945 483 1066 545 91111911

95 595 110 632 a
130 569 224 644 modo,
236 576 330 650 prout
346 566 405 628 1991
417 567 547 648 qualitas
561 569 706 648 eoeperit,
716 567 889 651 provideant
903 591 934 631 n.
952 572 1067 641 Quibus

90 661 189 723 verbis
203 659 296 719 totius
310 656 421 736 negotii
440 656 553 717 decisio
569 657 751 738 relinquitur
761 656 876 738 judicio
895 657 1066 740 Episcopo·

91 767 171 812 rurn.
191 747 288 826 Ergo,
301 755 358 807 919.
377 744 448 806 Vide
461 763 553 825 supra
570 747 663 824 (312).

129 839 208 899 Nota
229 834 278 895 hic
297 832 380 914 quod
404 834 484 913 Papa
508 833 740 914 beneficiatum,
763 834 854 896 etiam
876 834 942 896 stne
961 837 1066 912 causi,

91 927 210 1007 privare
225 929 324 1004 potest
337 921 485 984 beneficio
501 920 588 1002 (Vide
603 924 740 1000 Garoias,
751 942 820 1004 pars
838 928 876 1000 5,
894 943 920 984 c.
935 927 948 984 1
965 973 972 998 ,
989 925 1064 1006 §hh

88 1013 202 1076 Omnia
217 1014 298 1074 enim
314 1009 460 1072 beneficia
474 1017 612 1091 respectu
627 1015 717 1092 Papec
732 1019 801 1074 sunt
816 1012 979 1074 manualia.

128 1107 200 1165 191.
226 1099 347 1172 Ouaerit.
364 1103 396 1160 3⁰
410 1101 456 1158 rin
472 1099 606 1180 parochi,
617 1103 721 1180 quales
730 1107 801 1163 sunt
814 1100 904 1162 hodie
914 1102 945 1162 in
961 1102 1066 1180 Gallia,

89 1193 151 1251 sint
167 1191 277 1253 191991
294 1188 414 1268 proprie
424 1187 494 1249 dicti
511 1187 657 1268 parochi?
1012 1257 1014 1262 ,

133 1283 193 1342 Pro
213 1279 363 1341 solutione
380 1275 471 1356 hujus
485 1277 569 1338 dubii
586 1278 726 1358 quaedam
744 1285 814 1340 sunt
832 1279 1066 1358 praemittenda:

89 1375 210 1432 veteres
221 1368 366 1428 dioeceses
383 1371 412 1426 91
426 1365 564 1446 paroeciae
577 1365 609 1426 in
626 1368 719 1427 Gallie
733 1385 903 1446 suppresse
918 1369 1001 1430 19919
1016 1388 1070 1450 per

89 1456 334 1531 Concordatum‚
351 1472 402 1515 seu
419 1454 518 1533 potius
534 1472 587 1534 per
606 1455 724 1516 Bullam
741 1453 800 1528 091
816 1455 932 1517 Christi
951 1458 1069 1518 [lamini

91 1547 140 1608 Pii
155 1549 224 1620 Vll,
249 1562 330 1607 anno
350 1547 423 1606 1801
439 1563 446 1604 :
465 1562 501 1603 ex
514 1541 700 1604 Concordato
715 1549 816 1604 autem
835 1563 918 1604 novae
933 1545 1070 1623 paroeciae

93 1654 158 1697 non
178 1642 263 1695 erant
277 1630 448 1712 erigendae,
465 1630 523 1692 nisi
541 1639 742 1692 concurrente
761 1630 852 1692 simul
866 1636 993 1711 utraque
1013 1653 1070 1713 po-

91 1729 200 1786 testate
212 1771 219 1794 ,
231 1720 432 1783 ecclesiastici
451 1719 717 1796 9911199191911111;
733 1738 803 1780 nam
820 1719 884 1781 haec
898 1728 1072 1783 statuuntur

91 1815 127 1875 in
143 1811 267 1892 praefato
281 1807 469 1872 Concordato
487 1827 493 1866 :
514 1829 529 1866 9
545 1809 608 1868 Art.
625 1812 654 1871 9.
671 1809 811 1889 Episcopi
829 1809 857 1868 in
874 1812 927 1868 sud
943 1813 1070 1891 quisque
1166 1882 1168 1886 ,

97 1923 117 1960 ι
136 1901 257 1962 dioecesi
283 1915 374 1960 novas
390 1897 534 1977 paroecias
553 1897 803 1959 circumscribent
824 1917 830 1958 :
854 1917 921 1981 quaa
940 1900 1070 1960 circum-

98 2012 116 2050 9
137 1989 259 2068 scriptio
275 2004 364 2048 suum
382 2003 443 2046 non
458 1985 597 2046 sortietur
611 1985 751 2047 effectum
763 1985 819 2046 nisi
832 1995 992 2068 postquam
1009 1989 1070 2050 Gu-

95 2101 116 2138 9
136 2076 235 2138 bernii
248 2092 415 2138 consensus
430 2075 628 2136 accesserit».

137 2175 234 2236 Porro
254 2175 324 2234 cirm
339 2172 559 2252 Episcoporum
578 2189 728 2232 consensu
744 2171 913 2234 executioni
931 2173 1072 2237 mandata

91 2265 189 2328 suerit
205 2263 293 2342 Legis
313 2260 470 2336 Organicae
489 2259 645 2340 dispositio
660 2267 794 2321 statuens
815 2279 822 2320 :
844 2264 938 2323 91111.
953 2266 1000 2324 60.
1019 2263 1071 2343 lly

97 2375 117 2413 9
138 2370 212 2414 aura
233 2369 271 2412 au
287 2349 386 2409 moins
401 2367 462 2410 une
480 2348 614 2428 paroisse
628 2366 682 2428 par
696 2348 803 2426 justice
816 2349 853 2408 de
868 2349 955 2428 paix3
972 2350 990 2409 il
1007 2368 1072 2415 sera

98 2463 118 2502 a
138 2459 178 2502 en
202 2445 289 2500 outre
314 2437 403 2498 etabli
426 2441 531 2499 autant
554 2435 592 2497 de
622 2437 808 2526 succursales
833 2457 892 2516 que
917 2439 942 2498 le
968 2439 1071 2500 besoin

99 2552 117 2590 9
138 2527 393 2610 pourral’exiger.
411 2557 449 2572 -
465 2529 526 2586 Art.
541 2529 590 2586 61.
603 2525 727 2604 Ghaque
738 2527 878 2606 meque,
895 2527 932 2587 de
947 2538 1069 2589 concert

97 2640 118 2678 a
139 2635 211 2678 avec
232 2617 259 2677 le
277 2614 392 2688 Pre'fet,
406 2613 522 2694 reglera
537 2612 564 2674 19
582 2612 710 2673 nombre
724 2619 754 2673 91
768 2613 917 2675 l’etendue
932 2615 985 2676 des
1004 2634 1072 2678 suc·

99 2729 118 2766 9
139 2705 272 2768 99199199
287 2726 302 2762 r>
317 2722 323 2764 :
340 2701 526 2783 indessevenit
539 2700 621 2782 qudd
635 2701 744 2780 duplex
760 2721 855 2782 genus
872 2705 1073 2783 parochorum

90 2794 267 2858 exstiterint
280 2792 361 2872 apud
376 2809 432 2853 nos
444 2810 452 2867 ;
466 2789 623 2853 videlicet:
640 2791 691 2870 qui
707 2792 844 2871 paroeciis
859 2793 989 2872 praelecti
1004 2793 1072 2855 lue-

94 2889 170 2946 runt
184 2889 214 2943 et
227 2881 435 2942 inamovibiles
445 2879 591 2959 recogniti
607 2879 724 2940 suntab
735 2883 863 2960 utrique
875 2889 1033 2962 potestate3
1044 2889 1073 2944 91

95 2971 221 3055 parochi
234 2973 285 3052 qui
301 2969 524 3031 succursalihus
537 2968 583 3029 191
593 2967 767 3047 capellaniis
777 2968 897 3031 fuerunt
910 2971 1072 3050 praepositi,

91 3061 288 3124 deservitores
303 3059 424 3138 nempe,
443 3076 497 3118 sou
511 3056 725 3118 scacarscttstoe
742 3062 793 3117 aut
801 3059 961 3136 capellani,
973 3059 1023 3137 qui
1036 3058 1072 3118 ad

95 3157 201 3212 nutum
220 3147 402 3210 revocabiles
421 3146 547 3206 instituti
570 3145 654 3204 lubre
675 3144 713 3204 ab
732 3144 907 3224 11ρὶ9991119,
927 3147 982 3205 9191
1002 3164 1071 3206 9919

91 3237 268 3310 ordinarii,
285 3238 341 3297 eta
354 3233 492 3315 parochis
504 3233 624 3312 proprie
636 3232 723 3293 dictis
736 3232 957 3312 independente
973 3242 1072 3313 potes-

94 3333 176 3397 tate;
197 3315 331 3406 deputati
346 3324 428 3384 enirn
445 3321 528 3382 fuere
549 3338 620 3382 oum
639 3321 772 3382 clausule
788 3321 828 3381 ud
844 3322 1070 3402 beneplacitum,

94 3417 144 3480 191
161 3418 319 3496 expressi,
334 3413 379 3474 vel
396 3412 502 3472 saltem
516 3409 740 3484 subintelleott,
756 3415 787 3471 et
805 3412 979 3471 amovibiles
996 3430 1072 3472 sem·

96 3523 153 3586 per
169 3504 261 3564 habiti
277 3499 799 3580 19919911991991919919991911132
815 3508 870 3562 art.
887 3500 1020 3582 urgan).

138 3604 183 3662 Re
204 3601 329 3681 quidem
346 3603 433 3673 1911,
450 3603 554 3657 exart.
573 3599 609 3656 31
627 3597 714 3677 Legis
728 3597 884 3676 Organicae
903 3618 910 3659 :
933 3622 948 3658 9
963 3599 1072 3660 Cesvi·

99 3713 117 3752 a
138 3689 236 3752 caires
255 3697 284 3749 91
300 3689 490 3750 desservants
505 3692 679 3746 exerceront
698 3685 761 3746 leur
781 3685 935 3763 ministere
956 3707 1028 3748 sous
1047 3689 1073 3749 la

99 3801 116 3840 1
140 3777 340 3840 surreillancc
354 3783 385 3838 et
403 3776 431 3836 la
453 3773 599 3837 direction
619 3772 673 3833 des
690 3774 802 3834 cures»
819 3796 826 3848 ;
845 3776 896 3836 sed
913 3777 978 3837 haec
996 3777 1070 3854 legis
