2616 4228
205 283 244 343 lt
478 287 734 336 mensuremus
756 285 907 332 eruemur.

244 393 363 474 Duplex
381 393 511 474 quaestio
531 389 563 451 in
587 387 646 450 hoc
664 392 778 469 puncto
794 392 840 450 est
859 384 1074 467 distinguendo
1096 406 1104 450 τ
1127 390 1187 454 elis
1296 403 1297 410 ¹

205 499 316 564 nempe
330 481 399 543 lecti
416 499 424 542 ε
442 479 547 542 utrum
558 476 672 540 scilicet
685 475 768 557 leges
781 472 944 557 pontiliciae
961 493 1031 556 quse
1045 477 1188 542 nondum

204 571 327 636 luerunt
346 574 495 651 acceptu,
524 566 677 646 obligent3
696 564 727 626 id
746 569 792 627 est
815 563 919 626 utrtrm
939 563 994 628 SS.
1021 566 1188 631 Pontifices

205 659 365 723 intendunt
385 659 479 740 ligere
498 653 713 722 conscientias.
738 653 917 735 priusqulm
943 653 1080 734 ipsorum
1104 656 1188 738 leges

205 748 318 812 luerint
333 754 464 828 ecceptae
480 763 488 806 t
502 746 540 806 de
554 760 616 825 quo
628 742 709 804 licite
723 739 955 804 controvertitur
969 741 1049 804 inter
1063 743 1142 822 DD.,
1152 749 1187 807 ut
1299 795 1300 802 ,

112 891 114 899 s
203 843 266 918 jem
277 837 410 898 diximus
422 841 453 896 et
465 830 743 915 probabituriolrir.

247 935 348 996 Altero
360 934 448 1011 juris,
463 931 567 992 utrum
585 930 697 1010 nempe
717 930 770 990 SS.
786 927 949 991 Pontifices
971 928 1087 1010 possint
1104 929 1186 992 obli·

206 1041 278 1104 gere
289 1029 452 1102 antequem
463 1019 598 1100 ipsorum
610 1017 691 1098 leges
699 1016 951 1098 luerintscceptae
960 1035 968 1078 τ
978 1017 1009 1078 in
1020 1036 1082 1100 quo
1091 1016 1188 1081 dubio

205 1110 381 1172 affirmativo
397 1118 442 1171 est
455 1107 583 1170 comino
596 1113 697 1180 certe,
712 1105 774 1166 imo
788 1104 898 1167 deiide
912 1111 968 1179 est,
981 1105 1067 1186 juxto
1077 1108 1186 1169 Suare·

205 1199 285 1261 zium
306 1198 359 1280 qui
383 1198 453 1258 eit:
482 1193 592 1257 ultlilri
614 1193 731 1256 videtur
752 1200 814 1254 tum
836 1199 917 1255 certa
940 1199 990 1270 ut,
1015 1194 1185 1256 secundum
1301 1197 1302 1200 ’

210 1307 227 1345 u
247 1286 340 1348 fidem
356 1284 458 1366 negari
479 1302 540 1345 non
562 1282 656 1364 possit
678 1303 693 1340 u
714 1280 762 1362 (de
779 1281 871 1362 Leqe,
887 1281 908 1344 l.
925 1285 1001 1358 l‚c.
1019 1285 1075 1356 lli,
1096 1294 1129 1343 n⁰
1142 1285 1184 1362 2).

208 1375 245 1436 Et
257 1374 316 1438 hoc
324 1373 497 1437 concedunt
508 1371 599 1434 etium
614 1369 758 1432 Gallicani
772 1388 779 1430 :

250 1473 309 1535 ull
329 1473 418 1534 seruit
432 1471 631 1534 entierement
651 1468 803 1530 contraire
823 1487 883 1531 uus
905 1468 962 1530 lois
986 1456 1025 1530 de
1047 1469 1077 1530 la
1091 1469 1189 1535 sainte
1303 1523 1304 1526 ,

209 1583 225 1622 u
245 1561 430 1638 hierarchie‚
445 1559 544 1642 inquit
558 1561 700 1638 Loqueux
719 1559 752 1636 (t.
772 1561 803 1632 l,
819 1557 903 1620 Ht'st.
922 1557 962 1619 du
979 1555 1059 1619 droit
1077 1577 1184 1636 conon,

210 1673 226 1712 ι
246 1671 277 1732 p.
295 1651 379 1733 179),
390 1651 429 1713 de
442 1649 516 1712 loire
531 1653 727 1730 proprement
739 1653 769 1708 et
780 1647 978 1708 directement
991 1645 1147 1727 dependre
1158 1649 1188 1712 lu
1304 1675 1305 1680 ¹

211 1761 227 1799 ι
247 1740 330 1801 lorce
339 1740 378 1801 de
392 1758 442 1801 ces
458 1737 670 1800 constitutions
683 1737 747 1813 (SS.
764 1734 958 1813 Pontificum)
971 1734 1010 1797 ‹le
1022 1735 1186 1817 l'ecoeptc-

211 1847 227 1884 ι
246 1827 311 1888 tion
321 1826 376 1889 des
390 1827 517 1908 peuples
529 1824 609 1887 etde
622 1823 871 1886 cellememedes
884 1809 1062 1904 Evtques.u

249 1933 338 1995 Solus
353 1935 449 2012 Major
468 1931 586 1994 videtur
603 1932 708 1993 contri
728 1930 855 2008 sentire,
875 1928 1004 1993 dicendo
1018 1930 1188 1995 Ecclesium

207 2039 273 2084 esse
288 2040 380 2103 supra
394 2024 518 2103 Papam,
532 2025 589 2081 ret
602 2019 671 2081 ideo
682 2021 707 2080 si
718 2019 853 2081 Ecclesia
863 2037 926 2081 non
938 2025 1074 2099 occeptat
1086 2019 1186 2100 legem

211 2131 228 2169 ι
247 2109 353 2190 Pepae‚
373 2128 435 2171 non
456 2126 544 2190 posse
562 2127 616 2188 per
635 2107 718 2169 illem
737 2107 863 2188 obligari
876 2130 893 2170 u
906 2106 974 2188 (tu,
991 2117 1026 2168 n·
1039 2107 1087 2190 l):
1103 2109 1189 2190 quod

207 2197 386 2263 damnatum
400 2197 517 2260 uidetur
532 2197 570 2258 ab
587 2195 761 2258 Alexandro
775 2198 827 2258 Vss
845 2197 876 2258 in
894 2195 1034 2277 sequenti
1047 2197 1187 2277 proposi-

91 2295 95 2303 '
208 2287 316 2348 tione:
339 2286 506 2367 «Populus
522 2303 585 2347 non
599 2291 720 2366 peccet,
743 2284 860 2347 memsi
881 2285 996 2366 absque
1014 2284 1077 2348 ulle
1093 2288 1189 2348 coust

212 2396 228 2434 u
248 2394 311 2437 non
325 2375 449 2457 recipiet
466 2375 564 2455 legem
579 2376 596 2436 l
611 2373 748 2454 principe
761 2374 983 2454 promulgatam
998 2395 1029 2437 o.

248 2485 303 2545 His
322 2483 515 2564 praenotatis,
538 2482 633 2544 thesis
653 2481 697 2544 sic
713 2481 857 2563 probetur
878 2481 980 2563 quoad
1001 2482 1189 2563 quaestiones

206 2591 305 2650 Juns·

249 2679 280 2737 l⁰
302 2678 345 2738 Ex
379 2675 563 2757 praecedenti
595 2675 822 2758 propositione,
857 2680 1014 2739 ltomunus
1046 2677 1188 2742 Pontifex

208 2772 386 2844 potestatem
406 2764 601 2844 legislativum
616 2783 718 2827 verum
732 2771 762 2828 et
779 2767 934 2848 propriam
954 2765 1059 2841 hubet3
1076 2765 1147 2843 sod,
1162 2761 1188 2822 si

209 2868 271 2922 {ron
283 2860 384 2935 posset
394 2853 485 2934 ligare
499 2853 556 2914 nisi
567 2860 768 2935 acceptantes,
782 2874 883 2917 verum
898 2874 933 2917 uc
944 2856 1065 2936 proprie
1075 2853 1189 2917 dictem

211 2959 270 3004 non
286 2942 410 3022 haberet
422 2947 602 3022 potestatem
616 2942 700 3023 leges
717 2943 888 3006 condendi:
906 2945 953 3006 lex
968 2944 1051 3006 enim
1065 2961 1129 3006 non
1142 2951 1188 3006 est

208 3029 291 3111 quod
306 3048 368 3091 non
385 3029 473 3110 liget,
493 3048 548 3092 nec
567 3037 753 3112 praeceptum
771 3033 821 3094 cui
838 3031 950 3094 subditi
968 3049 1031 3094 uon
1044 3037 1191 3094 tenentur

209 3117 428 3199 obtemperare,
444 3118 502 3179 nisi
515 3118 617 3181 velint.
630 3123 663 3180 ln
676 3118 753 3182 lectt
765 3120 925 3201 hypothesi
940 3122 1098 3183 Romanus
1113 3122 1189 3182 Pon·

209 3207 278 3270 tifex
294 3226 357 3270 uon
371 3207 518 3288 majorem
533 3206 656 3270 haberet
666 3210 874 3270 auctoritatem
894 3227 986 3290 quam
1004 3208 1102 3270 fidelis
1115 3209 1187 3289 qui-

209 3296 299 3374 libet,
322 3297 384 3358 imtl
398 3304 428 3357 et
446 3296 639 3366 muliercula,
656 3298 674 3357 ὲ
692 3296 804 3377 quibus
818 3316 925 3358 omnes
943 3297 1028 3378 ligeri
1043 3303 1186 3379 possent,

210 3383 235 3445 si
252 3385 373 3446 vellent.
388 3385 482 3446 Porro
494 3384 564 3466 quis
578 3384 702 3446 auderet
715 3385 785 3447 talia
798 3385 972 3448 sustinere?

248 3491 343 3570 Objici
365 3493 489 3573 quidem
503 3499 600 3573 potest
613 3493 712 3575 quod,
730 3494 816 3574 juxto
835 3495 966 3568 multos,
985 3495 1024 3556 de
1037 3493 1136 3572 lecto,
1154 3499 1190 3558 ut

211 3579 290 3642 inire
300 3581 448 3654 dicemus,
465 3581 547 3662 leges
561 3582 723 3661 pontiliciae
741 3582 893 3645 ordinarie
911 3601 973 3645 non
984 3583 1120 3664 obligent
1130 3583 1187 3646 uisi

212 3677 416 3750 acceptentur.
426 3672 507 3748 Ergo
515 3670 553 3730 de
565 3672 694 3733 essentie
706 3672 779 3748 legis
789 3691 850 3734 uon
862 3671 1000 3752 estquod
1010 3672 1070 3732 vim
1081 3671 1189 3734 habeut

214 3757 325 3830 ligendi
350 3765 419 3820 ante
451 3759 699 3839 acceptationem.
730 3761 851 3822 -Sed
880 3759 1080 3842 respondetur
1105 3760 1187 3842 leges
