2590 4214
503 243 590 287 trusa
610 242 728 286 rarrrus.
1047 234 1093 290 48·
1197 281 1198 284 ,

173 343 203 399 l⁰
225 339 339 404 Clerico
353 341 468 404 licitum
489 359 572 418 esse,
590 340 766 421 regulariter
785 340 956 420 loquendo,
973 343 1089 406 hahitar

127 446 201 490 cum
224 430 345 492 feminis
363 432 419 493 sibi
436 433 468 492 in
491 435 522 492 l⁰
540 436 569 491 et
586 433 618 492 2⁰
632 429 900 508 consanguinitatis
915 433 1010 511 gradu
1028 451 1085 494 oon

119 517 253 596 lunatis,
267 538 378 602 nempe
392 537 463 583 cum
478 525 584 596 matre,
600 517 675 592 aria,
688 518 790 594 amita,
800 522 971 596 matertera,
984 539 1086 583 sorore

128 611 232 685 nepte.

170 698 202 753 2⁰
223 695 306 758 ldem
319 697 482 760 dicendum
492 701 537 758 est
548 695 586 757 de
600 695 821 757 cohabitatione
834 713 905 756 cum
921 695 1059 757 affinibus
1071 697 1094 758 ir

127 783 229 862 primo
252 787 365 864 gradu,
380 787 518 848 videlicet
533 803 605 853 cum
624 787 772 862 noverca,
789 803 868 846 nuru
888 791 917 845 et
936 803 1029 846 uxore
1048 785 1092 846 fra

127 870 182 931 tris
203 873 359 952 defuncti,
386 876 512 954 insuper
529 891 600 934 cum
619 871 758 934 affinibus
778 873 963 934 insecundo
983 873 1077 953 gradu

127 961 253 1040 quando
268 963 342 1023 alter
361 964 444 1024 alteri
464 962 662 1024 reverentiam
678 961 784 1038 debet,
804 982 832 1024 v.
849 981 878 1041 g.
894 1009 901 1037 ,
922 981 993 1024 cum
1008 981 1092 1023 uxor

126 1049 245 1127 patrui,
261 1051 308 1112 vel
327 1052 468 1114 avunculi
492 1050 646 1124 defuncti,
673 1056 730 1112 etc.
759 1051 862 1111 :ratio
879 1057 924 1112 est.
948 1051 1020 1130 quia
1043 1051 1092 1113 illa

126 1153 236 1198 onmes
259 1147 330 1202 sunt
351 1159 488 1222 personae
511 1139 542 1200 in
565 1139 694 1218 quibus,
720 1147 809 1219 prout
835 1139 897 1200 vult
918 1142 1023 1201 lnnoo.
1043 1139 1081 1202 lll

125 1231 266 1289 naturale
280 1228 375 1309 foedus
390 1229 469 1290 nitu
479 1228 632 1308 permittit
645 1233 714 1289 sceui
726 1228 861 1288 crirnc'nrs
875 1229 1031 1310 suspicari.

168 1317 200 1376 30
221 1317 346 1386 Quando
361 1317 488 1379 clericus
503 1317 581 1377 licite
593 1315 705 1376 habitat
715 1335 785 1376 cum
799 1317 950 1396 praedictis
962 1317 1017 1378 sibi
1031 1337 1090 1382 con

121 1403 252 1482 junctis,
265 1406 355 1466 etiam
370 1406 427 1487 ipsi
440 1405 509 1466 lieet
523 1403 656 1464 habitare
670 1422 741 1465 cunr
756 1405 932 1465 earumdem
944 1404 1088 1467 ancilliae

124 1491 352 1574 pedissequis...
376 1513 383 1554 ε
409 1490 612 1575 permittendo
637 1491 719 1552 enim
748 1490 998 1553 cohabitationem
1027 1513 1086 1556 ouu

124 1580 298 1660 prioribus,
314 1601 446 1644 canones
456 1582 546 1643 etiarn
558 1597 628 1642 cum
645 1579 862 1660 posterioribus
876 1581 1014 1642 eamdem
1029 1601 1082 1664 per

123 1668 244 1732 mittere
258 1671 389 1748 dehent,
407 1673 477 1733 clun
490 1671 605 1751 priores
619 1667 834 1749 posterioribus
846 1669 1009 1750 indigeant.

164 1759 273 1820 Omnia
291 1760 355 1822 haec
374 1758 569 1840 intelligenda
591 1763 663 1820 sunt
680 1774 800 1838 semper
821 1776 892 1820 cum
912 1758 970 1821 hac
985 1760 1080 1824 limita

121 1845 206 1908 tione
220 1848 303 1928 quod
317 1867 377 1915 non
388 1849 464 1910 adsit
480 1847 650 1928 periculum
664 1845 709 1906 vel
725 1846 912 1909 scandalum.
934 1848 1083 1912 ulnhiben

127 1955 143 1993 a
160 1933 235 1996 dum
249 1945 305 2011 est,
322 1934 645 2018 aitoapJnlribendum,
659 1933 836 1996 Beeohubr't.
853 1935 967 2006 cleric„
980 1943 1081 2016 etc.,u

126 2046 142 2078 a
164 2024 266 2086 nullus
280 2025 419 2087 sacerdos
432 2025 570 2098 feminas,
587 2023 623 2084 de
637 2024 747 2103 quibus
760 2023 892 2104 suspicio
906 2043 971 2086 esse
985 2035 1081 2106 potest

126 2135 140 2168 a
162 2112 288 2174 retineat
303 2111 936 2196 :sectaequeillosquoscononesconcedunt,
952 2120 1080 2178 matrem

125 2221 140 2256 a
162 2202 285 2263 amitam
298 2209 508 2264 etsororemr.

160 2291 192 2350 4⁰
213 2293 279 2353 Non
295 2291 493 2372 prohibentur
503 2290 616 2364 clerici,
629 2293 719 2351 etiarn
730 2298 885 2352 extraneas
899 2288 1027 2354 feminas
1036 2294 1088 2358 sibi

117 2396 293 2456 assumere,
308 2380 399 2442 modo
414 2380 474 2441 sint
488 2379 683 2462 provectioris
697 2379 801 2453 aetatis,
817 2379 950 2442 honestae
965 2379 1090 2446 lamaeet

117 2474 203 2530 extra
219 2468 433 2548 suspicionem.
457 2471 506 2530 Est
520 2469 601 2530 eninr
621 2469 793 2529 communis
813 2467 1017 2547 interpretatio
1033 2471 1088 2532 De

117 2555 237 2618 crotalis
270 2559 436 2619 innocentii
463 2559 500 2618 lll
523 2556 610 2638 'quod
638 2557 824 2619 renovaverit
857 2555 1045 2637 disciplinam
1073 2563 1088 2620 a

116 2645 233 2706 Concil.
252 2646 372 2708 Nicaeno
393 2652 534 2708 statutam
551 2665 558 2706 :
575 2646 665 2727 porrb
685 2647 702 2706 a
721 2645 855 2706 Concilio
876 2646 999 2708 Nicaeno
1018 2667 1088 2728 per-

116 2733 246 2794 missum
260 2741 304 2796 est
318 2735 434 2796 clericis
449 2727 481 2797 ut
492 2734 606 2815 possint
619 2753 724 2798 secum
739 2733 849 2796 habere
864 2734 1006 2800 mulieres
1020 2729 1090 2820 quae'

115 2822 310 2902 suspicionem
320 2822 471 2904 effupiant.
489 2827 588 2903 Erg0,
604 2830 661 2885 etc.

157 2911 280 2981 Quaerit.
299 2915 329 2973 l⁰
340 2913 432 2990 Cujus
444 2913 537 2974 aetatis
552 2929 617 2973 esse
630 2911 762 2974 debeant
776 2913 892 2974 ancillae
908 2915 1086 2982 clericorum

114 2999 189 3081 ipsis
197 3001 525 3080 consanguinitatisaut
537 2999 816 3060 allinitatisvinculo
826 3019 889 3060 non
899 3003 1089 3078 conjunctae?

156 3090 244 3170 Resp.
261 3089 294 3150 ld
304 3091 323 3151 b
333 3089 402 3170 jure
414 3089 570 3150 communi
585 3103 646 3148 non
662 3087 754 3148 luisse
769 3087 980 3150 mathematice
994 3090 1085 3152 deter-

113 3178 284 3254 minatum;
302 3178 383 3240 unde
405 3185 450 3239 est
471 3177 502 3238 in
521 3177 580 3238 hoc
597 3173 816 3238 recurrendum
834 3175 882 3246 rel
900 3176 939 3238 ad
958 3180 1086 3260 propriae

114 3265 251 3328 dioecesis
260 3271 368 3328 statuta
379 3313 389 3342 ,
401 3266 447 3328 vel
463 3265 501 3327 ad
514 3264 776 3328 consuetudinem.

153 3354 274 3426 Quaerit.
293 3358 325 3416 2⁰
341 3357 388 3416 An
403 3353 497 3436 possit
517 3354 683 3436 Episcopus
698 3352 856 3434 prohibere
873 3371 912 3416 ne
925 3353 972 3417 sui
985 3354 1084 3418 clerici

112 3459 184 3506 oum
199 3443 258 3504 ulla
274 3441 387 3504 femina
401 3443 528 3504 omnino
541 3439 738 3504 cohahitent?

152 3539 243 3621 Resp.
260 3539 401 3619 Negativb
413 3561 421 3615 ;
433 3540 504 3620 quia
518 3536 660 3620 Episcopi
670 3555 731 3599 non
744 3544 870 3619 possunt
884 3537 988 3600 tollere
997 3537 1087 3602 lacul-

113 3635 204 3691 ntem
224 3630 241 3689 a
264 3627 333 3709 jure
356 3629 512 3690 communi
530 3643 718 3690 concessam.
741 3627 820 3688 Hinc
841 3625 983 3707 deceptos
1000 3634 1082 3708 putat

115 3715 267 3778 Benedict.
285 3717 351 3776 lllV
367 3714 424 3793 (lle
433 3714 522 3796 Syn,
535 3717 586 3777 lib.
603 3717 652 3785 ll,
668 3733 735 3793 cap.
749 3719 780 3790 l,
797 3717 870 3790 ml)
881 3715 995 3794 aliquot
1006 3717 1084 3794 Epis·
