2548 4216
174 265 231 322 ³78
452 279 602 320 aheneum
622 277 704 321 runis
725 279 875 325 canonici.

213 381 245 436 4⁰
256 375 312 447 Qui
327 377 389 438 ruri
400 375 492 456 degit,
505 377 698 438 recreationis
713 377 758 438 vel
773 379 916 442 rusticani
931 387 1046 462 negotii
1062 393 1153 451 causa

173 464 312 538 tanthm‚
328 482 430 526 coram
452 467 584 546 parocho
598 463 678 525 illius
698 463 756 527 loci
778 485 839 528 non
854 475 952 548 potest
966 472 1066 536 valide
1079 494 1152 538 con-

173 550 300 614 trahere.
321 553 353 613 ld
377 552 490 634 pluries
512 551 646 614 decisum
668 552 735 615 vide
758 554 839 635 apud
863 556 1063 622 Benedictum
1088 565 1153 626 XIV

176 638 290 717 (Instt‘l.
303 645 352 712 33,
370 650 403 700 n⁰
415 643 456 720 7).
1034 686 1037 691 -

212 733 243 788 5⁰
259 731 433 808 vagorum,
454 745 507 790 seu
521 745 626 790 eorum
641 729 712 809 qui,
728 730 831 793 relicto
846 735 969 815 proprio
982 737 1153 820 domicilio,

174 815 274 877 sedem
290 817 320 878 in
333 818 440 878 exteris
451 824 603 898 quaerunt,
618 817 757 899 proprius
769 819 919 900 parochus
931 827 1034 905 quoad
1050 830 1155 892 niani-1

174 909 312 965 monium
331 913 374 966 est
394 907 443 966 ille
461 907 493 966 in
511 905 597 984 cujus
615 905 757 986 parochia
770 908 836 988 vagi
852 917 920 972 actu
942 915 1152 998 reperiuntur,

173 993 225 1052 etsi
241 1012 321 1053 unus
337 996 455 1054 lantiam
468 1011 648 1075 sponsorum
663 995 700 1054 sit
713 1014 816 1076 vagus.
831 997 914 1058 Idem
926 999 1097 1066 dicendum
1110 1013 1155 1069 est

173 1081 210 1141 de
234 1081 396 1157 militibus;
420 1089 549 1143 attamen
573 1082 604 1143 in
631 1083 738 1144 actuali
758 1084 949 1164 expeditione
970 1090 1154 1156 contrahere

173 1178 298 1247 possunt
313 1189 415 1230 eoram
428 1169 589 1250 capellanis
601 1169 725 1232 militiae.
737 1174 778 1232 Ila
790 1175 821 1234 S.
835 1174 958 1256 Congo,
973 1197 1046 1242 nov.
1060 1184 1150 1245 1676.

211 1255 374 1318 6⁰Detenti
400 1259 430 1326 in
455 1277 584 1333 carcere,
607 1276 706 1339 poenae
730 1260 849 1323 luendae
873 1267 977 1344 causa,
1000 1271 1154 1348 parochus

172 1350 216 1405 est
230 1343 280 1405 ille
300 1347 330 1405 in
347 1347 433 1423 cujus
449 1346 592 1428 parochia
610 1352 690 1408 extat
708 1365 828 1426 caroer3
845 1349 925 1414 illius
946 1356 1019 1417 vero
1044 1359 1098 1438 qui
1123 1361 1153 1420 in

171 1450 291 1495 carcere
305 1435 456 1496 detinetur
477 1435 576 1497 solium
592 1434 736 1497 custodiae
753 1440 855 1516 causa,
874 1439 983 1516 donec,
1001 1463 1031 1505 v.
1049 1467 1096 1524 g„
1116 1447 1152 1510 de

172 1539 207 1582 eo
221 1525 368 1585 sententia
382 1524 560 1605 proteratur,
576 1529 620 1586 est
635 1523 783 1604 parochus
797 1526 941 1590 domicilii
955 1533 1041 1611 quod
1057 1534 1151 1597 hahe-

171 1609 220 1670 bat
234 1609 374 1672 detentus
388 1621 548 1693 antequam
564 1612 595 1673 in
611 1630 761 1675 carcerem
776 1613 997 1682 detruderetur.

211 1702 243 1759 7⁰
257 1701 431 1780 Disputatur
443 1700 543 1781 quoad
554 1700 740 1763 domicilium
752 1702 832 1765 illius
844 1705 895 1784 qui
911 1707 942 1766 in
958 1710 1150 1774 xenodochio

171 1785 262 1866 degit,
276 1795 305 1848 et
314 1789 518 1850 consulendus
528 1795 572 1850 est
582 1790 758 1871 Episcopus.
771 1791 845 1852 Vide
856 1799 957 1856 tamen
967 1799 998 1859 S.
1011 1799 1147 1880 liguum,

170 1871 225 1940 lib.
239 1877 269 1946 6,
285 1889 316 1934 n⁰
332 1881 403 1938 toul
423 1896 476 1956 pro
490 1896 560 1940 casu
576 1879 760 1940 necessitatis
775 1882 921 1960 urgentis.

211 1963 242 2024 8⁰
256 1964 367 2024 Puellae
390 1984 459 2045 quae
480 1967 510 2026 in
530 1967 658 2048 hospitio
680 1969 849 2047 spuriarum
872 1970 1060 2052 detinentur,
1079 1996 1149 2040 ocn-

171 2048 289 2112 trahere
311 2053 431 2130 delient,
456 2073 515 2114 non
535 2073 638 2116 coram
658 2055 737 2116 illius
755 2055 875 2138 hospitii
902 2063 1074 2143 capellano,
1097 2067 1147 2127 sed

170 2155 271 2199 eoram
284 2141 415 2221 parocho
431 2143 486 2202 loci
500 2143 604 2223 inquo
619 2144 709 2205 situm
725 2145 953 2226 esthospitium.

210 2230 243 2288 9⁰
264 2232 335 2300 Quae
358 2231 426 2291 rerd
447 2231 478 2291 in
504 2233 687 2293 monasterio
710 2232 841 2312 degunt,
861 2236 907 2297 vel
933 2236 1046 2302 hahent
1067 2243 1147 2305 aliud

169 2313 367 2393 domicilium,
390 2337 417 2380 v.
446 2339 492 2399 g.‚
518 2326 689 2400 paternum,
715 2327 898 2400 maternum,
923 2323 1092 2391 fraternum
1116 2333 1146 2393 in

169 2402 296 2478 civitate,
318 2407 363 2466 vel
381 2426 441 2467 non
458 2407 568 2469 habent
585 2428 592 2468 :
608 2409 632 2469 si
647 2409 747 2489 prihs‚
764 2428 865 2470 coram
886 2413 1022 2492 parocho
1045 2417 1146 2481 domi-

169 2491 229 2552 cilii
245 2495 420 2556 contrahere
439 2495 561 2570 dehent,
578 2496 609 2556 in
627 2503 755 2576 utroque
774 2505 876 2559 tamen
898 2499 963 2562 loeo
986 2503 1072 2566 lactis
1093 2507 1145 2569 de·

170 2581 409 2644 nuntiationibus
422 2603 428 2658 ;
441 2585 463 2644 si
475 2586 545 2646 rerd
555 2585 714 2664 posteriirs,
726 2587 902 2648 contrahere
913 2587 1027 2652 dehent
1041 2612 1146 2658 coram

168 2668 299 2748 parocho
315 2671 371 2730 loci
387 2672 417 2730 in
433 2691 493 2751 quo
506 2679 601 2733 exstat
616 2673 844 2736 monasterium.

208 2755 292 2816 Idem
308 2757 357 2819 dic
374 2759 473 2836 quoad
490 2759 618 2820 larrrulos
635 2766 663 2821 et
680 2759 823 2835 famulam
838 2764 889 2843 qui
906 2764 929 2826 si
945 2764 1080 2832 habeant
1095 2773 1147 2836 do·

161 2839 218 2900 mio
230 2841 314 2904 ilium
332 2845 452 2906 familiae
467 2854 549 2908 extra
563 2848 669 2909 urhem
683 2855 711 2908 et
726 2849 756 2908 in
770 2851 844 2912 urhe
859 2851 1057 2934 famulatum,
1073 2865 1147 2924 lunc

161 2945 210 2988 cor
221 2947 270 2992 am
283 2932 413 3012 parocho
428 2934 544 2997 urbano
556 2935 732 2997 contrahere
745 2937 872 3015 dehent3
889 2951 1017 3021 possunt
1027 2951 1144 3027 lamen,

161 3016 184 3076 si
219 3020 328 3094 velint,
353 3023 530 3085 contrahere
554 3041 655 3086 corarn
683 3025 816 3104 parocho
837 3027 981 3090 domicilii
1010 3032 1144 3116 familiae,

162 3104 195 3162 eir
208 3123 239 3168 m
254 3109 410 3172 rideantur
425 3112 499 3174 inibi
511 3113 671 3174 retinuisse
686 3113 873 3181 domicilnm.

209 3196 254 3256 Ad
279 3200 434 3278 proprium
456 3201 622 3281 parochum
645 3203 775 3282 pertinet
795 3205 958 3285 publicatio
986 3213 1146 3279 matrimo-

169 3284 286 3345 niorum
317 3289 476 3366 (Trident,
501 3309 573 3352 sess.
598 3294 647 3365 al,
671 3309 737 3371 cap.
763 3295 791 3366 l,
818 3293 861 3355 De
883 3297 1044 3380 reform.);
1069 3311 1099 3364 et
1121 3303 1146 3366 si

166 3373 378 3435 contrahentes
396 3378 455 3437 sint
476 3379 492 3438 h
510 3379 659 3459 parochiis
678 3379 818 3456 diversis,
834 3383 871 3442 ad
888 3403 1147 3472 unumquemque

167 3477 270 3520 earum
296 3464 506 3542 parochiarum
535 3473 681 3528 rectorem
708 3469 839 3548 pertinet
865 3469 930 3533 haec
954 3478 1145 3543 matrimonii

167 3545 364 3611 denuntiatio.
382 3552 430 3613 Sic
441 3554 628 3616 consuetudo
638 3554 807 3617 Concilium
821 3559 1036 3624 Tridentinurn
1051 3569 1146 3650 expli-

166 3641 225 3695 cat.
238 3668 274 3680 —
287 3639 358 3698 llem
372 3641 408 3698 ad
424 3645 578 3722 proprium
593 3643 760 3724 parochum
772 3653 883 3727 spectat
897 3647 1145 3718 benedictionem

169 3722 332 3798 nuptialem
346 3726 491 3804 impertiri
504 3731 661 3806 (Trident,
677 3732 775 3810 itta).
