<?xml version="1.0" encoding="UTF-8"?>
<!DOCTYPE html PUBLIC "-//W3C//DTD XHTML 1.0 Transitional//EN"
    "http://www.w3.org/TR/xhtml1/DTD/xhtml1-transitional.dtd">
<html xmlns="http://www.w3.org/1999/xhtml" xml:lang="en" lang="en">
 <head>
  <title>
</title>
<meta http-equiv="Content-Type" content="text/html;charset=utf-8" />
  <meta name='ocr-system' content='tesseract 3.04.00' />
  <meta name='ocr-capabilities' content='ocr_page ocr_carea ocr_par ocr_line ocrx_word'/>
</head>
<body>
  <div class='ocr_page' id='page_1' title='image "./elementajurisca01craigoog_0036.png"; bbox 0 0 2616 4228; ppageno 0'>
   <div class='ocr_carea' id='block_1_1' title="bbox 381 275 1084 341">
    <p class='ocr_par' dir='ltr' id='par_1_1' title="bbox 381 275 1084 341">
     <span class='ocr_line' id='line_1_1' title="bbox 381 275 1084 341; baseline 0.011 -8"><span class='ocrx_word' id='word_1_1' title='bbox 381 331 386 340; x_wconf 82' lang='grc'><strong>,</strong></span> <span class='ocrx_word' id='word_1_2' title='bbox 446 289 537 334; x_wconf 79' lang='lat' dir='ltr'>canor</span> <span class='ocrx_word' id='word_1_3' title='bbox 560 289 741 334; x_wconf 73' lang='lat' dir='ltr'>naamanin.</span> <span class='ocrx_word' id='word_1_4' title='bbox 989 275 991 282; x_wconf 80' lang='grc'><em>’</em></span> <span class='ocrx_word' id='word_1_5' title='bbox 1048 285 1084 341; x_wconf 77' lang='lat' dir='ltr'>tt</span> 
     </span>
    </p>
   </div>
   <div class='ocr_carea' id='block_1_2' title="bbox 93 389 1146 3742">
    <p class='ocr_par' dir='ltr' id='par_1_2' title="bbox 106 389 1087 1184">
     <span class='ocr_line' id='line_1_2' title="bbox 108 389 1084 479; baseline 0.005 -23"><span class='ocrx_word' id='word_1_6' title='bbox 108 393 227 474; x_wconf 81' lang='lat' dir='ltr'>reginae¹</span> <span class='ocrx_word' id='word_1_7' title='bbox 244 389 457 475; x_wconf 81' lang='lat' dir='ltr'>Hispaniarum</span> <span class='ocrx_word' id='word_1_8' title='bbox 472 395 506 454; x_wconf 92' lang='lat' dir='ltr'>ut</span> <span class='ocrx_word' id='word_1_9' title='bbox 521 390 604 454; x_wconf 84' lang='lat' dir='ltr'>uuita</span> <span class='ocrx_word' id='word_1_10' title='bbox 616 389 777 454; x_wconf 81' lang='lat' dir='ltr'>haberetur</span> <span class='ocrx_word' id='word_1_11' title='bbox 791 393 907 476; x_wconf 81' lang='lat' dir='ltr'>largitio</span> <span class='ocrx_word' id='word_1_12' title='bbox 919 397 1084 479; x_wconf 77' lang='lat' dir='ltr'>indulgen·</span> 
     </span>
     <span class='ocr_line' id='line_1_3' title="bbox 107 481 1083 564; baseline 0.006 -21"><span class='ocrx_word' id='word_1_13' title='bbox 107 481 462 563; x_wconf 78' lang='lat' dir='ltr'>tiarnmapoatolicaram</span> <span class='ocrx_word' id='word_1_14' title='bbox 471 485 541 559; x_wconf 75' lang='lat' dir='ltr'>quai</span> <span class='ocrx_word' id='word_1_15' title='bbox 549 485 609 540; x_wconf 85' lang='lat' dir='ltr'>no&#39;n</span> <span class='ocrx_word' id='word_1_16' title='bbox 623 481 722 558; x_wconf 80' lang='lat' dir='ltr'>antea,</span> <span class='ocrx_word' id='word_1_17' title='bbox 731 483 748 542; x_wconf 78' lang='lat' dir='ltr'>a</span> <span class='ocrx_word' id='word_1_18' title='bbox 758 481 895 546; x_wconf 86' lang='lat' dir='ltr'>iocorum</span> <span class='ocrx_word' id='word_1_19' title='bbox 906 484 1083 564; x_wconf 78' lang='lat' dir='ltr'>ordinariis,</span> 
     </span>
     <span class='ocr_line' id='line_1_4' title="bbox 107 569 1087 651; baseline 0.008 -20"><span class='ocrx_word' id='word_1_20' title='bbox 107 570 414 651; x_wconf 80' lang='lat' dir='ltr'>apostatico&#39;Nautia,</span> <span class='ocrx_word' id='word_1_21' title='bbox 430 586 466 632; x_wconf 90' lang='lat' dir='ltr'>ac</span> <span class='ocrx_word' id='word_1_22' title='bbox 480 569 592 645; x_wconf 86' lang='lat' dir='ltr'>Majo&#39;re</span> <span class='ocrx_word' id='word_1_23' title='bbox 607 569 698 647; x_wconf 78' lang='lat' dir='ltr'>Regis</span> <span class='ocrx_word' id='word_1_24' title='bbox 712 570 874 651; x_wconf 70' lang='lat' dir='ltr'><strong>Capeliano</strong></span> <span class='ocrx_word' id='word_1_25' title='bbox 888 575 950 637; x_wconf 88' lang='lat' dir='ltr'>visa</span> <span class='ocrx_word' id='word_1_26' title='bbox 964 583 1042 638; x_wconf 85' lang='lat' dir='ltr'>esset</span> <span class='ocrx_word' id='word_1_27' title='bbox 1056 582 1087 639; x_wconf 87' lang='lat' dir='ltr'>et</span> 
     </span>
     <span class='ocr_line' id='line_1_5' title="bbox 107 656 1086 746; baseline 0.007 -26"><span class='ocrx_word' id='word_1_28' title='bbox 107 659 146 720; x_wconf 88' lang='lat' dir='ltr'>ab</span> <span class='ocrx_word' id='word_1_29' title='bbox 159 660 246 720; x_wconf 89' lang='lat' dir='ltr'>omni</span> <span class='ocrx_word' id='word_1_30' title='bbox 262 659 434 746; x_wconf 68' lang='lat' dir='ltr'><strong>suspicione</strong></span> <span class='ocrx_word' id='word_1_31' title='bbox 449 656 597 742; x_wconf 71' lang='lat' dir='ltr'>&#39;amnionis</span> <span class='ocrx_word' id='word_1_32' title='bbox 608 657 856 742; x_wconf 71' lang='lat' dir='ltr'>comprobaretur</span> <span class='ocrx_word' id='word_1_33' title='bbox 873 681 881 722; x_wconf 92' lang='lat'>:</span> <span class='ocrx_word' id='word_1_34' title='bbox 906 663 959 725; x_wconf 87' lang='lat' dir='ltr'>sed</span> <span class='ocrx_word' id='word_1_35' title='bbox 976 664 1086 727; x_wconf 74' lang='lat' dir='ltr'>exinde</span> 
     </span>
     <span class='ocr_line' id='line_1_6' title="bbox 107 745 1085 833; baseline 0.008 -27"><span class='ocrx_word' id='word_1_36' title='bbox 107 745 236 826; x_wconf 79' lang='lat' dir='ltr'>minime</span> <span class='ocrx_word' id='word_1_37' title='bbox 248 746 390 821; x_wconf 85' lang='lat' dir='ltr'>concludi</span> <span class='ocrx_word' id='word_1_38' title='bbox 409 745 499 808; x_wconf 88' lang='lat' dir='ltr'>debet</span> <span class='ocrx_word' id='word_1_39' title='bbox 521 745 733 806; x_wconf 86' lang='lat' dir='ltr'>necessitatem·</span> <span class='ocrx_word' id='word_1_40' title='bbox 745 750 971 829; x_wconf 88' lang='lat' dir='ltr'>approbationis</span> <span class='ocrx_word' id='word_1_41' title='bbox 994 753 1085 833; x_wconf 86' lang='lat' dir='ltr'>Epis-</span> 
     </span>
     <span class='ocr_line' id='line_1_7' title="bbox 106 833 1084 916; baseline 0.006 -19"><span class='ocrx_word' id='word_1_42' title='bbox 106 853 257 916; x_wconf 71' lang='lat' dir='ltr'>coporurn</span> <span class='ocrx_word' id='word_1_43' title='bbox 282 855 337 916; x_wconf 91' lang='lat' dir='ltr'>pro</span> <span class='ocrx_word' id='word_1_44' title='bbox 356 835 504 898; x_wconf 82' lang='lat' dir='ltr'>validitate</span> <span class='ocrx_word' id='word_1_45' title='bbox 518 834 622 913; x_wconf 83' lang='lat' dir='ltr'>legum</span> <span class='ocrx_word' id='word_1_46' title='bbox 636 833 870 913; x_wconf 87' lang='lat' dir='ltr'>pontificiarum.</span> <span class='ocrx_word' id='word_1_47' title='bbox 892 841 957 902; x_wconf 89' lang='lat' dir='ltr'>Irnb</span> <span class='ocrx_word' id='word_1_48' title='bbox 970 841 1032 903; x_wconf 86' lang='lat' dir='ltr'>Leo</span> <span class='ocrx_word' id='word_1_49' title='bbox 1046 843 1084 912; x_wconf 89' lang='lat' dir='ltr'>X,</span> 
     </span>
     <span class='ocr_line' id='line_1_8' title="bbox 106 922 1087 1011; baseline 0.006 -27"><span class='ocrx_word' id='word_1_50' title='bbox 106 942 192 985; x_wconf 89' lang='lat' dir='ltr'>anno</span> <span class='ocrx_word' id='word_1_51' title='bbox 207 928 296 1001; x_wconf 77' lang='lat' dir='ltr'>tata,</span> <span class='ocrx_word' id='word_1_52' title='bbox 309 925 461 986; x_wconf 84' lang='lat' dir='ltr'>damnarit</span> <span class='ocrx_word' id='word_1_53' title='bbox 472 922 701 984; x_wconf 64' lang='lat' dir='ltr'>constitutiones</span> <span class='ocrx_word' id='word_1_54' title='bbox 710 925 822 1004; x_wconf 87' lang='lat' dir='ltr'>quihus</span> <span class='ocrx_word' id='word_1_55' title='bbox 834 928 1087 1011; x_wconf 82' lang='lat' dir='ltr'>Archiepisoopas</span> 
     </span>
     <span class='ocr_line' id='line_1_9' title="bbox 106 1013 1081 1098; baseline 0.006 -25"><span class='ocrx_word' id='word_1_56' title='bbox 106 1013 272 1088; x_wconf 79' lang='lat' dir='ltr'>&#39;toletanus</span> <span class='ocrx_word' id='word_1_57' title='bbox 286 1019 429 1075; x_wconf 81' lang='lat' dir='ltr'>statuerat</span> <span class='ocrx_word' id='word_1_58' title='bbox 447 1027 508 1074; x_wconf 92' lang='lat' dir='ltr'>non</span> <span class='ocrx_word' id='word_1_59' title='bbox 533 1029 599 1072; x_wconf 88' lang='lat' dir='ltr'>esse</span> <span class='ocrx_word' id='word_1_60' title='bbox 621 1013 820 1092; x_wconf 75' lang='lat' dir='ltr'>acceptandus</span> <span class='ocrx_word' id='word_1_61' title='bbox 835 1015 948 1080; x_wconf 84' lang='lat' dir='ltr'>litteras</span> <span class='ocrx_word' id='word_1_62' title='bbox 959 1024 1081 1098; x_wconf 89' lang='lat' dir='ltr'>aposto-</span> 
     </span>
     <span class='ocr_line' id='line_1_10' title="bbox 106 1098 935 1184; baseline 0.012 -26"><span class='ocrx_word' id='word_1_63' title='bbox 106 1098 183 1162; x_wconf 88' lang='lat' dir='ltr'>licas</span> <span class='ocrx_word' id='word_1_64' title='bbox 199 1100 339 1164; x_wconf 78' lang='lat' dir='ltr'>nandium</span> <span class='ocrx_word' id='word_1_65' title='bbox 354 1101 391 1162; x_wconf 85' lang='lat' dir='ltr'>ab</span> <span class='ocrx_word' id='word_1_66' title='bbox 406 1099 471 1181; x_wconf 91' lang='lat' dir='ltr'>ipso</span> <span class='ocrx_word' id='word_1_67' title='bbox 485 1100 530 1162; x_wconf 87' lang='lat' dir='ltr'>vel</span> <span class='ocrx_word' id='word_1_68' title='bbox 546 1099 772 1164; x_wconf 90' lang='lat' dir='ltr'>suecessoribus</span> <span class='ocrx_word' id='word_1_69' title='bbox 784 1104 935 1184; x_wconf 86' lang='lat' dir='ltr'>probatas.</span> 
     </span>
    </p>

    <p class='ocr_par' dir='ltr' id='par_1_3' title="bbox 104 1189 1087 1447">
     <span class='ocr_line' id='line_1_11' title="bbox 148 1189 1087 1268; baseline 0.007 -18"><span class='ocrx_word' id='word_1_70' title='bbox 148 1193 199 1250; x_wconf 78' lang='lat'>26.</span> <span class='ocrx_word' id='word_1_71' title='bbox 225 1191 433 1252; x_wconf 72' lang='lat' dir='ltr'>coronamur</span> <span class='ocrx_word' id='word_1_72' title='bbox 446 1191 482 1250; x_wconf 85' lang='lat' dir='ltr'>il.</span> <span class='ocrx_word' id='word_1_73' title='bbox 495 1223 533 1235; x_wconf 97' lang='lat'>-</span> <span class='ocrx_word' id='word_1_74' title='bbox 546 1189 575 1249; x_wconf 83' lang='lat' dir='ltr'><em>E</em></span> <span class='ocrx_word' id='word_1_75' title='bbox 576 1207 640 1267; x_wconf 84' lang='lat' dir='ltr'>rpo,</span> <span class='ocrx_word' id='word_1_76' title='bbox 653 1189 670 1249; x_wconf 84' lang='lat' dir='ltr'>ci</span> <span class='ocrx_word' id='word_1_77' title='bbox 685 1189 859 1268; x_wconf 64' lang='lat' dir='ltr'>fortunat</span> <span class='ocrx_word' id='word_1_78' title='bbox 868 1195 1087 1268; x_wconf 73' lang='lat' dir='ltr'>constitutiones</span> 
     </span>
     <span class='ocr_line' id='line_1_12' title="bbox 104 1275 1087 1362; baseline 0.009 -26"><span class='ocrx_word' id='word_1_79' title='bbox 104 1277 271 1359; x_wconf 70' lang='lat' dir='ltr'>pontificia</span> <span class='ocrx_word' id='word_1_80' title='bbox 284 1279 343 1339; x_wconf 79' lang='lat' dir='ltr'>urin</span> <span class='ocrx_word' id='word_1_81' title='bbox 357 1277 506 1358; x_wconf 84' lang='lat' dir='ltr'>ohiipandi</span> <span class='ocrx_word' id='word_1_82' title='bbox 519 1275 660 1354; x_wconf 83' lang='lat' dir='ltr'>habeant,</span> <span class='ocrx_word' id='word_1_83' title='bbox 677 1297 734 1338; x_wconf 88' lang='lat' dir='ltr'>non</span> <span class='ocrx_word' id='word_1_84' title='bbox 749 1282 919 1362; x_wconf 84' lang='lat' dir='ltr'>requiritur</span> <span class='ocrx_word' id='word_1_85' title='bbox 933 1283 995 1344; x_wconf 79' lang='lat' dir='ltr'>ath</span> <span class='ocrx_word' id='word_1_86' title='bbox 1010 1283 1087 1346; x_wconf 83' lang='lat' dir='ltr'>clero</span> 
     </span>
     <span class='ocr_line' id='line_1_13' title="bbox 105 1363 640 1447; baseline -0.002 -20"><span class='ocrx_word' id='word_1_87' title='bbox 105 1363 228 1427; x_wconf 84' lang='lat' dir='ltr'>secundi</span> <span class='ocrx_word' id='word_1_88' title='bbox 241 1365 353 1426; x_wconf 83' lang='lat' dir='ltr'>ordinis</span> <span class='ocrx_word' id='word_1_89' title='bbox 367 1373 564 1447; x_wconf 82' lang='lat' dir='ltr'>acceptentur.</span> <span class='ocrx_word' id='word_1_90' title='bbox 636 1411 640 1418; x_wconf 87' lang='lat'><em>.</em></span> 
     </span>
    </p>

    <p class='ocr_par' dir='ltr' id='par_1_4' title="bbox 93 1454 1090 2399">
     <span class='ocr_line' id='line_1_14' title="bbox 149 1454 1084 1538; baseline 0.007 -24"><span class='ocrx_word' id='word_1_91' title='bbox 149 1455 264 1516; x_wconf 84' lang='lat' dir='ltr'>Praeter</span> <span class='ocrx_word' id='word_1_92' title='bbox 281 1455 413 1516; x_wconf 89' lang='lat' dir='ltr'>rationes</span> <span class='ocrx_word' id='word_1_93' title='bbox 427 1456 518 1534; x_wconf 76' lang='lat' dir='ltr'>supra</span> <span class='ocrx_word' id='word_1_94' title='bbox 532 1454 634 1516; x_wconf 81' lang='lat' dir='ltr'>allatas</span> <span class='ocrx_word' id='word_1_95' title='bbox 646 1456 791 1536; x_wconf 89' lang='lat' dir='ltr'>probatur</span> <span class='ocrx_word' id='word_1_96' title='bbox 804 1457 928 1538; x_wconf 87' lang='lat' dir='ltr'>insuper</span> <span class='ocrx_word' id='word_1_97' title='bbox 946 1475 983 1522; x_wconf 88' lang='lat' dir='ltr'>ex</span> <span class='ocrx_word' id='word_1_98' title='bbox 999 1460 1084 1522; x_wconf 80' lang='lat' dir='ltr'>Bulla</span> 
     </span>
     <span class='ocr_line' id='line_1_15' title="bbox 107 1541 1082 1626; baseline 0.006 -22"><span class='ocrx_word' id='word_1_99' title='bbox 107 1545 271 1604; x_wconf 81' lang='lat' dir='ltr'>Auctorem</span> <span class='ocrx_word' id='word_1_100' title='bbox 285 1541 365 1624; x_wconf 76' lang='lat' dir='ltr'>fidei,</span> <span class='ocrx_word' id='word_1_101' title='bbox 380 1553 414 1604; x_wconf 89' lang='lat' dir='ltr'>n⁰</span> <span class='ocrx_word' id='word_1_102' title='bbox 431 1546 464 1604; x_wconf 88' lang='lat' dir='ltr'>tt</span> <span class='ocrx_word' id='word_1_103' title='bbox 484 1563 491 1602; x_wconf 92' lang='lat'>:</span> <span class='ocrx_word' id='word_1_104' title='bbox 509 1565 524 1601; x_wconf 83' lang='lat' dir='ltr'>u</span> <span class='ocrx_word' id='word_1_105' title='bbox 539 1545 693 1618; x_wconf 74' lang='lat' dir='ltr'>Sententia</span> <span class='ocrx_word' id='word_1_106' title='bbox 707 1547 869 1610; x_wconf 90' lang='lat' dir='ltr'>enuntians</span> <span class='ocrx_word' id='word_1_107' title='bbox 882 1549 972 1608; x_wconf 85' lang='lat' dir='ltr'>vetari</span> <span class='ocrx_word' id='word_1_108' title='bbox 987 1549 1082 1626; x_wconf 88' lang='lat' dir='ltr'>majo-</span> 
     </span>
     <span class='ocr_line' id='line_1_16' title="bbox 112 1629 1086 1715; baseline 0.006 -25"><span class='ocrx_word' id='word_1_109' title='bbox 112 1651 129 1690; x_wconf 79' lang='lat' dir='ltr'>a</span> <span class='ocrx_word' id='word_1_110' title='bbox 149 1647 219 1692; x_wconf 92' lang='lat' dir='ltr'>rum</span> <span class='ocrx_word' id='word_1_111' title='bbox 235 1629 372 1692; x_wconf 90' lang='lat' dir='ltr'>instituto</span> <span class='ocrx_word' id='word_1_112' title='bbox 382 1631 419 1692; x_wconf 88' lang='lat' dir='ltr'>ab</span> <span class='ocrx_word' id='word_1_113' title='bbox 431 1630 603 1710; x_wconf 82' lang='lat' dir='ltr'>apostolicis</span> <span class='ocrx_word' id='word_1_114' title='bbox 613 1649 709 1710; x_wconf 90' lang='lat' dir='ltr'>usque</span> <span class='ocrx_word' id='word_1_115' title='bbox 720 1633 906 1712; x_wconf 88' lang='lat' dir='ltr'>temporibus</span> <span class='ocrx_word' id='word_1_116' title='bbox 916 1633 1019 1706; x_wconf 90' lang='lat' dir='ltr'>dacto,</span> <span class='ocrx_word' id='word_1_117' title='bbox 1032 1653 1086 1715; x_wconf 89' lang='lat' dir='ltr'>per</span> 
     </span>
     <span class='ocr_line' id='line_1_17' title="bbox 93 1719 1089 1802; baseline 0.012 -26"><span class='ocrx_word' id='word_1_118' title='bbox 93 1740 129 1802; x_wconf 72' lang='lat' dir='ltr'>va</span> <span class='ocrx_word' id='word_1_119' title='bbox 150 1719 278 1782; x_wconf 82' lang='lat' dir='ltr'>meliora</span> <span class='ocrx_word' id='word_1_120' title='bbox 300 1719 440 1782; x_wconf 85' lang='lat' dir='ltr'>Ecclesiae</span> <span class='ocrx_word' id='word_1_121' title='bbox 458 1719 567 1780; x_wconf 76' lang='lat' dir='ltr'>saecuta</span> <span class='ocrx_word' id='word_1_122' title='bbox 589 1727 719 1794; x_wconf 86' lang='lat' dir='ltr'>servato,</span> <span class='ocrx_word' id='word_1_123' title='bbox 741 1727 899 1802; x_wconf 89' lang='lat' dir='ltr'>receptum</span> <span class='ocrx_word' id='word_1_124' title='bbox 920 1720 1031 1800; x_wconf 79' lang='lat' dir='ltr'>tuisse,</span> <span class='ocrx_word' id='word_1_125' title='bbox 1055 1729 1089 1788; x_wconf 89' lang='lat' dir='ltr'>ut</span> 
     </span>
     <span class='ocr_line' id='line_1_18' title="bbox 111 1807 1086 1890; baseline 0.008 -24"><span class='ocrx_word' id='word_1_126' title='bbox 111 1829 129 1866; x_wconf 83' lang='lat' dir='ltr'>a</span> <span class='ocrx_word' id='word_1_127' title='bbox 149 1807 285 1888; x_wconf 80' lang='lat' dir='ltr'>decreta,</span> <span class='ocrx_word' id='word_1_128' title='bbox 300 1814 352 1870; x_wconf 90' lang='lat' dir='ltr'>aut</span> <span class='ocrx_word' id='word_1_129' title='bbox 365 1807 567 1882; x_wconf 88' lang='lat' dir='ltr'>definitiones,</span> <span class='ocrx_word' id='word_1_130' title='bbox 582 1814 634 1868; x_wconf 92' lang='lat' dir='ltr'>aut</span> <span class='ocrx_word' id='word_1_131' title='bbox 647 1809 815 1886; x_wconf 71' lang='lat' dir='ltr'>sententie,</span> <span class='ocrx_word' id='word_1_132' title='bbox 828 1810 920 1884; x_wconf 87' lang='lat' dir='ltr'>ctiam</span> <span class='ocrx_word' id='word_1_133' title='bbox 935 1812 1086 1890; x_wconf 88' lang='lat' dir='ltr'>majorum</span> 
     </span>
     <span class='ocr_line' id='line_1_19' title="bbox 111 1894 1090 1978; baseline 0.009 -24"><span class='ocrx_word' id='word_1_134' title='bbox 111 1918 130 1954; x_wconf 78' lang='lat' dir='ltr'>a</span> <span class='ocrx_word' id='word_1_135' title='bbox 150 1895 288 1977; x_wconf 75' lang='lat' dir='ltr'>sedium,</span> <span class='ocrx_word' id='word_1_136' title='bbox 307 1915 369 1958; x_wconf 91' lang='lat' dir='ltr'>non</span> <span class='ocrx_word' id='word_1_137' title='bbox 392 1894 636 1976; x_wconf 81' lang='lat' dir='ltr'>acceptaremus,</span> <span class='ocrx_word' id='word_1_138' title='bbox 655 1897 712 1971; x_wconf 87' lang='lat' dir='ltr'>nisi</span> <span class='ocrx_word' id='word_1_139' title='bbox 732 1899 895 1978; x_wconf 71' lang='lat' dir='ltr'>recognitae</span> <span class='ocrx_word' id='word_1_140' title='bbox 918 1898 1044 1962; x_wconf 80' lang='lat' dir='ltr'>fuissent</span> <span class='ocrx_word' id='word_1_141' title='bbox 1060 1908 1090 1963; x_wconf 89' lang='lat' dir='ltr'>et</span> 
     </span>
     <span class='ocr_line' id='line_1_20' title="bbox 111 1983 1089 2066; baseline 0.006 -22"><span class='ocrx_word' id='word_1_142' title='bbox 111 2007 128 2044; x_wconf 81' lang='lat' dir='ltr'>a</span> <span class='ocrx_word' id='word_1_143' title='bbox 150 1983 1089 2066; x_wconf 57' lang='lat' dir='ltr'>approbataeasynododiffluamus-Falsa,temeraria,dero·</span> 
     </span>
     <span class='ocr_line' id='line_1_21' title="bbox 112 2073 1088 2154; baseline 0.007 -23"><span class='ocrx_word' id='word_1_144' title='bbox 112 2096 130 2131; x_wconf 83' lang='lat' dir='ltr'>a</span> <span class='ocrx_word' id='word_1_145' title='bbox 141 2073 225 2154; x_wconf 78' lang='lat' dir='ltr'>&#39;pune</span> <span class='ocrx_word' id='word_1_146' title='bbox 236 2093 291 2154; x_wconf 87' lang='lat' dir='ltr'>pro</span> <span class='ocrx_word' id='word_1_147' title='bbox 305 2074 355 2134; x_wconf 82' lang='lat' dir='ltr'>suci</span> <span class='ocrx_word' id='word_1_148' title='bbox 369 2073 564 2152; x_wconf 82' lang='lat' dir='ltr'>penerulitate</span> <span class='ocrx_word' id='word_1_149' title='bbox 585 2073 757 2136; x_wconf 76' lang='lat' dir='ltr'>ohedientia</span> <span class='ocrx_word' id='word_1_150' title='bbox 773 2073 881 2137; x_wconf 76' lang='lat' dir='ltr'>dehita</span> <span class='ocrx_word' id='word_1_151' title='bbox 903 2078 1088 2138; x_wconf 83' lang='lat' dir='ltr'>constitutio-</span> 
     </span>
     <span class='ocr_line' id='line_1_22' title="bbox 110 2160 1084 2246; baseline 0.005 -24"><span class='ocrx_word' id='word_1_152' title='bbox 110 2181 130 2222; x_wconf 83' lang='lat' dir='ltr'>a</span> <span class='ocrx_word' id='word_1_153' title='bbox 151 2160 237 2220; x_wconf 81' lang='lat' dir='ltr'>nibus</span> <span class='ocrx_word' id='word_1_154' title='bbox 250 2161 433 2242; x_wconf 83' lang='lat' dir='ltr'>apostolicis,</span> <span class='ocrx_word' id='word_1_155' title='bbox 456 2170 518 2222; x_wconf 87' lang='lat' dir='ltr'>tum</span> <span class='ocrx_word' id='word_1_156' title='bbox 542 2169 569 2222; x_wconf 87' lang='lat' dir='ltr'>et</span> <span class='ocrx_word' id='word_1_157' title='bbox 582 2163 736 2223; x_wconf 82' lang='lat' dir='ltr'>sententiis</span> <span class='ocrx_word' id='word_1_158' title='bbox 749 2163 787 2222; x_wconf 89' lang='lat' dir='ltr'>ab</span> <span class='ocrx_word' id='word_1_159' title='bbox 801 2163 987 2225; x_wconf 69' lang='lat' dir='ltr'>hierarchica</span> <span class='ocrx_word' id='word_1_160' title='bbox 1001 2185 1084 2246; x_wconf 86' lang='lat' dir='ltr'>supe·</span> 
     </span>
     <span class='ocr_line' id='line_1_23' title="bbox 111 2245 1090 2334; baseline 0.004 -25"><span class='ocrx_word' id='word_1_161' title='bbox 111 2271 130 2309; x_wconf 80' lang='lat' dir='ltr'>a</span> <span class='ocrx_word' id='word_1_162' title='bbox 151 2249 233 2310; x_wconf 81' lang='lat' dir='ltr'>riore</span> <span class='ocrx_word' id='word_1_163' title='bbox 255 2249 389 2328; x_wconf 81' lang='lat' dir='ltr'>lepitimct</span> <span class='ocrx_word' id='word_1_164' title='bbox 410 2257 551 2330; x_wconf 85' lang='lat' dir='ltr'>potestate</span> <span class='ocrx_word' id='word_1_165' title='bbox 572 2245 775 2328; x_wconf 81' lang='lat' dir='ltr'>manantibus,</span> <span class='ocrx_word' id='word_1_166' title='bbox 797 2250 923 2312; x_wconf 76' lang='lat' dir='ltr'>schisma</span> <span class='ocrx_word' id='word_1_167' title='bbox 940 2252 1041 2334; x_wconf 77' lang='lat' dir='ltr'>fouens</span> <span class='ocrx_word' id='word_1_168' title='bbox 1061 2262 1090 2314; x_wconf 87' lang='lat' dir='ltr'>et</span> 
     </span>
     <span class='ocr_line' id='line_1_24' title="bbox 114 2333 601 2399; baseline 0 -1"><span class='ocrx_word' id='word_1_169' title='bbox 114 2359 133 2398; x_wconf 73' lang='grc' dir='ltr'>ι</span> <span class='ocrx_word' id='word_1_170' title='bbox 154 2335 333 2399; x_wconf 73' lang='lat' dir='ltr'>heresim.»</span> <span class='ocrx_word' id='word_1_171' title='bbox 598 2333 601 2340; x_wconf 84' lang='grc'><strong>’</strong></span> 
     </span>
    </p>

    <p class='ocr_par' dir='ltr' id='par_1_5' title="bbox 107 2425 1090 2684">
     <span class='ocr_line' id='line_1_25' title="bbox 151 2425 1090 2509; baseline 0.002 -23"><span class='ocrx_word' id='word_1_172' title='bbox 151 2429 200 2486; x_wconf 76' lang='grc' dir='ltr'>2Ί.</span> <span class='ocrx_word' id='word_1_173' title='bbox 227 2425 436 2488; x_wconf 69' lang='lat' dir='ltr'>Constantiana</span> <span class='ocrx_word' id='word_1_174' title='bbox 452 2429 499 2488; x_wconf 89' lang='lat'>111.</span> <span class='ocrx_word' id='word_1_175' title='bbox 525 2458 560 2472; x_wconf 89' lang='lat'>-</span> <span class='ocrx_word' id='word_1_176' title='bbox 575 2427 661 2506; x_wconf 77' lang='lat' dir='ltr'>Erpa</span> <span class='ocrx_word' id='word_1_177' title='bbox 674 2426 748 2506; x_wconf 82' lang='lat' dir='ltr'>iopas</span> <span class='ocrx_word' id='word_1_178' title='bbox 766 2426 930 2508; x_wconf 71' lang='lat' dir='ltr'>pontificiae</span> <span class='ocrx_word' id='word_1_179' title='bbox 953 2427 1090 2509; x_wconf 70' lang='lat' dir='ltr'>obliquat</span> 
     </span>
     <span class='ocr_line' id='line_1_26' title="bbox 107 2514 1089 2597; baseline 0.003 -21"><span class='ocrx_word' id='word_1_180' title='bbox 107 2514 222 2596; x_wconf 81' lang='lat' dir='ltr'>absque</span> <span class='ocrx_word' id='word_1_181' title='bbox 233 2515 382 2595; x_wconf 84' lang='lat' dir='ltr'>principis</span> <span class='ocrx_word' id='word_1_182' title='bbox 396 2515 549 2590; x_wconf 70' lang='lat' dir='ltr'>saecularis</span> <span class='ocrx_word' id='word_1_183' title='bbox 565 2517 780 2596; x_wconf 82' lang='lat' dir='ltr'>acceptatione,</span> <span class='ocrx_word' id='word_1_184' title='bbox 802 2523 856 2576; x_wconf 90' lang='lat' dir='ltr'>aut</span> <span class='ocrx_word' id='word_1_185' title='bbox 871 2515 1004 2597; x_wconf 83' lang='lat' dir='ltr'>piacita,</span> <span class='ocrx_word' id='word_1_186' title='bbox 1030 2519 1089 2579; x_wconf 84' lang='lat' dir='ltr'>niu</span> 
     </span>
     <span class='ocr_line' id='line_1_27' title="bbox 109 2602 507 2684; baseline 0.003 -20"><span class='ocrx_word' id='word_1_187' title='bbox 109 2602 208 2664; x_wconf 74' lang='lat' dir='ltr'>tibere</span> <span class='ocrx_word' id='word_1_188' title='bbox 227 2604 399 2664; x_wconf 82' lang='lat' dir='ltr'>concesserit</span> <span class='ocrx_word' id='word_1_189' title='bbox 414 2603 507 2684; x_wconf 86' lang='lat' dir='ltr'>Papa.</span> 
     </span>
    </p>

    <p class='ocr_par' dir='ltr' id='par_1_6' title="bbox 107 2692 1146 3742">
     <span class='ocr_line' id='line_1_28' title="bbox 153 2692 1089 2774; baseline 0.001 -22"><span class='ocrx_word' id='word_1_190' title='bbox 153 2692 496 2768; x_wconf 83' lang='lat' dir='ltr'>EstcontraStokmans,</span> <span class='ocrx_word' id='word_1_191' title='bbox 507 2692 1089 2774; x_wconf 78' lang='lat' dir='ltr'>tnebrontomagntstauatbusetuum‚</span> 
     </span>
     <span class='ocr_line' id='line_1_29' title="bbox 107 2780 1087 2862; baseline -0.002 -18"><span class='ocrx_word' id='word_1_192' title='bbox 107 2781 168 2862; x_wconf 83' lang='lat' dir='ltr'>qui</span> <span class='ocrx_word' id='word_1_193' title='bbox 182 2780 258 2841; x_wconf 81' lang='lat' dir='ltr'>diiiit</span> <span class='ocrx_word' id='word_1_194' title='bbox 276 2780 425 2862; x_wconf 82' lang='lat' dir='ltr'>placitura¹</span> <span class='ocrx_word' id='word_1_195' title='bbox 436 2782 548 2862; x_wconf 77' lang='lat' dir='ltr'>rapiam</span> <span class='ocrx_word' id='word_1_196' title='bbox 562 2781 600 2841; x_wconf 84' lang='lat' dir='ltr'>ab</span> <span class='ocrx_word' id='word_1_197' title='bbox 613 2785 694 2842; x_wconf 85' lang='lat' dir='ltr'>amni</span> <span class='ocrx_word' id='word_1_198' title='bbox 707 2783 847 2844; x_wconf 77' lang='lat' dir='ltr'>memorii</span> <span class='ocrx_word' id='word_1_199' title='bbox 866 2785 897 2842; x_wconf 88' lang='lat' dir='ltr'>in</span> <span class='ocrx_word' id='word_1_200' title='bbox 913 2803 970 2846; x_wconf 85' lang='lat' dir='ltr'>usu</span> <span class='ocrx_word' id='word_1_201' title='bbox 985 2783 1087 2845; x_wconf 77' lang='lat' dir='ltr'>irrisae.</span> 
     </span>
     <span class='ocr_line' id='line_1_30' title="bbox 110 2865 1089 2952; baseline -0.003 -17"><span class='ocrx_word' id='word_1_202' title='bbox 110 2873 225 2935; x_wconf 85' lang='lat' dir='ltr'>Contra</span> <span class='ocrx_word' id='word_1_203' title='bbox 234 2873 298 2932; x_wconf 86' lang='lat' dir='ltr'>Van</span> <span class='ocrx_word' id='word_1_204' title='bbox 310 2872 422 2951; x_wconf 81' lang='lat' dir='ltr'>Espan,</span> <span class='ocrx_word' id='word_1_205' title='bbox 434 2872 618 2951; x_wconf 72' lang='lat' dir='ltr'>juxtaquain</span> <span class='ocrx_word' id='word_1_206' title='bbox 633 2871 747 2932; x_wconf 88' lang='lat' dir='ltr'>dietum</span> <span class='ocrx_word' id='word_1_207' title='bbox 760 2871 906 2952; x_wconf 80' lang='lat' dir='ltr'>placitam</span> <span class='ocrx_word' id='word_1_208' title='bbox 916 2865 1089 2952; x_wconf 83' lang='lat' dir='ltr'>abantiquo</span> 
     </span>
     <span class='ocr_line' id='line_1_31' title="bbox 112 2958 1088 3040; baseline 0 -18"><span class='ocrx_word' id='word_1_209' title='bbox 112 2977 172 3022; x_wconf 89' lang='lat' dir='ltr'>usu</span> <span class='ocrx_word' id='word_1_210' title='bbox 192 2958 309 3034; x_wconf 85' lang='lat' dir='ltr'>Gaitiae,</span> <span class='ocrx_word' id='word_1_211' title='bbox 327 2959 419 3040; x_wconf 84' lang='lat' dir='ltr'>Belgii</span> <span class='ocrx_word' id='word_1_212' title='bbox 438 2966 468 3021; x_wconf 91' lang='lat' dir='ltr'>et</span> <span class='ocrx_word' id='word_1_213' title='bbox 481 2958 607 3020; x_wconf 80' lang='lat' dir='ltr'>aliarum</span> <span class='ocrx_word' id='word_1_214' title='bbox 624 2960 777 3040; x_wconf 83' lang='lat' dir='ltr'>gentium,</span> <span class='ocrx_word' id='word_1_215' title='bbox 800 2959 890 3020; x_wconf 89' lang='lat' dir='ltr'>etiam</span> <span class='ocrx_word' id='word_1_216' title='bbox 911 2959 949 3022; x_wconf 93' lang='lat' dir='ltr'>ad</span> <span class='ocrx_word' id='word_1_217' title='bbox 970 2961 1088 3022; x_wconf 82' lang='lat' dir='ltr'>decreta</span> 
     </span>
     <span class='ocr_line' id='line_1_32' title="bbox 112 3045 1087 3128; baseline -0.002 -19"><span class='ocrx_word' id='word_1_218' title='bbox 112 3047 286 3126; x_wconf 81' lang='lat' dir='ltr'>dogmatica</span> <span class='ocrx_word' id='word_1_219' title='bbox 314 3056 366 3110; x_wconf 88' lang='lat' dir='ltr'>aut</span> <span class='ocrx_word' id='word_1_220' title='bbox 394 3047 485 3109; x_wconf 83' lang='lat' dir='ltr'>libros</span> <span class='ocrx_word' id='word_1_221' title='bbox 510 3067 617 3128; x_wconf 88' lang='lat' dir='ltr'>pravos</span> <span class='ocrx_word' id='word_1_222' title='bbox 639 3047 814 3109; x_wconf 87' lang='lat' dir='ltr'>damnantia</span> <span class='ocrx_word' id='word_1_223' title='bbox 834 3045 890 3109; x_wconf 87' lang='lat' dir='ltr'>fuit</span> <span class='ocrx_word' id='word_1_224' title='bbox 912 3057 1038 3111; x_wconf 88' lang='lat' dir='ltr'>extensu</span> <span class='ocrx_word' id='word_1_225' title='bbox 1052 3068 1087 3123; x_wconf 91' lang='lat' dir='ltr'>n;</span> 
     </span>
     <span class='ocr_line' id='line_1_33' title="bbox 109 3133 1086 3218; baseline -0.004 -18"><span class='ocrx_word' id='word_1_226' title='bbox 109 3135 333 3216; x_wconf 86' lang='lat' dir='ltr'>contenditqae</span> <span class='ocrx_word' id='word_1_227' title='bbox 356 3135 429 3200; x_wconf 85' lang='lat' dir='ltr'>iuud</span> <span class='ocrx_word' id='word_1_228' title='bbox 451 3153 517 3198; x_wconf 90' lang='lat' dir='ltr'>csse</span> <span class='ocrx_word' id='word_1_229' title='bbox 537 3137 695 3198; x_wconf 81' lang='lat' dir='ltr'>essentiale</span> <span class='ocrx_word' id='word_1_230' title='bbox 709 3133 1036 3218; x_wconf 68' lang='lat' dir='ltr'>supremaernajista&#39;tii</span> <span class='ocrx_word' id='word_1_231' title='bbox 1057 3154 1086 3197; x_wconf 77' lang='lat' dir='ltr'>a&lt;</span> 
     </span>
     <span class='ocr_line' id='line_1_34' title="bbox 112 3223 1086 3306; baseline -0.002 -20"><span class='ocrx_word' id='word_1_232' title='bbox 112 3224 391 3306; x_wconf 86' lang='lat' dir='ltr'>imprescriptibile,</span> <span class='ocrx_word' id='word_1_233' title='bbox 405 3243 462 3287; x_wconf 91' lang='lat' dir='ltr'>nec</span> <span class='ocrx_word' id='word_1_234' title='bbox 472 3225 599 3306; x_wconf 79' lang='lat' dir='ltr'>proinde</span> <span class='ocrx_word' id='word_1_235' title='bbox 611 3243 738 3286; x_wconf 89' lang='lat' dir='ltr'>manans</span> <span class='ocrx_word' id='word_1_236' title='bbox 752 3229 768 3286; x_wconf 80' lang='lat' dir='ltr'>a</span> <span class='ocrx_word' id='word_1_237' title='bbox 781 3225 978 3287; x_wconf 84' lang='lat' dir='ltr'>concessione</span> <span class='ocrx_word' id='word_1_238' title='bbox 990 3223 1086 3285; x_wconf 86' lang='lat' dir='ltr'>Eccle-</span> 
     </span>
     <span class='ocr_line' id='line_1_35' title="bbox 114 3309 1088 3394; baseline -0.001 -21"><span class='ocrx_word' id='word_1_239' title='bbox 114 3312 180 3384; x_wconf 82' lang='lat' dir='ltr'>siae,</span> <span class='ocrx_word' id='word_1_240' title='bbox 190 3313 229 3374; x_wconf 85' lang='lat' dir='ltr'>eb</span> <span class='ocrx_word' id='word_1_241' title='bbox 243 3309 475 3394; x_wconf 86' lang='lat' dir='ltr'>qubdprincops</span> <span class='ocrx_word' id='word_1_242' title='bbox 486 3313 637 3376; x_wconf 88' lang='lat' dir='ltr'>saecularis</span> <span class='ocrx_word' id='word_1_243' title='bbox 643 3313 942 3392; x_wconf 77' lang='lat' dir='ltr'>Jushabeatcavendi</span> <span class='ocrx_word' id='word_1_244' title='bbox 953 3331 989 3372; x_wconf 88' lang='lat' dir='ltr'>no</span> <span class='ocrx_word' id='word_1_245' title='bbox 998 3311 1088 3373; x_wconf 90' lang='lat' dir='ltr'>detri-</span> 
     </span>
     <span class='ocr_line' id='line_1_36' title="bbox 115 3401 1086 3483; baseline 0 -22"><span class='ocrx_word' id='word_1_246' title='bbox 115 3409 256 3462; x_wconf 87' lang='lat' dir='ltr'>mentum</span> <span class='ocrx_word' id='word_1_247' title='bbox 276 3402 400 3482; x_wconf 89' lang='lat' dir='ltr'>recipiat</span> <span class='ocrx_word' id='word_1_248' title='bbox 422 3401 516 3482; x_wconf 92' lang='lat' dir='ltr'>ipsius</span> <span class='ocrx_word' id='word_1_249' title='bbox 531 3403 692 3463; x_wconf 86' lang='lat' dir='ltr'>auctoritas</span> <span class='ocrx_word' id='word_1_250' title='bbox 711 3409 741 3464; x_wconf 89' lang='lat' dir='ltr'>et</span> <span class='ocrx_word' id='word_1_251' title='bbox 761 3421 818 3483; x_wconf 86' lang='lat' dir='ltr'>pax</span> <span class='ocrx_word' id='word_1_252' title='bbox 834 3401 954 3482; x_wconf 85' lang='lat' dir='ltr'>publica</span> <span class='ocrx_word' id='word_1_253' title='bbox 968 3409 1086 3482; x_wconf 89' lang='lat' dir='ltr'>pertur-</span> 
     </span>
     <span class='ocr_line' id='line_1_37' title="bbox 113 3488 1089 3572; baseline 0.002 -22"><span class='ocrx_word' id='word_1_254' title='bbox 113 3488 215 3550; x_wconf 84' lang='lat' dir='ltr'>betur.</span> <span class='ocrx_word' id='word_1_255' title='bbox 237 3491 279 3550; x_wconf 88' lang='lat' dir='ltr'>ita</span> <span class='ocrx_word' id='word_1_256' title='bbox 299 3490 409 3570; x_wconf 88' lang='lat' dir='ltr'>pariter</span> <span class='ocrx_word' id='word_1_257' title='bbox 427 3493 561 3552; x_wconf 89' lang='lat' dir='ltr'>sentiant</span> <span class='ocrx_word' id='word_1_258' title='bbox 581 3491 719 3552; x_wconf 88' lang='lat' dir='ltr'>moderni</span> <span class='ocrx_word' id='word_1_259' title='bbox 743 3489 930 3571; x_wconf 85' lang='lat' dir='ltr'>philosophi,</span> <span class='ocrx_word' id='word_1_260' title='bbox 953 3498 983 3551; x_wconf 91' lang='lat' dir='ltr'>ct</span> <span class='ocrx_word' id='word_1_261' title='bbox 999 3490 1089 3572; x_wconf 80' lang='lat' dir='ltr'>muta</span> 
     </span>
     <span class='ocr_line' id='line_1_38' title="bbox 109 3575 1086 3660; baseline -0.001 -20"><span class='ocrx_word' id='word_1_262' title='bbox 109 3576 281 3658; x_wconf 83' lang='lat' dir='ltr'>jurisperiti</span> <span class='ocrx_word' id='word_1_263' title='bbox 305 3575 383 3658; x_wconf 90' lang='lat' dir='ltr'>(Van</span> <span class='ocrx_word' id='word_1_264' title='bbox 405 3579 517 3659; x_wconf 87' lang='lat' dir='ltr'>Espen,</span> <span class='ocrx_word' id='word_1_265' title='bbox 538 3585 560 3640; x_wconf 87' lang='lat' dir='ltr'>t.</span> <span class='ocrx_word' id='word_1_266' title='bbox 575 3581 606 3655; x_wconf 88' lang='lat'>3,</span> <span class='ocrx_word' id='word_1_267' title='bbox 626 3596 696 3660; x_wconf 85' lang='lat' dir='ltr'>pars</span> <span class='ocrx_word' id='word_1_268' title='bbox 714 3577 935 3655; x_wconf 72' lang='lat' dir='ltr'>nuectario,</span> <span class='ocrx_word' id='word_1_269' title='bbox 950 3597 978 3641; x_wconf 91' lang='lat' dir='ltr'>c.</span> <span class='ocrx_word' id='word_1_270' title='bbox 996 3582 1025 3655; x_wconf 88' lang='lat' dir='ltr'>t,</span> <span class='ocrx_word' id='word_1_271' title='bbox 1040 3578 1086 3657; x_wconf 77' lang='lat' dir='ltr'>§t</span> 
     </span>
     <span class='ocr_line' id='line_1_39' title="bbox 111 3667 1146 3742; baseline 0.004 -16"><span class='ocrx_word' id='word_1_272' title='bbox 111 3671 147 3726; x_wconf 85' lang='lat' dir='ltr'>et</span> <span class='ocrx_word' id='word_1_273' title='bbox 160 3667 201 3742; x_wconf 78' lang='lat'>2).</span> <span class='ocrx_word' id='word_1_274' title='bbox 1143 3691 1146 3699; x_wconf 92' lang='lat'>·</span> 
     </span>
    </p>
   </div>
   <div class='ocr_carea' id='block_1_3' title="bbox 158 3753 1088 3834">
    <p class='ocr_par' dir='ltr' id='par_1_7' title="bbox 158 3753 1088 3834">
     <span class='ocr_line' id='line_1_40' title="bbox 158 3753 1088 3834; baseline -0.002 -22"><span class='ocrx_word' id='word_1_275' title='bbox 158 3754 269 3815; x_wconf 83' lang='lat' dir='ltr'>Praeter</span> <span class='ocrx_word' id='word_1_276' title='bbox 283 3753 476 3833; x_wconf 81' lang='lat' dir='ltr'>probationes</span> <span class='ocrx_word' id='word_1_277' title='bbox 488 3771 578 3834; x_wconf 87' lang='lat' dir='ltr'>supra</span> <span class='ocrx_word' id='word_1_278' title='bbox 590 3755 697 3815; x_wconf 82' lang='lat' dir='ltr'>retatus</span> <span class='ocrx_word' id='word_1_279' title='bbox 711 3753 808 3813; x_wconf 80' lang='lat' dir='ltr'>afferri</span> <span class='ocrx_word' id='word_1_280' title='bbox 823 3755 947 3831; x_wconf 85' lang='lat' dir='ltr'>insuper</span> <span class='ocrx_word' id='word_1_281' title='bbox 963 3756 1088 3830; x_wconf 91' lang='lat' dir='ltr'>possunt</span> 
     </span>
    </p>
   </div>
   <div class='ocr_carea' id='block_1_4' title="bbox 0 0 1312 4228">
    <p class='ocr_par' dir='ltr' id='par_1_8' title="bbox 0 0 1312 4228">
     <span class='ocr_line' id='line_1_41' title="bbox 0 0 1312 4228; baseline 0 0"><span class='ocrx_word' id='word_1_282' title='bbox 0 0 1312 4228; x_wconf 95' lang='lat' dir='ltr'> </span> 
     </span>
    </p>
   </div>
  </div>
 </body>
</html>
