2548 4216
174 222 229 284 58ss
443 227 595 278 rnnnrsurn
617 222 698 267 runis
718 213 869 260 canonici.

213 336 247 394 ln
271 332 408 411 ingressu
433 335 527 411 portae
553 323 600 386 vel
628 317 695 382 atrii
726 311 861 376 ecclesiae
895 305 1075 388 regularis,
1109 314 1160 368 aut
1199 294 1205 308 ’
1267 310 1268 315 ’

175 420 297 483 alterius
311 418 342 480 in
364 420 424 500 qut
445 411 635 497 sepeliendus
649 411 695 470 est
708 403 888 471 defunctus,
909 397 1059 458 Praelatus
1078 395 1161 456 istius

176 508 301 584 domus,
321 508 368 570 vel
393 506 469 569 alius
491 503 530 566 rle
550 502 616 582 ejus
640 493 798 567 mandato,
820 486 956 549 cilicium
977 483 1162 547 funeralium
1266 477 1267 486 ³

178 597 349 658 reassumit.

219 683 374 746 Prohiberi
395 677 583 764 nequeunti
599 670 729 756 parocho
753 665 909 746 regulares
934 680 985 739 ne,
1009 661 1051 722 ad
1074 661 1165 723 funus

180 774 287 848 uocati,
310 790 421 853 corpus
444 768 610 840 associent,
632 760 764 844 psalmos
783 756 923 815 demere
947 751 1106 812 cantando
1122 751 1164 831 (S.

182 864 376 942 Gong.Rit.).
455 904 458 908 -

223 951 374 1012 Parochus
400 945 546 1028 impedire
568 938 672 1021 nequit
692 935 767 1017 quin
790 929 1057 994 confraternitates
1079 929 1170 992 sunus

184 1040 331 1104 associent
346 1041 388 1115 (S.
402 1039 438 1098 R.
453 1035 588 1114 Congu).

225 1127 376 1188 Parochus
388 1143 441 1205 per
455 1123 543 1202 cuius
554 1115 703 1202 parochiae
716 1112 791 1174 lines
801 1107 907 1170 transit
920 1105 1032 1180 tunm,
1050 1109 1171 1170 nullum

185 1219 234 1299 ius
248 1215 386 1294 acquirit,
403 1230 458 1274 nec
471 1210 630 1271 transitum
643 1200 788 1283 impedire
802 1204 912 1278 potest,
929 1201 984 1256 aut
998 1196 1172 1278 quidquam

188 1303 327 1385 stipendii
346 1311 446 1384 petere
461 1302 502 1376 (S.
522 1301 554 1359 G.
568 1297 647 1371 Bit,
665 1297 701 1354 lh
717 1295 791 1369 sept.
817 1287 917 1363 4626).
935 1285 1055 1346 Auctor
1071 1293 1173 1346 tumen

191 1393 325 1458 Proelect.
342 1391 377 1453 S.
394 1388 526 1470 Sulpt'tr'i
542 1385 589 1467 (11⁰
608 1386 676 1460 534)
689 1375 876 1442 contrarium
890 1371 1017 1450 asserit,
1035 1373 1092 1434 sed
1107 1374 1174 1436 nul-

191 1483 249 1544 lam
264 1482 470 1544 auctoritatem
482 1478 514 1538 in
528 1472 737 1556 probationem
752 1464 847 1527 affert.

232 1572 277 1632 hd
296 1569 461 1652 parochum
475 1569 589 1646 spectat
607 1560 759 1621 declarare
773 1571 828 1636 per
849 1568 944 1633 quam
959 1549 1044 1610 viam
1066 1570 1175 1632 expor-

192 1659 300 1722 tandus
314 1660 349 1720 sil
364 1657 534 1718 delunctus.
551 1648 722 1712 Decisumb
741 1645 771 1705 S.
788 1642 900 1720 Gongr.
917 1639 1022 1718 Episc.

233 1751 299 1808 Non
313 1748 349 1807 ad
364 1743 546 1826 praeabum,
562 1738 614 1800 sed
629 1737 666 1797 ad
681 1731 815 1795 haeredes
829 1727 961 1811 pertinet
976 1747 1060 1808 quos
1075 1729 1177 1791 volue-

194 1837 255 1898 rint
268 1837 393 1897 clericos
408 1845 593 1902 convocare3
610 1826 634 1886 si
650 1825 687 1884 ab
700 1819 872 1882 haeredibus
884 1815 914 1877 id
929 1833 993 1876 non
1011 1815 1077 1893 fiat,
1091 1837 1179 1898 paro·

195 1925 271 1987 ebus
292 1941 397 1984 vocare
423 1924 521 2000 potest
541 1933 617 1997 quos
631 1909 772 1982 voluerit,
798 1907 838 1969 ita
859 1911 894 1968 ut
915 1905 1022 1966 clerici
1044 1907 1180 1968 ecclesiae

197 2014 328 2075 externis
351 2010 558 2090 praeferantur.
575 2005 607 2064 S.
624 2003 657 2062 C.
674 2001 814 2080 Episcop.
830 2001 861 2056 et
880 1993 1041 2075 Regulam,
1059 1999 1101 2056 23
1118 2013 1180 2076 apr.

239 2189 285 2250 Ad
299 2186 433 2249 haeredes
447 2183 557 2265 pariter
579 2181 692 2260 spectat
715 2170 917 2236 determinare
933 2187 1108 2232 numerum
1136 2191 1182 2234 ce·

200 2296 319 2341 reorum
333 2282 422 2355 atque
437 2273 493 2333 alia
510 2270 546 2330 ad
564 2266 709 2348 majorem
724 2262 911 2324 minoremve
927 2275 1079 2339 pompam
1095 2261 1183 2322 adhi-

200 2365 309 2430 benda,
323 2363 439 2424 Plurics
449 2359 584 2421 decisum
599 2352 690 2416 refert
704 2348 882 2414 Leurenius.

243 2476 258 2514 n
279 2452 403 2514 Parochi
419 2467 479 2511 non
495 2449 735 2527 possuntoogere
749 2437 921 2500 heredes...
933 2442 968 2498 ut
982 2455 1042 2517 pro
1055 2437 1185 2499 defunc·

205 2564 222 2602 n
240 2543 279 2602 tis
291 2542 342 2620 qui
354 2539 541 2602 tumulantur
555 2534 586 2593 in
605 2528 739 2593 ecclesiis
753 2523 938 2606 regularium
956 2571 965 2602 ‚
991 2529 1024 2585 in
1048 2525 1187 2587 ecclesiis

206 2653 223 2689 s
242 2631 332 2691 etiam
348 2624 566 2708 parochialibus
585 2618 729 2682 celebrari
741 2615 851 2677 faciant
862 2613 1162 2674 officianovennalia
1178 2659 1185 2683 ,

201 2739 223 2791 ,r
243 2715 457 2789 anniversaria,
474 2718 563 2793 prout
576 2707 766 2770 celebrantur
787 2703 818 2764 in
839 2701 974 2764 ecclesiis
994 2702 1186 2782 regularium

203 2828 221 2886 p
241 2805 273 2867 in
295 2804 404 2884 quibus
418 2801 560 2861 cadavera
578 2795 800 2877 sepeliuntur...
826 2792 857 2852 S.
874 2789 986 2870 uongr.
1010 2791 1135 2861 Ceno,
1153 2793 1186 2850 15

202 2909 223 2956 tu
241 2891 341 2955 suartii
356 2894 444 2952 1705.
460 2909 476 2947 u

243 2980 502 3046 Confraternitates
514 2979 640 3056 possunt
655 3019 667 3047 ,,
689 2971 721 3032 in
741 2967 897 3031 funeribus
916 2965 1115 3029 confratrum
1137 2973 1186 3028 aut

201 3087 412 3146 consororum,
429 3066 570 3129 adhibere
585 3077 720 3143 pannum
734 3059 806 3139 ipsis
816 3053 988 3138 proprium.
1011 3056 1090 3135 Cogi
1115 3073 1185 3135 ergo

205 3181 268 3224 non
285 3159 395 3220 debent
413 3156 451 3218 ad
477 3151 623 3216 utendum
654 3165 753 3230 panno
774 3143 955 3226 parochiali;
988 3143 1072 3218 sed,
1096 3144 1185 3205 elium

205 3255 324 3314 utentes
338 3245 470 3328 proprio,
486 3242 598 3304 solvere
613 3237 722 3298 debent
737 3236 787 3314 ius
799 3233 985 3294 funerarium
1001 3232 1043 3290 ab
1056 3231 1185 3293 Ordina-

206 3336 483 3420 riopraeseriptum.
510 3332 540 3392 S.
563 3329 673 3408 Congr.
693 3325 807 3398 (lonc,
833 3325 871 3382 24
896 3319 953 3380 leb.
985 3323 1081 3382 1853.
1102 3319 1183 3382 ldem

206 3429 321 3489 videtur
335 3421 399 3486 'esse
413 3419 574 3482 dicendum
589 3415 626 3476 de
641 3409 825 3494 simplicibus
837 3409 989 3474 fidelibus,

246 3515 346 3584 Quoad
363 3507 610 3593 praecedentiam,
626 3503 650 3564 si
666 3518 764 3582 neque
778 3497 960 3560 Cathedralis
976 3514 1081 3576 neque
1091 3495 1183 3559 Colle
1268 3535 1269 3550 l

207 3609 293 3684 gratae
305 3599 472 3680 Capitulum
485 3592 678 3663 interveniat,
692 3586 890 3670 praecedentia
905 3585 1035 3646 debetur
1051 3584 1182 3666 parocho

210 3690 283 3749 stola
298 3689 402 3746 induto
416 3695 445 3744 et
459 3685 549 3744 funus
567 3679 687 3740 ‹tucnnti
704 3696 711 3737 :
727 3675 808 3739 undo
831 3673 982 3756 parochus
1004 3673 1181 3736 immediate
