2526 4210
488 297 574 340 brnen
599 297 716 340 narnus.
1033 287 1089 344 231

108 401 253 464 omnium
281 397 434 457 bonorum
457 393 670 473 spiritualium.
693 393 791 454 Probo
815 395 1065 475 consequentiam
1083 395 1104 456 τ’
1178 409 1181 414 ·

109 489 288 561 condictus
311 493 346 546 ut
366 483 551 562 experientia
572 481 843 556 constat‚‚ex0riri
866 490 991 561 possunt
1013 484 1091 545 inter

107 584 274 656 utramque
289 579 468 654 potestatem
483 570 669 653 spiritualem
688 575 717 631 et
735 571 952 649 temporalem,
970 580 998 632 ct
1017 579 1091 634 tunc

107 683 182 729 suos
206 664 316 724 limites
344 658 490 721 excedere
515 677 608 720 unam
638 664 689 719 aut
718 658 843 719 alteram
869 677 992 720 necesse
1022 668 1086 721 est:
1146 666 1149 672 '

107 753 204 834 porrb
218 752 255 812 ad
276 749 478 811 dirimendam
502 747 603 823 litem,
630 747 676 808 vel
697 747 799 808 nullus
818 748 911 825 judex
930 750 946 808 a
964 750 1028 809 Deo
1047 754 1093 810 est

106 841 277 915 institutus,
288 846 318 900 et
332 840 362 898 in
378 837 434 898 bac
446 835 603 916 hypothesi
615 835 772 896 manifeste
787 837 933 916 sequitur,
948 855 1009 896 rron
1022 844 1086 896 tan·

106 931 178 994 tum
202 948 239 990 ex
265 927 449 988 institutione
473 923 575 985 divina
602 923 706 985 adesse
730 923 844 985 bellum
869 923 1089 985 irremediabile

108 1018 192 1079 inter
215 1023 375 1094 utramque
403 1018 607 1093 potestatem,
632 1012 759 1092 proinde
778 1013 960 1074 discordiam
990 1014 1090 1092 potilrs

105 1108 204 1187 quom
222 1105 360 1166 ordinem
376 1106 391 1164 a
411 1104 473 1162 Deo
493 1100 584 1162 fuisse
599 1101 785 1175 institutam,
806 1102 857 1162 sed
877 1101 968 1162 etiam
984 1101 1087 1162 Eoole-
1141 1175 1142 1178 Ἴ

106 1195 187 1255 siam
211 1213 274 1255 suae
296 1191 449 1272 potestatis
464 1208 551 1270 posse
569 1191 707 1268 ignorare
723 1191 850 1265 limites,
868 1199 1089 1270 consequenter

53 1348 55 1352 ,
103 1282 285 1344 indubium
306 1299 392 1360 posse
417 1277 571 1348 revocari,
600 1279 775 1358 nullamque
798 1281 924 1359 proinde
957 1281 1091 1341 auctori·

103 1377 201 1433 tatem
227 1370 354 1440 balan,
387 1367 578 1450 deponique,
604 1367 716 1447 absque
746 1369 966 1448 usurpatione,
1001 1387 1088 1448 posse

104 1477 145 1522 ac
159 1459 245 1520 alteri
263 1457 384 1534 subjici,
403 1455 484 1533 quod
498 1456 579 1516 certia
593 1455 651 1516 diei
674 1457 794 1536 nequit3
810 1457 856 1515 rol
875 1457 983 1536 aliquis
995 1457 1085 1534 juder

103 1541 283 1626 hujusmodi
301 1545 510 1606 discriminum
533 1545 628 1604 abeo
649 1541 704 1604 suit
725 1545 927 1618 constitutus;
945 1551 974 1604 ot
994 1553 1080 1620 tunc,

103 1635 165 1697 nisi
186 1634 344 1696 adversarii
365 1631 533 1696 concedant
554 1631 717 1692 Ecclesiam
742 1650 807 1693 esse
833 1633 914 1694 bunc
935 1633 1084 1712 judicem,

102 1724 203 1805 ipsius
217 1723 377 1784 auctoritas
396 1737 520 1802 prorsus
534 1721 636 1780 denud
650 1721 792 1782 evertitur
806 1722 994 1802 omnindque
1010 1721 1085 1787 sub·
1164 1792 1166 1796 ¹

99 1813 185 1891 jacet
200 1813 333 1873 surculari
354 1810 491 1891 potestati
509 1829 517 1869 ι
539 1809 650 1890 quippe
665 1809 816 1890 principes
836 1812 1014 1886 saculares,
1032 1830 1085 1874 sua

98 1903 171 1980 jura
184 1900 433 1973 determinando,
449 1917 486 1960 eo
506 1900 573 1980 ipso
588 1899 728 1960 Ecclesiae
742 1899 860 1978 juribus
880 1900 989 1962 limites
1006 1919 1084 1980 prer-

99 1989 250 2050 scribunt.
267 1988 505 2064 Praeterea,ci1m
521 1987 621 2048 nullus
634 1987 709 2047 alins
720 1987 812 2064 judex
829 1988 978 2067 legitimus
992 1991 1084 2068 possit

100 2081 278 2158 essequam
296 2077 456 2138 auctoritas
475 2093 544 2156 quae
560 2077 610 2154 Jus
628 2074 716 2136 habet
733 2075 888 2152 judicandi
904 2077 940 2137 de
957 2079 1039 2155 justo
1055 2085 1084 2140 et

102 2168 230 2245 injusto,
248 2167 380 2228 Ecclesia
396 2183 457 2226 non
472 2171 570 2244 potest
583 2165 674 2224 talem
686 2165 821 2242 judicem
836 2171 919 2225 extra
932 2184 962 2225 se
973 2183 1083 2245 agnos·

100 2273 189 2328 cere,
219 2256 292 2335 quin
318 2273 355 2315 eo
378 2253 443 2334 ipso
464 2253 639 2333 profiteatur
662 2271 694 2313 se
721 2252 806 2313 illum
836 2273 897 2314 non
917 2272 999 2327 esse,
1027 2273 1083 2318 nec

100 2343 232 2422 proindc
252 2362 316 2404 esse
330 2341 540 2404 auctoritatem
555 2340 740 2420 spiritualem
754 2361 762 2416 ;
779 2342 848 2402 cirm
862 2342 952 2420 judex
966 2343 1038 2418 justi
1053 2351 1082 2406 et

99 2431 206 2510 injusti
235 2433 271 2491 sit
293 2430 461 2492 necessario
479 2428 640 2490 auctoritas
659 2428 837 2508 spiritualis,
862 2430 988 2511 proinde
1007 2432 1080 2511 quin

98 2521 233 2600 seipsam
247 2519 374 2580 occidat.
393 2520 473 2598 Ergo
490 2517 549 2578 dici
565 2516 667 2596 nequit
685 2516 850 2578 Ecclesiam
878 2538 939 2580 non
955 2518 1047 2581 luisse
1064 2523 1080 2582 a

100 2609 167 2669 Deo
180 2609 347 2670 institutam
359 2606 494 2686 judicem
510 2605 725 2680 conflictuum,
742 2605 793 2685 qui
809 2607 885 2668 inter
901 2613 1080 2688 potestatem

96 2696 279 2758 saecularem
296 2705 324 2758 et
339 2695 525 2776 spiritualem
544 2694 615 2756 oriri
640 2700 775 2774 possunt.
793 2697 873 2775 Ergo
889 2697 957 2778 jure
976 2697 1079 2761 divino

95 2785 259 2847 auctoritas
274 2783 447 2866 temporalis
462 2802 524 2844 non
539 2789 584 2845 est
597 2783 723 2845 omnino
738 2782 944 2865 independens
955 2787 972 2846 a
983 2787 1078 2849 socie-

95 2879 160 2935 tate
175 2873 318 2954 spirituali
332 2879 353 2933 ¹.
1056 2903 1060 2909 ,.

139 2971 178 3032 Et
190 2972 263 3034 verb
278 2972 403 3034 societas
418 2971 591 3053 temporalis
605 2970 685 3033 haud
697 2970 756 3032 dici
772 2980 868 3053 potest
886 2971 1013 3035 omninb
1026 2973 1076 3034 in-

128 3223 136 3251 ¹
153 3217 196 3268 Sin
209 3215 285 3267 habet
302 3213 416 3280 'aldiabus
432 3231 543 3268 errorum
561 3217 574 3266 a
594 3217 622 3266 Ι).
636 3215 664 3267 N.
678 3213 723 3266 Pio
735 3215 766 3268 lx
778 3217 969 3278 damnatorum,
980 3231 1010 3268 n·
1023 3219 1055 3271 la
1067 3241 1074 3275 ε

90 3310 102 3340 ι
124 3289 235 3340 Ecclesia
253 3302 303 3339 non
315 3293 352 3340 est
368 3303 424 3339 vera
441 3288 599 3354 perfectaque
614 3287 721 3339 societas
738 3288 811 3353 plant
828 3287 905 3339 libera
917 3327 923 3350 ,
937 3305 984 3340 nec
999 3291 1076 3356 pollet

89 3381 100 3409 ι
123 3361 178 3414 suis
196 3359 302 3426 propriis
322 3365 345 3410 et
361 3359 534 3410 constantibus
549 3359 648 3426 juribus
665 3358 743 3410 sibit
763 3359 846 3411 divino
869 3377 915 3411 suo
933 3361 1075 3416 Fundatura

93 3453 104 3482 ι
124 3431 239 3491 collatis;
256 3433 299 3481 sed
313 3431 391 3481 civilis
404 3431 531 3495 potestatis
547 3437 585 3480 est
597 3429 700 3482 delinire
713 3447 768 3497 quae
785 3432 835 3481 sint
849 3431 966 3482 Ecclesiae
977 3433 1032 3499 jura
1045 3449 1074 3486 ac

92 3504 236 3562 alimites,
261 3502 324 3552 intra
350 3516 413 3568 qnos
435 3501 521 3552 eadem
543 3501 598 3567 jura
620 3516 734 3552 exercere
760 3509 843 3568 queat.
864 3522 873 3551 ι
895 3503 954 3554 llide
974 3503 1075 3570 insuper

89 3577 127 3627 nt·
141 3575 186 3636 20,
199 3574 247 3636 21,
260 3573 305 3632 39,
318 3573 356 3633 tl,
375 3573 420 3634 ⁴2,
435 3578 498 3634 etc,
511 3573 623 3639 ejusdem
639 3573 740 3640 Syllabi.
760 3575 899 3640 Propositio
915 3575 974 3626 verb
990 3576 1024 3627 bl
1037 3576 1072 3630 aie

90 3647 185 3698 ibidem
197 3644 362 3698 describitur:
378 3662 388 3691 r
403 3643 482 3710 Reges
492 3650 516 3695 ct
528 3643 659 3710 principes,
673 3659 723 3696 non
735 3645 816 3696 soliam
829 3647 860 3696 ab
874 3647 990 3698 Ecclesia
1000 3648 1073 3714 juriu-

90 3737 100 3765 ι
121 3715 233 3769 dictione
246 3715 490 3775 exinauntur,rarl1m
511 3713 584 3764 etiam
596 3715 622 3766 in
642 3715 823 3780 quaestiouibus
833 3717 1013 3784 jurisdictionis
1030 3717 1072 3769 dl·

90 3805 102 3836 ι
122 3787 242 3839 rimandis
255 3787 395 3839 sonoriores
409 3783 529 3836 Ecclesil·
544 3787 555 3817 ³
