2590 4214
490 268 576 315 trnnn
597 267 716 314 antuus.
1034 251 1091 308 tit

114 368 176 448 qut
189 367 316 430 truditur
329 374 459 449 potestas
474 385 565 450 super
584 369 700 446 Corpus
713 363 820 428 Christi
835 365 999 444 mysticum
1020 382 1091 425 cunr

114 455 235 518 forma.
229 477 235 490 ·
251 457 361 539 Accipe
374 457 527 539 Spiritum
542 455 700 530 Senecam,
719 472 844 536 quornm
858 453 1009 514 remiseris
1019 471 1091 534 pee-

112 555 193 620 cata,
210 551 281 622 etc.;
293 551 324 612 ct
337 545 467 626 probant
478 551 543 606 turn
556 562 591 606 ex
606 545 733 604 Decreta
747 541 785 604 ad
800 544 960 619 armenos,
977 547 1042 604 tum
1055 560 1089 602 ex

115 593 213 694 Actib.
232 635 382 715 Apostol„
404 653 471 714 cap.
495 637 543 707 ta,
560 652 587 694 v
603 633 642 708 33
658 635 725 694 tum
747 648 785 692 ex
806 629 920 692 Concit.
940 629 1090 706 Trident,

112 739 189 783 sess.
205 726 256 799 23,
276 742 344 786 can.
360 727 391 785 4.

156 810 212 871 Atii
229 771 349 872 tdndem
364 811 469 872 dicunt
483 811 559 872 tradi
575 809 721 873 sacerdoti
738 743 898 890 utramque
913 815 1090 890 potestatem

111 898 302 961 sacrificandi
317 905 347 962 et
366 899 538 961 absolvendi
562 918 616 980 per
639 899 734 961 sciam
756 899 920 961 secundam
941 917 1090 960 manuum

112 985 349 1066 impositionem.
362 989 400 1068 Et
415 987 584 1067 probantt⁰
599 991 643 1050 Ex
656 987 769 1051 Concii.
785 987 919 1050 Trident.
934 989 1020 1068 (sess.
1037 991 1087 1066 44,

110 1091 180 1154 cap.
197 1075 241 1156 3),
257 1075 309 1138 ubi
323 1075 433 1138 dicitur
446 1076 529 1156 qubd
547 1076 676 1138 ministri
690 1075 1006 1140 ExtremaeUnctionis
1018 1083 1089 1140 sunt

114 1184 132 1220 o
152 1170 204 1224 aut
217 1163 357 1244 Episcopi
371 1171 421 1226 aut
434 1163 609 1226 Sacerdotes
623 1165 660 1226 ab
673 1165 745 1246 ipsis
755 1165 810 1228 rite
825 1165 954 1226 ordinati
964 1183 1022 1246 per
1035 1165 1090 1227 im-

115 1275 131 1308 «
147 1252 325 1333 positionem
336 1271 475 1314 mommm
481 1253 697 1336 presbyteriis
710 1255 803 1317 Porro
813 1254 910 1335 prima
919 1261 948 1316 et
955 1254 1087 1317 secunda

112 1342 231 1404 tantbm
245 1342 451 1422 impositiones
464 1361 612 1406 manuum
623 1343 661 1404 ab
672 1344 822 1424 Episcopo
836 1342 989 1405 fiuntcum
1004 1362 1086 1424 pres-

111 1430 225 1508 byteris
237 1431 462 1508 assistentibus,
478 1450 513 1492 ac
526 1431 652 1512 proinde
666 1433 737 1494 sotae
750 1432 811 1493 dici
826 1431 946 1512 proprie
959 1437 1088 1512 possunt

110 1519 312 1600 impositiones
330 1539 469 1581 munuum
487 1519 673 1602 presbyterii
681 1539 691 1594 ;
716 1519 770 1580 scd
791 1519 820 1580 in
839 1519 936 1598 prima
954 1519 1028 1580 nihil
1049 1521 1113 1582 ab‘

109 1607 261 1688 Episcopo
283 1607 409 1680 dicitur;
435 1614 572 1688 superest
592 1626 664 1689 ergo
691 1612 726 1670 ut
748 1607 881 1670 secunda
904 1607 942 1668 sit
963 1610 1087 1671 materia

109 1695 350 1776 presbyteratus,
366 1695 501 1758 etiorma
511 1696 607 1758 oratio
618 1695 867 1777 correspondens.
883 1701 915 1757 2⁰
927 1697 1020 1760 Graeci
1032 1717 1086 1780 per
1156 1711 1163 1722 '

107 1783 206 1844 solam
221 1803 369 1846 manuum
383 1785 607 1866 impositionem
622 1785 813 1862 ordinantur,
826 1791 968 1848 ettamen
980 1805 1085 1850 eorum

19 1923 22 1956 1
106 1872 280 1935 sacerdotes
290 1873 351 1935 reri
366 1873 534 1934 sacerdotes
545 1873 713 1950 habentur3
730 1883 844 1955 ergoet
857 1875 920 1936 sola
934 1875 1085 1957 impositio

106 1978 259 2022 manuum
272 1962 407 2024 sufficere
422 1959 512 2024 debet
526 1981 579 2042 pro
589 1961 713 2024 Latinis.
727 1965 759 2025 3ο
776 1984 792 2020 α
807 1963 929 2025 Accedit
942 1965 1023 2044 quod
1036 1966 1086 2028 ad-

108 2071 126 2107 o
147 2050 237 2111 vertit
257 2051 369 2112 Beued.
392 2053 460 2112 XIV
475 2049 532 2133 (De
554 2053 643 2132 Syn,
660 2051 711 2112 lib.
729 2055 758 2125 8,
774 2071 841 2133 cap.
872 2056 919 2126 to,
936 2065 969 2112 n⁰
988 2053 1033 2135 5),
1049 2073 1085 2116 ex

23 2191 24 2194 ,
107 2161 124 2194 o
145 2136 321 2200 doctissimo
341 2139 485 2216 Marione,
501 2139 583 2220 quod
598 2139 866 2202 instrumentorum
880 2140 999 2202 traditio
1022 2161 1084 2204 nun

21 2283 22 2288 ,
107 2251 124 2284 α
146 2227 233 2306 prius
257 2228 378 2288 inventa
398 2234 442 2288 est
465 2230 557 2308 quarn
579 2230 595 2288 a
615 2229 727 2289 saecuto
741 2231 805 2290 Vlli
820 2229 865 2290 vel
880 2231 938 2304 IX,
956 2229 1038 2292 unde
1059 2232 1083 2294 si

23 2313 26 2371 ζ
106 2339 123 2372 o
146 2316 232 2396 prius
248 2316 418 2377 sacerdotes
432 2335 486 2397 per
505 2317 600 2378 solam
623 2317 846 2398 impositionem
866 2335 1013 2380 manuum
1027 2338 1083 2382 va·
1176 2387 1178 2392 ,

19 2404 24 2466 f
106 2427 122 2462 α
146 2403 208 2466 tide
221 2403 454 2482 ordinabantur,
470 2424 525 2467 cur
540 2423 601 2467 non
615 2404 755 2468 hodid‘ir

143 2493 219 2555 Haec
232 2494 318 2554 tertia
332 2493 481 2554 sententia
496 2494 573 2556 sicut
587 2493 770 2574 probabilior
783 2495 900 2557 videtur
912 2497 944 2558 S.
959 2497 1080 2578 Liguor.

103 2581 172 2662 (tib.
196 2585 226 2657 6,
243 2592 278 2642 n⁰
291 2581 376 2664 749),
401 2583 444 2643 sic
466 2589 495 2644 et
513 2583 611 2644 nobis.
627 2619 661 2630 -
685 2606 701 2644 α
719 2586 783 2648 Nec
796 2585 912 2662 obstat,
927 2585 1027 2667 inquit
1048 2590 1079 2650 S.

104 2694 121 2730 α
144 2672 282 2752 Lignor,
298 2671 381 2750 quod
402 2670 558 2752 Eugeniua
572 2673 650 2735 tv...
666 2673 860 2754 assignaverit
880 2692 937 2755 pro
956 2678 1082 2741 materia

19 2813 29 2836 1
106 2783 121 2816 α
142 2760 370 2840 Presbyteratns
384 2760 576 2823 traditionem
590 2760 860 2824 instrumentorum
874 2781 946 2825 cum
960 2763 1079 2828 torma:

19 2837 30 2919 {j
103 2872 120 2906 α
142 2848 255 2930 Accipe
273 2857 459 2930 potestatem,
479 2857 537 2912 eto.
555 2883 593 2896 -
612 2853 686 2913 Nam
709 2852 860 2934 sapienter
880 2853 1078 2934 respondet...

20 2929 32 3040 1
105 2960 119 2994 α
144 2937 257 2998 Beued
276 2939 342 2998 xlv
359 2937 416 3017 (ne
429 2937 520 3019 Sym,
534 2938 622 3014 ibid,
640 2951 672 2999 n⁰
686 2939 755 3021 8)...
777 2940 947 3021 Eugenium
962 2944 1080 3004 tantirm

22 3023 31 3096 ἸΓ
102 3047 119 3084 α
141 3025 183 3086 ibi
204 3025 338 3087 locutum
359 3024 452 3086 fuisse
465 3026 504 3087 de
518 3027 643 3088 materia
658 3033 689 3088 et
702 3027 800 3089 torma
814 3029 971 3108 integrati,
987 3049 1081 3110 quam·

101 3136 117 3172 α
140 3113 269 3176 intendit
282 3113 399 3175 tradere
416 3115 556 3183 Armenis
571 3116 623 3194 qui
637 3115 780 3196 optabant
794 3117 949 3196 aggregari
971 3118 1060 3180 Eccle

19 3211 34 3281 ’ζ1
102 3225 118 3262 α
140 3203 193 3265 siae
209 3202 322 3264 Latiuae
331 3222 342 3278 ;
358 3209 388 3264 et
402 3202 470 3264 idad
485 3221 546 3264 non
562 3203 616 3264 suit
630 3221 707 3283 opus
721 3204 764 3265 eis
778 3207 931 3285 assignare
950 3205 1078 3286 imposi-

19 3290 34 3372 31
100 3313 116 3350 α
137 3291 255 3353 tionem
269 3309 442 3354 manuum
434 3310 441 3326 ·
457 3293 529 3353 ciam
544 3291 586 3352 itti
596 3293 681 3371 Juxta
695 3293 788 3355 ritum
809 3294 985 3355 Graecorum
992 3313 1078 3375 q,uo

100 3401 116 3438 α
138 3379 632 3461 pribsordinabantur,jameam
647 3381 872 3444 adhibebant.»

19 3530 34 3565 a
137 3469 217 3531 Ciam
230 3474 333 3530 umen
347 3469 481 3532 secunda
495 3469 645 3530 sententia
655 3469 692 3530 sit
704 3469 793 3530 etiarn
808 3469 1003 3552 probabitis
992 3485 1075 3550 Juxta

32 3557 127 3619 S.
146 3557 284 3638 Lignor,
300 3559 331 3618 in
353 3560 436 3638 praxi
458 3558 584 3619 omnino
605 3558 758 3638 sequenda
781 3566 826 3619 est
847 3560 951 3638 utpote
970 3560 1069 3630 tutior

19 3635 30 3673 ·
30 3634 335 3727 «Quapropter
351 3646 464 3726 iuquit,
480 3645 837 3709 benbadvertitCroix...
855 3646 1074 3727 quddordina·

20 3711 35 3762 3
101 3757 115 3788 o
138 3735 179 3794 tio
200 3735 277 3794 tacta
294 3734 360 3794 sine
381 3733 514 3794 secundi
529 3751 677 3804 manuum
697 3733 888 3814 impositione
907 3741 969 3798 tota
986 3755 1074 3816 repe-
