2548 4216
477 296 564 340 ttuuu
585 294 703 338 PRIMUS.
1022 283 1081 342 315

95 404 130 460 et
141 397 201 460 hoc
214 397 293 479 viget
306 398 338 460 in
350 397 446 461 cattio
457 444 464 473 ,
477 396 563 478 juxta
576 395 732 475 Lequeux‚
750 403 782 454 n⁰
796 399 871 466 678;
889 395 918 456 iu
933 394 990 458 hoo
1008 415 1080 460 con·

95 486 229 548 tranium
250 489 313 549 DD.
337 486 437 562 dffre,
455 485 500 546 De
517 481 710 544 l'administr.
727 490 849 563 tempor.
868 481 917 544 des
926 486 1080 565 paroisses,

96 592 132 655 p.
150 578 226 649 sta,
244 584 302 638 etc.

140 664 301 726 innocent.
317 665 390 739 XII,
407 661 439 723 in
454 658 735 723 cananaeorum.
752 661 818 721 XIV
834 659 925 723 relata
937 661 1014 739 (ib),
1030 663 1082 725 ad·

109 757 208 813 nonet
219 750 458 813 condonationes
469 755 498 811 et
508 747 699 810 reductiones
713 765 775 809 non
789 748 904 810 admitti
918 751 936 812 a
948 751 976 811 S.
993 751 1081 826 Sede,

93 838 161 900 ¹'nisi
176 845 318 920 petantur
340 857 376 900 ex
401 837 570 900 rationabili
593 838 684 898 coust
708 841 737 898 et
761 856 831 900 cum
851 837 907 899 btc
927 839 1081 901 clausula:

97 927 254 990 dommodo
263 936 397 1011 potentes
415 926 566 988 malitiosi
584 944 641 985 non
655 925 828 1003 omiserint,
842 927 943 988 ocimo
954 927 1082 990 habendi

99 1018 352 1098 compositionem.

142 1110 214 1167 oto.
238 1109 327 1168 Juxta
342 1107 372 1166 S.
388 1104 510 1183 Liguor.
528 1103 591 1182 (lib.
612 1107 642 1179 6,
661 1107 695 1163 n⁰
709 1107 779 1180 33t,
796 1113 825 1166 et
838 1107 1081 1188 BePrioilepiis,

100 1194 170 1274 Ἴωνι
190 1218 206 1254 ιι
222 1196 300 1256 Casu
319 1213 380 1274 quo
394 1191 530 1254 redditus
545 1189 758 1272 (fundationis)
773 1196 789 1254 o
805 1195 954 1277 principio
972 1196 1084 1258 tuerint
1159 1200 1161 1204 ’

104 1305 119 1341 ιι
142 1283 342 1356 sufficientes,
362 1288 390 1342 et
413 1286 517 1362 postea
539 1279 578 1341 ita
599 1281 824 1344 imminuuntur
841 1292 874 1346 ut
894 1285 1082 1348 nullomodo

104 1396 120 1430 ιι
143 1372 294 1434 sufficiant
309 1370 347 1432 ad
361 1388 453 1431 onera
468 1368 591 1431 ferenda
606 1416 613 1445 ,
629 1375 722 1444 tunc,
738 1370 810 1432 dicit
823 1375 986 1454 Fagnanus
999 1421 1007 1450 ,
1021 1393 1081 1436 non

104 1485 119 1517 ι
142 1459 236 1523 videri
258 1459 407 1522 sublatam
426 1457 583 1540 Episcopis
598 1457 788 1536 facultatem,
807 1463 898 1540 quarn
920 1462 1032 1524 babent
1045 1461 1083 1524 de

104 1573 120 1606 ιι
139 1550 210 1629 jure
224 1547 402 1625 communi,
420 1549 525 1607 missas
540 1544 717 1606 moderandi
730 1594 738 1624 ,
749 1566 786 1608 ex
800 1567 867 1629 cap.
880 1549 940 1610 Nos
951 1549 1080 1632 quidem,

103 1664 119 1696 ιι
142 1631 189 1700 De
200 1637 338 1714 Testem,
354 1641 384 1697 et
394 1655 432 1698 ex
442 1633 539 1710 Trio,
554 1651 627 1695 sess.
644 1638 694 1708 22,
709 1653 776 1716 cap.
793 1640 823 1710 8,
839 1637 892 1699 ubi
907 1637 1083 1700 conceditur

100 1752 116 1782 ι
142 1725 317 1807 EpiscopiS,
332 1733 384 1802 ut,
400 1726 462 1787 unit
485 1741 556 1786 oum
572 1722 690 1784 haerede
705 1724 750 1786 vet
774 1732 952 1804 executore,
969 1726 1082 1807 possint

105 1836 122 1873 ιι
144 1814 267 1876 ultimas
279 1813 447 1876 voluntates
461 1813 491 1874 in
505 1811 597 1874 atium
613 1811 698 1892 pium
709 1831 797 1876 usum
812 1822 1009 1878 commutare.
1024 1837 1039 1874 a

143 1903 239 1965 Secus
265 1909 367 1963 tamen
395 1902 507 1963 sentire
528 1901 647 1962 videtur
672 1901 785 1965 Bened.
814 1905 892 1981 XIV,
918 1903 963 1966 De
985 1903 1081 1987 Sym,

99 1993 158 2054 tib.
173 1994 222 2066 13,
240 2010 307 2072 cap.
323 1991 392 2067 uit,
410 1993 443 2051 n⁰
456 1993 506 2066 26,
521 1990 573 2052 ubi
588 1989 661 2051 dicit
677 2010 684 2052 :
704 1993 920 2076 «Quapropter
934 1995 998 2056 tuto
1012 2013 1083 2057 con·

104 2106 120 2139 ιι
145 2079 228 2143 cludi
251 2097 339 2161 posse
361 2095 520 2141 censemus
546 2079 732 2160 Episcopos,
755 2083 866 2163 quibus
886 2081 1013 2145 farultas
1039 2090 1083 2145 est

103 2193 119 2229 ιι
143 2167 311 2231 reducendi
326 2168 486 2230 missarum
501 2186 613 2243 onera,
629 2169 674 2230 vel
689 2187 727 2230 ex
738 2170 862 2231 Concitii
875 2171 1003 2230 Ronrani
1017 2189 1086 2231 am·-

104 2281 120 2315 a
145 2257 290 2339 ptiatione
303 2257 398 2322 velex
413 2257 522 2338 saepiirs
537 2259 703 2317 memorata
715 2257 913 2319 instructione
929 2257 1016 2338 (Vide
1027 2258 1081 2334 ib,

105 2371 122 2405 ιι
145 2355 181 2408 n⁰
199 2345 264 2428 22),
290 2364 351 2407 non
373 2363 461 2425 posse
482 2344 642 2406 missarum
662 2363 845 2421 numerum,
868 2346 900 2406 in
927 2353 1081 2409 contractu

105 2460 120 2494 ιι
146 2435 225 2513 (actu
247 2433 442 2516 fundationis)
458 2433 666 2514 praescriptum
689 2452 724 2496 ac
743 2433 873 2494 vicissim
895 2440 1081 2514 acceptatum

106 2548 121 2584 ιι
147 2523 285 2586 minuere
307 2541 360 2584 seu
377 2522 540 2598 reducere,
555 2522 689 2603 quamuis
709 2521 861 2584 imminuti
874 2523 1001 2604 fuissent
1020 2523 1084 2585 red-

109 2637 123 2672 ιι
146 2611 226 2673 ditus
239 2612 279 2672 ob
291 2630 362 2674 eum
372 2611 465 2673 tinem
481 2611 638 2691 assignati3
651 2610 701 2672 sed
714 2610 770 2672 hirc
784 2611 861 2674 forte
876 2612 934 2692 (est
948 2613 1083 2694 exceptio

106 2723 122 2760 ιι
145 2719 240 2782 quarn
254 2699 373 2768 videtur
386 2699 541 2762 admittere
556 2699 703 2778 Pontifex)
717 2701 872 2782 proposita
887 2701 953 2762 tacti
971 2701 1082 2781 specie,

106 2812 122 2849 o
145 2795 300 2872 oportere,
317 2796 350 2852 ut
368 2788 479 2869 judicis
501 2795 600 2869 partes
617 2797 792 2865 assumant,
812 2789 1026 2872 investigantes
1045 2808 1082 2852 an

106 2901 123 2938 ιι
143 2879 213 2942 talis
235 2879 290 2958 sit,
310 2898 378 2961 quae
394 2877 516 2941 obvenit
534 2877 707 2940 reddituum
726 2877 920 2952 imminutio,
946 2887 980 2942 ut
999 2880 1083 2960 juxta

106 2992 123 3028 ιι
144 2967 259 3050 recepti
271 2969 347 3047 juris
361 2967 492 3049 regulas,
506 2967 633 3029 sufficiat
646 2966 685 3028 ad
699 2967 933 3030 rescindendum
949 2974 1083 3030 contrao

107 3081 123 3116 ιι
144 3062 228 3134 tum,
242 3057 289 3119 rel
303 3055 407 3119 saltem
431 3054 469 3117 ad
488 3054 630 3117 eumdem
649 3054 687 3117 ad
706 3057 780 3134 iusti
799 3062 830 3116 et
849 3057 928 3135 aequi
944 3073 1082 3117 normam

108 3171 124 3205 ιι
147 3143 359 3226 redigendum,
373 3144 455 3227 quod
469 3145 559 3206 etiam
574 3144 646 3206 satis
660 3145 742 3205 recte
755 3149 856 3206 tuetur
866 3144 1079 3205 Monacelli...o

104 3233 194 3308 Quod
208 3251 271 3298 non
282 3239 361 3297 esset
374 3234 496 3315 proprie
507 3239 591 3294 actus
604 3231 800 3306 reductionis,
817 3232 869 3294 sed
885 3233 984 3313 potiirs
994 3232 1072 3294 inter

103 3322 235 3406 pretatio
249 3323 435 3386 extensionis
449 3319 640 3404 obligationis
652 3323 669 3382 a
679 3319 837 3384 fundatore
849 3320 1006 3402 impositae.

146 3411 301 3495 Quidquid
316 3413 353 3473 sit
364 3412 403 3473 de
413 3411 488 3487 hoc,
498 3412 522 3471 si
534 3410 669 3472 redditus
683 3413 700 3472 a
715 3409 865 3492 principio
878 3416 977 3470 essent
992 3409 1083 3472 insuf-

106 3501 258 3579 ficientes,
276 3503 315 3563 ita
329 3505 363 3563 ut
376 3499 480 3562 nultus
493 3499 582 3562 vellet
600 3500 707 3562 missas
725 3507 901 3582 acceptare,
915 3503 989 3561 tunc
1003 3501 1083 3561 certe

105 3607 144 3654 ax
152 3590 289 3653 Decretis
301 3588 339 3650 ab
352 3591 481 3671 ipsomet
490 3589 522 3651 S.
539 3589 681 3668 Liguorio
694 3588 795 3651 relatis
808 3585 938 3668 (ibidem,
955 3587 1028 3650 dub.
1039 3592 1081 3666 2),

106 3678 327 3744 recurrendum
342 3685 419 3741 esset
433 3677 472 3741 ad
486 3678 518 3742 S.
535 3677 656 3740 Sedent.

144 3783 180 3842 2⁰
201 3778 305 3851 Quoad
319 3777 527 3841 reductionem
542 3775 669 3839 aliorum
684 3775 805 3857 piorum
819 3792 962 3855 operum,
980 3774 1080 3852 piures

988 3871 1047 3922 ou*
