2590 4214
407 327 411 338 ·
488 321 573 368 arasa
593 319 701 365 ramus
1028 313 1091 372 nu
1111 373 1112 378 ,

114 423 319 487 secularium:
335 420 487 503 Gapellani
498 417 676 481 monialium
690 419 800 481 debent
819 440 884 484 esse
900 424 1088 488 amoribiles.

154 509 334 575 Monialium
348 507 523 572 confessarii
537 525 598 568 non
612 511 739 586 possunt
753 509 821 590 eligi
837 511 875 572 ab
889 513 961 593 ipsis
973 515 1089 576 monia·

116 601 195 664 libus
208 601 276 681 (nisi
292 599 406 680 exlege
420 596 604 660 fundationis
614 595 672 658 hoo
682 596 732 674 jus
745 595 885 676 habeant,
899 603 945 662 vel
959 621 1089 664 consue·
1153 618 1158 622 ’

116 689 247 770 tudine),
269 688 323 751 sed
342 688 380 750 ab
401 689 466 767 ipso
486 684 636 765 Episcopo
659 684 728 758 loci,
751 704 806 766 pro
830 690 1012 753 monialibus
1035 691 1090 752 sibi

116 779 254 843 subditis.
272 779 303 840 S.
317 777 350 839 C.
365 775 466 856 Episc.
480 780 509 836 et
521 772 642 854 Regul,
658 771 690 834 in
704 773 840 849 Laurea,
857 782 896 840 20
910 783 985 858 sept.
1002 782 1089 852 1588,

117 876 175 932 ele.

159 957 244 1020 Circa
264 957 343 1018 hano
357 953 529 1025 materiam,
544 950 711 1013 notandum
733 953 814 1033 qudd
838 954 1011 1017 confessarii
1026 972 1096 1016 mo-v

100 1046 246 1109 -nialiunr
268 1047 487 1124 cujuscumque
500 1041 744 1118 communitatis,
760 1043 862 1124 elapso
875 1044 1024 1120 triennio,
1040 1043 1097 1105 de-

119 1137 272 1199 clarantur
294 1132 431 1214 suspensi
452 1130 490 1192 ab
511 1128 669 1192 audiendis
683 1129 818 1210 ipsarum
832 1129 1094 1205 confessionibus,

120 1225 179 1287 nisi
194 1224 346 1286 licentiam
366 1222 397 1283 S.
419 1219 528 1300 Congr.
551 1217 716 1280 obtineant.
734 1219 776 1280 lta
791 1238 827 1281 er
841 1221 979 1302 pluribus
992 1221 1098 1284 Decla-

121 1321 179 1376 rat.
195 1315 226 1376 S.
242 1315 274 1374 C.

135 1440 137 1444 .
166 1425 183 1460 u
205 1401 337 1464 Advertit
350 1403 393 1462 De
419 1395 589 1460 Alexandro
617 1395 698 1476 qudd
723 1397 881 1479 Episcopi,
899 1399 931 1460 in
945 1398 1098 1479 aliquibus·

125 1491 253 1563 aloda,
284 1491 399 1552 ratione
425 1484 604 1547 deficientiae
631 1482 886 1547 confessariorum
914 1486 1093 1548 idoneorum

125 1605 140 1638 (ι
162 1579 264 1642 sinant
286 1580 367 1660 ipsos
384 1577 494 1639 durare
514 1572 591 1635 ultra
609 1572 812 1635 triennium...
840 1573 973 1635 Advertit
987 1575 1093 1657 (idem)

126 1695 140 1726 n
162 1686 234 1731 cum
250 1666 400 1729 Burdonio
415 1663 460 1746 (q.
474 1663 514 1739 5),
536 1660 617 1742 qudd
632 1660 794 1741 aliquando
814 1663 961 1724 moniales
980 1664 1097 1745 possint

126 1783 141 1816 u
163 1775 303 1820 recusare
316 1753 533 1818 confessarium
547 1749 585 1812 ab
598 1749 745 1830 Episcopo
758 1750 934 1832 deputatum
947 1799 955 1827 ,
969 1771 1004 1813 ex
1018 1753 1097 1830 justa

125 1871 141 1906 n
163 1848 265 1926 causa,
283 1863 392 1926 nempe
407 1844 430 1905 si
447 1839 647 1904 confessarius
656 1838 844 1901 sitinimicus
853 1841 1093 1922 propinquorum

126 1959 140 1994 a
164 1935 334 2016 aliquarum
355 1931 552 2004 monialium,
567 1927 612 1990 vel
632 1927 656 1989 si
681 1927 720 1988 sil
739 1927 829 1990 nimis
852 1929 981 2010 rigidus,
999 1935 1091 1992 etc.»

121 2027 155 2087 S.
177 2024 308 2104 l.iguor.,
324 2021 374 2083 lib.
391 2025 420 2094 6,
438 2029 471 2081 n⁰
485 2023 554 2083 577.

138 2165 143 2176 .
165 2113 248 2175 Nutu
267 2110 365 2173 adbuc
383 2132 398 2168 u
417 2108 496 2189 quod
517 2105 732 2188 prohibeantur
754 2107 824 2187 eligi
849 2107 880 2168 in
901 2109 1101 2171 confessarios

127 2227 143 2262 r
165 2200 345 2276 monialium
360 2198 468 2260 Vioarii
486 2195 647 2258 Generales
656 2215 665 2271 ;
690 2196 830 2277 parochi,
849 2195 873 2256 si
891 2214 963 2259 cura
978 2197 1095 2258 notabi-

128 2317 143 2350 ι(
166 2290 234 2352 liter
255 2287 429 2362 laederetur;
446 2303 552 2347 omnes
566 2283 739 2364 regulares,
754 2303 791 2345 ex
812 2283 950 2364 pluribus
972 2285 1101 2347 decretis

127 2405 143 2440 a
167 2381 199 2442 S.
216 2379 249 2440 G.
271 2395 320 2458 ap.
337 2378 379 2438 [le
404 2373 595 2450 Alexandro,
619 2389 687 2454 cap.
710 2376 743 2447 6,
763 2372 782 2453 ξ
803 2378 837 2448 6;
863 2373 935 2434 item
956 2374 1098 2436 Canonici

127 2491 143 2528 r
169 2465 401 2537 poenitentiarii,
418 2482 455 2526 ex
477 2461 588 2524 declar.
613 2463 644 2522 S.
673 2462 706 2522 C.
728 2462 841 2532 Gonc.;
861 2461 914 2523 sad
937 2480 989 2524 eos
1012 2481 1103 2543 posse

127 2581 144 2616 ι(
165 2555 251 2636 eligi,
265 2557 289 2614 si
301 2553 467 2634 Episcopus
478 2550 563 2612 aliter
573 2549 736 2629 indicaret,
749 2550 840 2612 sentit
854 2551 898 2611 De
913 2550 1100 2628 Alexandro,

128 2668 145 2705 ι
168 2664 199 2726 q.
212 2649 269 2705 7...
285 2663 301 2700 u
319 2643 350 2704 S.
368 2641 491 2721 Lignor.
507 2637 622 2721 (illd).

169 2736 240 2796 562.
263 2733 373 2794 Praeter
394 2729 610 2792 confessarium
625 2728 832 2800 ordinarium,
845 2727 910 2790 dari
928 2729 1017 2792 debet
1030 2749 1103 2794 rno-

124 2821 259 2888 nialibus
272 2818 540 2893 extraordinarius;
552 2816 647 2879 elboo
660 2817 783 2898 quidem
797 2817 840 2879 bis
849 2818 894 2880 vel
905 2826 950 2880 ter
964 2819 993 2880 in
1006 2837 1100 2895 anno,

125 2910 193 2975 imd
206 2913 312 2990 qnaoer
323 2909 407 2987 juxta
431 2907 555 2969 Constit.
578 2904 746 2968 Pastorulis
767 2907 879 2968 Bened.
896 2910 972 2969 xlv,
990 2909 1032 2969 De
1045 2908 1106 2970 hoc·

125 2999 288 3084 providere
301 2995 391 3058 debet
399 2995 584 3076 Episcopus,
595 2995 684 3056 etiam
699 3012 754 3074 pro
765 2995 948 3056 monialibus
958 2996 1103 3076 exemplis

126 3089 155 3152 si
171 3089 304 3170 ipsarum
320 3083 489 3166 superiores
504 3084 547 3144 eis
561 3101 622 3143 non
636 3081 825 3144 concedant:
846 3083 960 3155 «Quod
975 3084 998 3143 si
1012 3085 1103 3164 Epis-

130 3201 150 3237 «
171 3194 266 3259 copus
280 3175 311 3236 in
325 3174 382 3236 bae
395 3192 428 3234 re
443 3173 599 3252 negligens
612 3177 741 3247 esset...,
757 3170 915 3246 volumus,
927 3171 1025 3252 inquit
1048 3172 1107 3233 Ba-

132 3290 149 3326 u
172 3265 310 3326 nedictus
322 3265 388 3325 xlv
403 3261 434 3323 in
448 3262 527 3324 dicta
541 3259 644 3338 Bulla,
657 3259 803 3341 Mujurrm
820 3257 1104 3335 Poenilentiorr'um,

132 3378 150 3413 u
171 3354 272 3416 statim
286 3369 359 3415 ac...
373 3351 534 3432 requisitus
548 3348 653 3422 luerit,
668 3347 884 3410 confessarium
899 3348 1102 3410 extraordina-

133 3467 151 3503 α
170 3444 272 3514 rium,
301 3460 339 3503 ax
362 3458 467 3502 eorum
490 3445 592 3500 tamen
620 3455 748 3499 numero
772 3441 823 3516 qni
849 3435 887 3498 ud
914 3437 1108 3518 excipiendas

135 3531 352 3595 «monialium
377 3528 580 3591 consessiones
608 3527 646 3588 ab
674 3525 739 3607 ipso
766 3525 923 3586 ordinario
950 3527 1104 3607 approbati

135 3645 152 3680 u
173 3620 297 3694 luerint,
308 3635 380 3681 cum
393 3616 535 3679 omnibus
550 3614 724 3678 necessariis
737 3613 926 3675 facultatibus
940 3615 1109 3677 concedere

136 3733 152 3769 u
173 3713 205 3772 et
216 3707 403 3789 deputare.»

172 3797 208 3858 ln
223 3794 330 3857 eddam
347 3793 449 3858 Bulla.
464 3791 562 3872 inquil
575 3792 606 3852 S.
623 3789 760 3867 arguor,
776 3790 908 3851 sancitur
922 3791 1003 3870 qudd
1018 3792 1103 3851 ulllo·
