2526 4210
331 191 334 196 '
438 201 570 246 ¹unna
590 201 707 246 narnus.
1022 187 1080 247 ata
1176 241 1179 254 ,
1257 239 1258 242 ,

109 293 338 374 jurisdictionis,
355 303 497 383 expedire
516 301 627 362 debent
643 320 650 360 :
667 297 840 378 hujusmodi
854 305 924 362 sunt
940 297 1088 362 cancella
1151 270 1153 275 ³

108 383 172 458 ria,
192 383 337 462 Haterio,
353 388 585 456 Paenitentiariu
598 394 629 450 et
642 389 730 450 Rota.
747 390 789 450 De
807 387 991 450 Cancelimia
1004 395 1034 450 et
1045 389 1090 450 i'n·

108 470 199 532 simul
223 472 261 534 de
280 476 444 540 secretaria
464 478 624 554 Brevium‚
647 475 715 537 vide
738 481 875 538 nostrum
898 475 1088 552 Manwle‚d

109 563 228 638 110789,
244 568 301 625 etc.
319 565 363 626 Sit
376 584 449 646 ergo
463 573 581 628 tantum
596 564 648 627 hic
662 563 789 645 quaestio
805 584 813 622 ε

496 713 523 762 1⁰
539 713 575 763 De
591 712 705 762 Natarid.

147 827 217 887 384.
234 825 279 885 Ad
291 827 441 888 Deteriam
455 829 659 890 communiter
673 826 838 888 recurritur
848 845 904 908 pro
916 827 1088 892 obtinendis

114 911 383 992 iispensationibus
396 934 488 996 super
508 915 636 998 publicis
654 915 880 996 impedimentis
904 917 1087 979 matrimonii

110 1007 140 1062 et
157 1001 288 1079 'publicis
303 1003 582 1083 irregularitatibus.

150 1089 279 1170 Vulgd‘a
298 1091 415 1152 Dataria
429 1093 559 1172 exigitur
573 1091 710 1174 pecuniae
730 1109 866 1169 summa,
887 1111 956 1174 quoe
979 1093 1088 1156 dicitur

108 1178 316 1259 componenda,
328 1187 357 1240 et
368 1199 436 1261 quae
449 1182 465 1241 ὲ
481 1183 511 1242 S.
529 1181 605 1242 Sede
617 1181 648 1242 in
658 1181 723 1261 pias
734 1199 840 1242 causas
853 1181 1046 1262 expenditur.

144 1267 369 1330 Constitutione
383 1271 438 1330 sud
453 1268 675 1346 Gravissimum,
690 1273 710 1331 6
724 1269 862 1330 decemb.
881 1273 971 1347 trra,
989 1271 1086 1332 Bene·

107 1355 181 1415 dict.
197 1357 264 1416 XIV
281 1355 490 1418 determinavit
504 1376 643 1438 quaenam
662 1357 765 1438 gratiae
782 1365 812 1418 et
825 1359 945 1438 negotia
959 1377 1013 1439 per
1028 1361 1088 1420 Da·

107 1443 228 1517 teriam,
244 1462 384 1524 quaenam
400 1465 453 1526 per
465 1445 662 1507 Secretariam
674 1445 828 1522 Erosium,
841 1452 870 1506 et
882 1465 1022 1527 quaenam
1035 1465 1088 1526 per

108 1531 367 1593 Poenitentioriam
382 1533 515 1615 expediri
528 1534 683 1596 deberent.

479 1675 507 1722 Ξ·
523 1671 719 1727 Poenitcotiaria.

148 1793 220 1852 385.
244 1790 290 1852 Ad
304 1789 362 1853 hoc
377 1792 509 1854 tribunal
533 1791 648 1857 recurri
661 1789 737 1852 solet
751 1809 806 1870 pro
820 1789 856 1852 iis
870 1809 939 1872 quie
952 1798 1087 1872 spectant

108 1879 387 1942 ioruminternum.
971 1905 972 1908 ¹

150 1967 325 2047 Antiquitas
341 1969 432 2030 etiam
452 1969 483 2029 in
506 1967 635 2048 publicis
653 1966 876 2048 impedimentis
894 1973 925 2030 et
944 1969 1087 2050 irregula-

106 2056 245 2118 ritatibus
259 2057 451 2136 dispensabat
464 2057 705 2136 Poenitentiarie,
726 2057 814 2136 eique
828 2059 990 2119 commissa
1004 2068 1085 2124 erant

106 2146 172 2207 fere
185 2145 289 2206 omnio
302 2146 422 2225 negotia
435 2163 503 2227 quae
519 2164 602 2208 nunc
617 2145 744 2206 Deteriae
770 2145 970 2225 Breviumqne
984 2149 1087 2208 Secre-

105 2235 192 2294 tariae
207 2239 416 2310 reservantur3
432 2235 485 2296 sed
500 2236 517 2296 a
531 2234 585 2295 Pio
603 2236 641 2294 lV
657 2233 719 2294 fere
736 2251 842 2293 omnes
858 2233 953 2312 ipsius
968 2233 1085 2296 faculta-

104 2333 153 2384 tes
167 2321 205 2382 ad
220 2322 319 2383 solum
333 2322 433 2384 forum
447 2323 602 2384 internum
616 2321 748 2382 reduotae
762 2321 866 2394 fuere,
882 2327 911 2380 et
927 2322 1084 2402 inquibus

103 2411 179 2473 dam
191 2409 335 2472 duntaxat
348 2411 467 2474 casibus
479 2411 633 2491 dispensat
648 2427 703 2490 pro
718 2409 782 2470 iore
796 2415 932 2471 externo.

145 2498 334 2570 Quibusnam
349 2499 493 2560 membris
507 2505 622 2560 constet
631 2500 662 2560 S.
679 2496 901 2559 Poenitentiaria
919 2503 948 2559 et
961 2498 1035 2579 quid
1048 2501 1084 2563 de

101 2594 142 2652 ed
157 2589 292 2650 statuerit
311 2589 424 2649 Bened.
446 2590 512 2650 XlV
529 2589 560 2648 in
575 2589 630 2648 sud
647 2589 749 2648 Const.
766 2582 877 2648 Pastor
898 2586 1001 2664 bonas,
1018 2591 1083 2654 vide

101 2680 134 2740 in
153 2684 256 2738 nostro
270 2677 411 2738 Munaali
420 2725 429 2751 ‚
445 2679 462 2737 b
478 2686 510 2738 n⁰
525 2680 594 2747 793,
611 2684 668 2738 etc.

143 2764 498 2846 Directe(etian1parla
513 2765 606 2847 poste)
627 2764 741 2826 recurri
761 2770 860 2844 potest
875 2765 914 2826 ad
937 2767 1081 2846 Maiorem

103 2854 377 2928 Poenitentiarium;
391 2854 482 2934 idque
491 2855 662 2916 valentiam
672 2855 823 2934 poenitens
832 2855 926 2936 quam
936 2856 1074 2926 confessu

102 2945 178 3008 rius.
200 2943 419 3023 superscriptio
439 2942 504 3004 baec
524 2943 597 3024 ipsis
618 2943 780 3024 apponitur
805 2961 813 3004 ε
836 2943 1078 3008 Eminentissima

101 3031 266 3098 cardinali
277 3031 392 3113 Majori
404 3031 643 3094 Paenitentiario.
659 3035 742 3093 Intus
756 3032 825 3094 verb
838 3032 896 3092 sint
909 3032 976 3094 haec
986 3034 1081 3112 prima

101 3123 197 3186 verbo
213 3141 220 3182 :
236 3121 480 3183 Eminentissime
493 3129 520 3182 et
530 3120 776 3184 Bmerendissime
789 3119 953 3181 Domine...
969 3123 1080 3182 Verna-

102 3199 290 3290 rula'lingua
301 3210 449 3271 conscribi
465 3216 601 3290 possunt.
611 3211 645 3269 In
655 3207 716 3268 fine
731 3214 832 3270 autem
844 3207 972 3288 exprimi
987 3209 1080 3284 nitide

98 3301 218 3364 debent
232 3317 356 3373 nomen,
368 3317 539 3379 cognomen
549 3304 578 3359 et
588 3297 671 3358 locus
681 3295 761 3358 illius
770 3296 909 3376 adquem
923 3299 1082 3376 responsio

4 3405 6 3408 ’
99 3392 162 3454 erit
178 3388 334 3452 mittenda.
351 3388 400 3450 Sic
413 3389 486 3450 verd
504 3386 707 3449 terminatur:
732 3383 881 3466 Dr'qnetur
901 3385 1078 3449 Eminentia

106 3481 214 3545 Vestra
227 3474 436 3540 rescriberent
446 3475 516 3539 N..

141 3571 300 3649 Responsa
324 3565 554 3628 Poenitentiariae
575 3562 736 3644 aliquando
761 3581 821 3624 non
843 3561 929 3626 facite
949 3574 1075 3645 possunt

98 3655 317 3735 beneinteliigi
334 3657 373 3718 ob
387 3655 556 3737 frequentes
572 3651 807 3734 abbreuiationes
822 3653 900 3715 iniis
912 3653 1073 3718 adhibitas.

976 3757 990 3806 ι
1078 3785 1082 3791 .
