2616 4228
513 300 600 343 arnan
621 299 738 346 antuus.
1001 277 1004 284 ⁴
1078 290 1115 348 83

134 425 203 471 cem
234 402 367 485 separari
389 419 476 480 posse
498 399 739 478 jurisdictionem
754 405 782 461 et
796 405 973 482 potestatem
987 401 1112 466 ordinis.

134 496 249 558 Dicunt
264 492 346 554 enim
361 489 441 570 quod
458 488 596 568 Episcopi
612 488 765 568 possident
783 489 1001 570 plenitudinem
1020 491 1113 568 iuris7

133 582 293 657 dictionis,
319 581 355 641 ed
371 577 452 658 qudd
467 577 596 638 habeant
610 577 773 638 Sacerdotii
788 577 1007 657 plenitudinem
1026 599 1033 639 :
1054 598 1114 660 quo

133 671 312 753 supposito,
326 667 463 729 funditus
476 665 616 726 evertitur
630 683 771 744 suprema
782 672 810 726 et
825 667 999 730 universalis
1014 676 1114 748 potes-

133 767 201 836 tas,
223 762 255 820 S.
278 755 415 819 Pontifici
436 757 454 815 a
472 754 586 815 tjhristo
606 754 729 820 tradita.
753 755 895 817 nascendi
919 773 1026 818 omnrs
1053 758 1114 818 tam

136 847 245 909 fideles
260 847 355 927 quam
368 844 543 924 Episcopus.

175 959 247 1016 152.
271 955 381 1014 Contra
396 952 474 1028 ilios,
492 949 594 1012 multis
606 951 791 1030 argumentis
801 952 818 1012 a
829 951 915 1014 nobis
928 953 960 1014 in
975 953 1115 1014 Manuale

132 1041 412 1122 relatisprobatur:
424 1044 453 1100 t⁰
462 1044 638 1118 potestatem
648 1038 825 1103 ordinisnec
833 1041 941 1104 auferri
950 1061 1006 1104 nec
1016 1042 1110 1104 minu'

133 1151 224 1214 posse
239 1129 270 1190 in
284 1129 450 1211 EpiscopiS,
462 1128 536 1189 dum
551 1129 582 1188 in
597 1128 641 1188 eis
653 1128 793 1208 restringi
807 1130 1105 1208 valetjurisdietionir

132 1226 282 1302 potestas3
298 1223 331 1280 2⁰
342 1223 519 1298 potestatem
533 1216 648 1277 ordinis
662 1217 839 1297 episcopalis
854 1225 931 1280 stare
946 1238 1034 1300 posse
1049 1219 1111 1282 sint

129 1308 358 1387 jurisdictione,
380 1315 408 1368 et
424 1305 554 1367 vicissim
571 1304 813 1387 jurisdictionem
831 1309 1033 1388 episcopalem
1048 1309 1106 1369 sir·

131 1398 302 1480 episcopali
319 1403 480 1458 caractere.

175 1503 310 1565 Sufficiat
325 1501 456 1576 referre,
473 1517 528 1580 pro
548 1504 578 1560 t·
596 1505 696 1578 parte,
717 1501 809 1560 Conc.
832 1499 914 1561 Trid.
939 1503 1029 1578 (Sess.
1056 1505 1111 1580 23,
1181 1503 1184 1521 ¹

130 1610 162 1655 c.
179 1591 213 1673 4)
232 1611 239 1652 :
260 1590 438 1663 «Quoniam
456 1588 526 1650 verd
547 1586 578 1648 in
602 1588 796 1648 Sacramenta
820 1587 957 1664 Ordinis,
983 1589 1060 1652 siout
1081 1591 1113 1652 in

137 1702 154 1740 n
174 1680 324 1760 baptismo
339 1684 369 1740 et
382 1676 612 1740 confirmatione
627 1680 761 1736 caracter
775 1677 970 1757 imprimitur,
987 1677 1040 1758 qui
1056 1697 1112 1742 nec

136 1792 154 1828 «
174 1755 269 1830 deteri
291 1786 347 1829 nec
370 1765 480 1828 auferri
503 1770 616 1846 potest,
641 1764 748 1826 merird
771 1766 802 1826 S.
830 1765 971 1846 Synodus
989 1765 1112 1830 damnat

135 1880 153 1917 u
173 1876 282 1920 eorum
305 1855 483 1918 sententiam
506 1857 557 1934 qui
579 1860 716 1915 asserunt
731 1853 799 1916 novi
817 1856 987 1916 testamenti
1009 1874 1111 1918 sacer-

135 1969 153 2006 α
170 1939 260 2008 'dotes
280 1945 494 2026 temporariam
515 1942 726 2005 tantummodo
750 1949 926 2024 potestatem
948 1943 1059 2006 habere
1082 1952 1111 2007 et

135 2058 152 2095 u
174 2035 269 2097 semel
283 2035 339 2096 rite
353 2033 526 2106 ordinatos,
544 2031 652 2094 iterum
671 2032 762 2095 laicos
775 2033 853 2095 effici
867 2051 975 2114 posse,
991 2033 1016 2095 si
1027 2033 1109 2096 verbi

134 2145 152 2183 ι
173 2123 377 2186 ministerium
391 2140 452 2183 nun
464 2127 634 2182 exerceant.
648 2143 663 2180 a

175 2244 298 2304 Certum
312 2246 357 2302 est
370 2247 492 2301 econtra
512 2238 651 2319 restringi
676 2256 764 2319 posse
776 2237 1018 2317 jurisdictionem
1030 2241 1109 2321 epis-

131 2349 293 2414 coporum,
307 2330 368 2392 sive
382 2329 483 2410 quoad
497 2328 573 2404 ioca,
585 2327 645 2388 sive
660 2327 760 2406 quoad
775 2327 996 2402 matertagstve
1010 2331 1110 2409 quoad

132 2438 290 2503 personas.
314 2419 428 2480 Dicitur
440 2417 521 2478 enirn
537 2417 566 2478 in
580 2435 647 2477 can.
665 2420 694 2486 E,
711 2417 803 2476 Gonc.
821 2416 1000 2477 oecumenici
1016 2417 1109 2480 Cons-

132 2508 401 2590 tantinopolitanil
418 2527 425 2566 :
446 2527 461 2564 u
475 2505 640 2566 Secundino
652 2501 771 2585 repulus
784 2503 970 2580 constitutus,
985 2505 1109 2568 Alexan·

134 2623 152 2660 u
173 2598 249 2662 driae
270 2596 394 2678 quidem
408 2595 575 2675 Episcopus
589 2611 624 2654 ea
636 2611 703 2672 quae
717 2597 788 2654 sunt
802 2592 833 2653 in
846 2595 978 2674 AEgypto
993 2597 1109 2676 tontum

134 2712 152 2748 u
173 2686 342 2769 gubernet3
358 2683 486 2746 Orientis
498 2687 599 2744 autem
613 2681 754 2762 Episcopi
766 2681 859 2743 solius
866 2682 996 2744 Orientis
1004 2703 1107 2747 curam

134 2801 152 2836 (ι
174 2781 318 2858 gerant...
332 2773 391 2836 Sed
404 2778 434 2834 et
447 2771 561 2832 asianae
574 2769 711 2832 dioecesis
726 2770 859 2852 episcopi
870 2790 904 2834 ea
915 2791 980 2853 qooe
993 2783 1061 2834 suot
1074 2774 1108 2835 in

133 2889 151 2926 a
173 2863 249 2926 Asici
262 2868 291 2926 et
303 2881 369 2945 quta
380 2861 421 2923 ad
431 2859 576 2923 Asianum
604 2859 804 2920 tantummodo
823 2859 988 2923 Ecclesiam
1012 2863 1107 2944 perti-

133 2976 150 3012 α
173 2957 260 3030 nent,
275 2951 445 3033 gubernent
456 2969 463 3010 :
474 2947 563 3011 Ponti
576 2954 679 3012 autem
693 2949 825 3031 episcopi
841 2951 976 3014 Pontioae
991 2953 1106 3012 tantam

132 3066 150 3103 u
171 3040 310 3104 dioecesis
322 3039 453 3102 habeant
465 3055 595 3118 curam;
618 3037 755 3101 Thraciae
775 3039 846 3104 vero
867 3039 962 3121 ipsius
974 3041 1104 3102 tanturn·

135 3153 153 3192 a
174 3127 259 3192 modo
272 3127 414 3191 Thraciae.
431 3149 446 3186 a

171 3243 293 3304 Constat
324 3240 433 3322 pariter
463 3240 587 3303 existere
622 3259 709 3323 posse
743 3241 928 3322 Episcopum
955 3246 1100 3308 caractere
1214 3321 1218 3326 ⁵

129 3328 295 3414 episcopali
327 3328 504 3408 insignitum
539 3329 604 3390 sine
636 3330 697 3392 ulid
729 3329 875 3405 dioecesi,
914 3347 949 3392 ac
977 3330 1104 3412 proinde

130 3423 197 3483 sine
217 3415 444 3498 jurisdictione3
478 3423 506 3477 et
533 3417 600 3478 tatis
622 3426 667 3480 est
693 3417 746 3498 qui
774 3419 959 3500 episcopatui
986 3439 1102 3485 renun-

128 3507 234 3584 tiarit3
268 3513 357 3587 prout
385 3506 477 3568 etiam
509 3513 624 3567 constat
654 3507 886 3588 praeconizatum
917 3509 955 3572 ad
982 3513 1100 3594 episco-

128 3601 235 3679 patum
254 3612 342 3676 posse
363 3611 434 3657 cum
462 3593 551 3674 piena
576 3594 784 3674 jurisdictione
817 3597 985 3677 gubernare
1015 3619 1102 3664 suam

127 3684 304 3758 diaecesim,
334 3682 434 3746 statim
464 3701 499 3745 ac
530 3699 599 3746 suas
629 3683 724 3746 buttes
756 3684 883 3748 obtinuit
909 3693 939 3749 et
966 3689 1099 3769 Capitulo

128 3772 334 3856 presentavit,
355 3771 409 3834 etsi
429 3774 567 3834 nondum
591 3770 902 3848 fueritconsecratus.
929 3775 1011 3850 Ergo
1031 3777 1100 3836 vere
