2548 4216
177 237 234 296 394
446 244 597 288 ntundnan
617 244 700 287 sums
723 243 873 288 canuntur.

216 344 262 408 lld
274 342 498 424 legitimandam
506 340 685 418 absentiam,
699 341 789 402 etiam
797 340 965 416 bimestris,
976 355 1039 400 non
1049 337 1161 400 sufficit

175 453 265 500 oausa
278 435 374 511 justa.
391 430 444 492 sed
462 430 625 511 requiritur
642 429 763 492 licentia
777 431 868 492 etiam
884 427 1006 510 scriptis
1020 427 1102 489 data.
1117 430 1161 487 lta

177 523 208 586 S.
225 522 258 584 C.
275 520 401 584 Concilii
424 537 512 599 qum,
534 535 615 579 anno
640 521 739 595 lara,
756 518 918 581 declaravit
940 515 1092 596 parochos
1105 533 1161 597 per

179 611 253 673 duos
275 627 395 671 menses
415 607 519 668 abesse
534 625 595 667 non
611 625 717 688 posse,
739 607 801 668 nisi
814 607 900 668 causti
915 603 1035 686 coquitd
1048 612 1078 666 et
1089 623 1159 684 prc-

178 698 243 763 latu
257 699 295 761 ub
310 695 472 761 ordinario
483 743 491 772 ‚
502 703 530 758 et
542 695 578 756 ab
592 695 690 758 eodem
704 696 737 758 in
750 696 870 776 scriptis
884 692 1002 755 obtentui
1023 692 1158 755 licentr'd.

217 790 293 849 ltem
319 787 486 866 disputatur
507 790 610 848 utrum
623 785 739 865 dejure
760 785 909 846 communi
934 781 1109 844 necessaria
1123 781 1159 842 sil

179 876 320 956 Episcopi
338 874 474 948 licentia,
497 890 552 953 pro
579 872 714 937 ahsentit
736 873 814 935 intra
837 869 1066 934 hebdomadam
1091 887 1159 950 quae

180 964 257 1026 ultra
283 963 409 1025 biduum
434 959 521 1023 duret
537 980 545 1021 ε
562 962 744 1041 supponitur
768 960 850 1042 qubd
879 960 1002 1020 interim
1029 957 1160 1019 idoneus

181 1053 360 1135 relinquitur
371 1051 499 1114 vicarius
517 1049 549 1112 in
562 1049 684 1112 dioeccsi
702 1049 900 1131 approbatum
917 1047 1073 1110 licentiam
1087 1054 1161 1108 tunc

182 1159 242 1202 non
279 1159 343 1202 esse
377 1141 576 1200 necessariam
611 1145 696 1219 putat
727 1139 880 1211 FerrariS,
917 1147 950 1200 v⁰
981 1135 1158 1210 Porcellus,

181 1236 235 1290 art.
253 1233 283 1302 Ξ,
299 1240 333 1288 n⁰
351 1231 406 1303 333
423 1235 453 1288 et
467 1227 537 1290 huic
556 1228 713 1290 sententiae
734 1229 834 1308 praxis
854 1243 1027 1290 consonare
1042 1225 1162 1286 ridetur

182 1316 262 1397 apud
276 1335 341 1377 nos.

222 1405 360 1468 Diximus
368 1404 442 1485 jure
453 1405 599 1466 communi
606 1450 616 1480 ‚
627 1404 698 1486 quia
713 1403 855 1466 standum
865 1409 945 1464 esset
958 1404 1079 1464 statutis
1089 1401 1161 1464 dioe·

182 1493 299 1557 cesanis
321 1513 390 1575 quae
413 1493 490 1555 hanc
513 1492 665 1554 licentiam
688 1492 885 1554 obtinendam
909 1492 1158 1573 praescriberent,

183 1584 274 1646 etiam
288 1601 342 1663 pro
356 1582 490 1644 absentia
503 1581 728 1662 qualicumque.

224 1672 254 1748 Si
270 1670 427 1734 abessendi
447 1670 612 1731 necessitas
623 1671 664 1731 ita
678 1677 801 1750 urgeat,
816 1676 849 1730 ut
864 1688 924 1732 non
940 1670 1073 1751 patiatur
1089 1686 1159 1730 mo·

184 1779 248 1821 ram
259 1758 433 1840 expetendae
443 1757 582 1832 licentiae,
592 1757 742 1838 parochus
751 1757 912 1820 abscedere
922 1758 1045 1838 poterit.
1057 1757 1161 1820 relicto

185 1847 287 1910 adunco
304 1847 437 1924 vicario,
459 1847 626 1909 dummodo
644 1846 873 1928 quamprimum
892 1847 931 1908 de
950 1850 1006 1909 sua
1025 1847 1161 1908 absentia

184 1935 440 2088 fqemfflfflqffciat
452 1935 647 2016 Episcopum.
660 1937 782 1998 Constat
792 1954 828 1996 ex
838 1935 951 1999 declar.
962 1937 994 1998 S.
1004 1936 1036 1998 G.
1051 1937 1159 2012 Cone„

218 2031 276 2086 oct.
376 2071 382 2085 .

225 2113 394 2195 Approbari
408 2112 496 2174 debet
510 2112 558 2173 hic
572 2112 700 2174 vicarius
713 2111 752 2174 ab
766 2111 936 2174 Ordinario.
952 2115 1046 2176 Posse
1059 2117 1163 2176 autem
1272 2165 1273 2172 ,

185 2202 322 2266 substitui
327 2202 492 2285 pamelium
507 2199 627 2261 omnini
641 2199 783 2274 cidnum,
797 2203 849 2281 qui
865 2201 928 2263 lere
942 2201 1050 2262 eadem
1066 2201 1162 2264 facili-

186 2295 245 2352 tate
264 2297 462 2354 arcesseretur
476 2307 511 2350 ac
529 2287 553 2348 si
564 2287 711 2350 habitaret
729 2288 760 2349 in
777 2289 841 2368 ipsa
856 2289 1011 2369 parochia,
1031 2290 1163 2352 affirmat

185 2380 329 2460 Lequeux
344 2377 391 2458 (n0
406 2377 476 2458 382)
490 2375 617 2457 quivult
630 2377 727 2438 utiste
740 2375 1161 2458 dilipectcrproemcneutur‚

185 2486 224 2529 ne
236 2467 313 2530 absit
325 2465 446 2548 pariter,
455 2472 484 2528 et
498 2472 531 2528 ut
545 2464 578 2526 in
591 2465 741 2548 parochia
753 2465 880 2527 uisentis
893 2486 976 2526 nemo
990 2467 1110 2546 iquoret
1124 2469 1163 2530 ad

186 2574 299 2636 quem,
320 2554 495 2618 necessitate
517 2560 659 2635 urgente,
676 2554 714 2616 sit
732 2554 963 2618 recurrendum.
978 2555 1056 2618 Vide
1069 2557 1163 2619 eliam

186 2644 323 2707 Proelect.
338 2644 373 2706 S.
388 2641 537 2726 Sulpa'la‘t',
552 2645 665 2704 miili.

226 2731 311 2794 Multi
329 2738 450 2810 tenent,
474 2728 557 2810 quod
573 2730 677 2792 abesse
693 2731 806 2812 absque
825 2731 1039 2795 substitutione
1057 2733 1163 2796 vicarii

182 2819 322 2904 perdum
334 2818 381 2882 vel
393 2828 451 2881 tres
459 2818 531 2894 dies,
545 2817 636 2881 etiam
650 2818 925 2896 nulloinlirmante‚
936 2819 962 2882 si
976 2821 1162 2886 nullacausa

187 2908 421 2971 extraordinaria
440 2908 530 2970 talem
547 2907 714 2969 absentiam
730 2907 930 2989 legitimaret,
946 2927 1013 2972 esse
1024 2910 1161 2993 probabi·
1270 2905 1271 2944 ³

188 2998 258 3062 liter
270 2995 541 3077 mortulamaxime
554 2993 586 3057 in
598 2995 675 3057 villis
688 2995 740 3058 ubi
756 3015 817 3058 non
830 2995 918 3059 facile
932 2997 1009 3060 alius
1019 2999 1162 3064 sacerdos

186 3087 261 3150 adiri
278 3092 388 3169 posset.
407 3086 542 3148 (litantur
555 3083 729 3159 Possevin.,
745 3085 889 3160 Balbum,
911 3086 1084 3165 neiffaust„
1100 3097 1159 3152 etc,

226 3178 256 3238 Si
275 3185 411 3257 tempore
429 3193 491 3256 quo
512 3178 600 3253 urget
617 3171 775 3253 repentina
788 3172 916 3235 dicessio
932 3175 973 3235 ob
989 3177 1162 3256 periculum

187 3263 316 3342 instans,
336 3264 412 3326 adsit
430 3262 591 3339 infirmus,
616 3268 646 3322 et
673 3278 735 3322 non
758 3260 865 3324 haheat
891 3262 1044 3342 parochus
1066 3284 1162 3346 quem

186 3353 345 3415 substituat
361 3351 398 3413 ad
416 3347 599 3412 conferenda
617 3357 818 3424 sacramenta,
839 3368 895 3412 nec
912 3350 1055 3415 infirmus
1075 3373 1161 3417 com·

186 3441 277 3504 mode
293 3441 386 3524 possit
405 3446 563 3519 expectare
578 3436 764 3500 sacerdotem
782 3439 904 3500 aliunde
922 3443 1159 3520 arcessendum,

185 3536 304 3592 tenetur
324 3536 446 3593 curatus
469 3527 570 3589 subire
591 3524 718 3608 quodvis
741 3528 910 3610 periculum
938 3529 1043 3611 potibs
1066 3535 1157 3614 qu‘an

184 3617 356 3696 relinquere
365 3616 532 3680 infirmum.

225 3705 369 3765 lllotivum
380 3705 521 3766 absentiae
533 3703 683 3785 Episcopo
692 3710 736 3768 est
746 3703 973 3787 exponendum,
984 3727 1044 3773 nec
1052 3707 1161 3773 sufficit
