2562 4224
511 286 597 328 aaran
617 285 734 330 amnes.
1052 281 1122 338 tltr‘

172 385 335 465 Sufficiens
357 403 410 446 seu
438 389 612 462 competens
638 389 762 445 vocatur
788 403 823 446 ea
846 405 1010 469 perquam
1042 391 1108 470 quis

131 477 231 552 potest
245 475 365 554 explere
378 492 412 534 ea
426 491 494 554 quae
509 471 546 532 ad
560 471 695 533 officium
718 491 806 534 suum
822 476 992 554 pertinent,
1008 477 1106 540 habitat

130 563 250 624 ratione
263 562 321 624 loci
331 568 361 624 et
374 579 583 643 personarum.

172 659 345 721 Generatim
359 657 524 739 loquenda,
535 663 650 718 certum
662 667 719 734 est,
731 659 768 720 ad
779 661 955 724 Praelaturas
970 671 998 726 et
1009 666 1106 728 olticia

132 746 352 822 ecclesiastica,
368 753 482 808 tantam
497 745 610 827 requiri
621 747 776 809 scientiam
791 768 844 811 seu
859 769 962 812 rerum
977 753 1105 834 agenda

130 854 201 898 rum
221 838 380 913 notitiam,
396 839 507 916 quanta
525 841 570 896 est
591 837 759 898 necessaria
778 843 807 898 et
829 839 983 902 sufficiens
1002 843 1039 903 ad
1055 844 1107 903 riti·

130 924 318 1005 explendum
335 943 447 987 munus
463 942 553 986 suum
572 942 579 984 :
604 946 619 982 n
634 924 710 996 Ouia
725 933 757 988 tu
778 927 937 990 scientiam
953 931 1104 1012 repulisti.

134 1035 150 1072 a
171 1015 316 1094 repellam
331 1020 380 1090 te,
396 1031 436 1075 ne
456 1011 621 1074 sacerdotio
637 1013 772 1095 fungaris
789 1017 900 1080 mihi.»
919 1020 1016 1097 (Osee,
1028 1040 1055 1083 c.
1072 1028 1102 1093 t,

129 1123 157 1165 v.
176 1107 222 1182 6.)
240 1107 308 1165 Non
328 1112 429 1166 tamen
457 1102 593 1164 absolute
620 1105 784 1184 requiritur
803 1107 942 1169 eminens
962 1110 1051 1171 etiam
1078 1113 1111 1171 iu·

128 1203 291 1284 Episcopis
308 1224 315 1264 :
334 1203 378 1265 sic
393 1202 476 1264 enim
493 1202 581 1262 habet
606 1221 673 1284 cap.
696 1205 770 1266 Nisi
784 1208 848 1266 elem
865 1207 1025 1290 pridem,§
1045 1212 1113 1273 Pro·

128 1291 265 1373 defectu,
287 1293 330 1354 lle
356 1293 510 1355 Renoua:
534 1293 770 1374 «Quanquam,
797 1301 825 1356 et
848 1295 1045 1364 desideranda
1072 1303 1108 1362 sit

133 1405 149 1441 a
179 1383 320 1443 eminens
344 1383 468 1443 scientia
489 1381 520 1441 in
537 1381 674 1456 Pastore,
694 1383 725 1442 in
744 1402 780 1444 eo
797 1389 955 1471 tamensit
984 1407 1107 1470 compe-

134 1476 244 1532 otcns
269 1470 447 1532 toleranda:
470 1470 540 1552 quia
569 1471 737 1532 secundum
769 1475 944 1554 Apostolum
961 1522 970 1552 ,
986 1478 1112 1538 scientia

134 1581 151 1619 a
178 1559 285 1640 r'reslct,
306 1559 436 1621 claritas
452 1567 553 1620 autem
579 1558 712 1641 (edificat
723 1579 733 1634 ;
761 1568 790 1620 et
809 1561 877 1622 idco
900 1563 1110 1645 imperfectum

132 1671 147 1707 c
170 1649 306 1710 scientiae
319 1655 415 1729 potest
427 1649 566 1729 supplere
576 1647 719 1728 perfectio
733 1648 920 1712 charitatis.»
935 1653 1009 1714 Vide
1020 1654 1111 1714 etiam

127 1737 248 1799 Concil.
262 1738 443 1812 Tridentiu,
460 1755 533 1800 sess.
547 1741 596 1814 22,
612 1755 678 1818 cap.
695 1741 725 1812 2,
737 1737 782 1799 De
793 1739 915 1820 reform.

171 1834 278 1904 Quoad
293 1835 349 1895 alia
363 1833 459 1895 officia
474 1833 635 1913 requiritur
650 1835 760 1914 pariter
774 1837 896 1898 scientia
912 1839 1032 1919 quae'sit
1050 1843 1108 1902 sat-

127 1933 194 1986 tem
210 1923 373 1994 sufficiens,
389 1925 471 2001 juxta
486 1930 622 1984 naturam
638 1923 737 1998 oflicii,
752 1925 774 1984 si
788 1927 952 2005 praesertim
963 1929 990 1989 ei
1001 1929 1108 2008 adjun-

127 2019 221 2094 gatur
241 2031 312 2074 cura
330 2013 516 2087 animarum;
532 2016 562 2072 et
578 2013 739 2092 aliquando
754 2015 842 2074 etiam
859 2017 1020 2096 requiritur
1040 2038 1109 2098 gra-

127 2102 190 2164 dus
205 2101 395 2162 academicus
411 2148 419 2178 ,
436 2119 545 2181 nempe
568 2119 623 2181 pro
645 2103 820 2183 Episcopis,
841 2105 966 2166 Vicariis
987 2108 1107 2186 capitu-

127 2189 257 2263 laribus,
274 2189 457 2270 Theologali,
469 2196 526 2251 etc.
542 2190 616 2250 Vide
632 2199 767 2252 nostrum
784 2191 934 2266 Manuale,
953 2203 985 2252 n⁰
996 2199 1066 2256 472.

171 2292 244 2348 277.
267 2291 299 2348 4⁰
323 2286 434 2348 llrorus
456 2286 615 2368 leqitr'raus.
639 2287 671 2348 ld
688 2293 804 2348 constat
817 2307 855 2350 ex
874 2291 960 2351 titulo
976 2291 1019 2352 lle
1032 2291 1113 2372 filiis·

124 2375 264 2458 presbyt.
281 2381 310 2436 et
328 2375 413 2436 titulo
429 2375 488 2450 Qui
504 2374 571 2457 filii
584 2375 643 2436 siut
658 2375 787 2456 lepitz'rai
797 2397 805 2452 ;
827 2383 946 2439 constat
966 2380 1057 2440 etiam
1072 2399 1107 2442 er

130 2463 248 2526 Concil.
266 2463 414 2540 Trident,
430 2481 503 2526 sess.
521 2468 551 2537 7,
568 2483 595 2524 c.
617 2469 641 2524 t.

173 2565 205 2625 Si
218 2564 286 2644 quis
301 2563 473 2643 illegitimus
487 2563 742 2644 dispensationem
754 2564 901 2626 obtineret
913 2565 951 2628 ad
965 2567 1113 2648 recipien—

130 2655 189 2716 dos
202 2671 303 2714 sacros
319 2653 451 2724 ordines,
469 2670 529 2712 non
545 2652 613 2714 ided
633 2653 741 2734 poterit
756 2653 793 2714 ad
806 2655 1022 2736 Episcopatum
1038 2675 1107 2738 pro-

127 2742 260 2815 moveri,
276 2742 327 2803 sed
344 2743 419 2803 nova
433 2740 546 2822 indiget
561 2741 647 2803 Sedis
661 2741 841 2822 Apostolicae
856 2743 1093 2828 dispensatione.

171 2843 250 2904 Item
264 2841 428 2921 requiritur
442 2848 474 2900 ut
487 2839 599 2902 electus
615 2841 646 2900 in
662 2840 877 2921 Episcopatum
893 2844 929 2903 sit
944 2862 960 2903 e
976 2843 1108 2922 parenti-

128 2932 191 2994 bus
223 2929 376 2991 catholicis
407 2929 566 2991 oriundus.
602 2931 645 2990 lta
676 2929 778 2991 Const.
814 2929 893 2992 Onus
928 2932 1114 3014 Apostolieee

130 3023 224 3100 Greg.
241 3020 318 3093 XlV,
336 3023 350 3080 1
367 3018 438 3080 maii
455 3020 545 3080 1590.

173 3121 244 3181 278.
269 3122 301 3180 5⁰
318 3117 396 3180 Ordo
408 3137 458 3179 seu
471 3125 566 3178 statua
578 3116 736 3180 clericalis.
753 3119 796 3178 Ex
806 3119 875 3196 jure
890 3118 1060 3192 communi,
1072 3120 1109 3179 ad

130 3206 318 3269 lreneiiuium
332 3206 460 3288 simplex
476 3205 586 3267 suflicit
599 3207 697 3286 prima
718 3213 841 3268 tonsura
861 3203 941 3286 (cap.
958 3207 1013 3267 Ea
1028 3205 1109 3268 litte-

130 3297 177 3358 ris
185 3299 217 3371 6,
230 3294 274 3357 ue
288 3294 465 3376 Transact.);
482 3295 539 3355 nisi
549 3300 654 3374 agatur
668 3295 705 3356 de
716 3293 967 3370 canonicatibus,
981 3312 1036 3374 pro
1046 3296 1112 3380 qui·

130 3385 191 3447 bus
214 3384 378 3463 requiritur
395 3383 470 3446 ordo
492 3401 589 3461 sacer,
608 3401 644 3444 ex
665 3383 779 3444 Concil.
799 3383 948 3460 Trident,
962 3400 1035 3444 sess.
1052 3387 1107 3456 24,

131 3492 161 3537 c.
179 3476 234 3546 l2,
251 3471 296 3534 De
310 3473 379 3554 lies.

174 3573 291 3637 Sufficit
303 3577 395 3636 ctiam
407 3575 505 3654 prima
519 3579 643 3634 tonsura
658 3591 714 3654 pro
729 3572 923 3653 adipiscendo
947 3575 1112 3656 parochiali

132 3662 284 3726 beneficio
299 3661 379 3744 (cap.
393 3663 432 3724 Si
441 3681 498 3744 pro
512 3661 630 3723 clericis
641 3665 671 3738 8,
686 3662 730 3723 De
742 3661 911 3740 Proederdis
921 3709 928 3741 ,
940 3664 970 3724 in
986 3664 1043 3744 θ’),
1057 3663 1108 3723 sed

132 3752 201 3813 talis
213 3759 370 3832 promotus
378 3750 467 3812 debet
478 3751 558 3810 r’rrtrn
570 3768 693 3818 aarum,
707 3769 726 3811 a
739 3749 788 3812 de'e
799 3751 915 3833 adeptor
922 3751 1109 3831 possessioni-s
