2590 4214
147 265 205 322 452
420 269 572 318 narnensi
592 269 675 312 runis
696 267 842 312 cariomcr.

148 375 215 455 copi
238 372 382 434 duntaxat
414 375 540 450 possunt
566 368 717 430 declarare
740 368 771 429 in
799 367 893 429 dubio
919 384 959 428 an
984 362 1125 426 delectus

151 478 293 541 magnam
307 459 353 521 vel
367 459 464 520 lesem
479 455 582 519 afferat
596 455 807 518 indecentiam.
822 505 824 510 .

191 567 363 630 ota-tlt.
379 564 435 626 Ea
452 563 564 643 desecta
587 562 745 624 autolium.
767 562 950 643 lrregulares
971 567 1043 624 sunt
1059 577 1129 620 om·

154 673 206 717 nes
224 653 389 733 illegitimi,
415 652 505 714 etiam
524 651 654 713 occulti:
677 651 716 712 ita
730 671 796 732 cap.
814 655 828 713 l
845 697 852 728 ,
868 657 898 713 et
914 651 968 711 fin.
991 649 1036 710 Dr
1053 647 1131 729 filiis

155 742 320 825 Presbyter.

192 838 314 920 Tsiplici
326 837 417 900 modo
430 835 602 915 hujusmodi
614 837 793 919 irregulares
806 838 1034 917 legitimantur:

195 942 225 999 l·
247 940 307 1000 Per
326 937 494 1016 subsequens
514 934 764 997 matrimonium:
786 934 881 998 modd
896 941 1036 1014 tempore
1054 948 1134 992 con-

159 1025 303 1106 optionis
317 1032 455 1106 parentes
474 1023 625 1103 potuerint
642 1023 738 1085 valide
758 1023 957 1096 contrahere;
982 1019 1066 1082 unde
1087 1017 1134 1090 si,

149 1116 274 1188 snortua
300 1113 441 1192 conjuge,
466 1111 583 1172 adulter
605 1111 694 1172 ducat
718 1112 877 1174 mulierem
895 1129 932 1172 ex
951 1112 1013 1190 qud
1037 1108 1135 1168 iillum

158 1199 277 1274 lrabuit,
293 1199 348 1261 iste
363 1198 497 1260 manebit
510 1199 704 1280 illegitimus:
724 1219 760 1262 ex
775 1219 842 1280 cap.
867 1199 977 1271 litata,
999 1197 1059 1271 Oui
1073 1195 1138 1276 filii

158 1289 218 1349 sint
231 1288 369 1368 legitimi.

200 1385 266 1448 Filii
292 1386 353 1447 nati
380 1403 415 1447 ex
439 1386 645 1461 matrimonio,
670 1387 754 1450 irrito
775 1386 900 1468 quidem
918 1385 959 1446 ob
979 1383 1138 1447 occultum

160 1475 428 1557 impedimentum,
444 1475 496 1536 sed
507 1475 585 1537 bont
599 1475 659 1538 tide
673 1475 841 1538 existimato
857 1473 954 1536 valido
970 1473 1080 1535 saltem
1099 1472 1138 1534 ab

163 1583 224 1626 nno
235 1582 270 1626 ex
283 1563 541 1640 contrahentibus,
555 1571 699 1646 tanquam
709 1564 848 1646 legitimi,
858 1563 942 1646 juxta
952 1561 1138 1624 sententiam

162 1670 358 1714 communem
372 1651 475 1714 baberi
495 1651 621 1728 debent,
638 1671 675 1714 ex
688 1671 755 1734 rap.
772 1651 983 1727 carminare,
1001 1650 1063 1725 Oai
1074 1648 1139 1732 filii

162 1741 221 1800 sint
236 1740 319 1822 legit.
335 1759 342 1801 :
363 1739 456 1802 modd
469 1746 570 1802 tamen
586 1743 671 1803 iactae
685 1738 797 1803 luerint
810 1739 1071 1817 denuntiationes,
1086 1747 1141 1800 aut

163 1829 268 1889 saltem
283 1828 314 1889 in
326 1828 370 1890 eis
383 1828 589 1909 dispensatum
604 1828 711 1903 luerit,
727 1835 757 1891 et
772 1847 873 1891 coram
885 1826 1018 1909 parocho
1032 1833 1063 1888 et
1077 1833 1137 1888 tes-

164 1917 242 1976 tibus
263 1916 414 1996 requisitis
435 1915 618 1980 celebratum
639 1916 747 1992 luerit3
770 1917 828 1980 boc
844 1917 944 1979 locum
964 1935 1027 1978 non
1048 1914 1140 1977 habet

163 2002 285 2084 quando
298 2003 388 2065 ambo
404 2004 634 2070 contrahentes,
650 2012 787 2087 tempore
806 2003 1015 2067 celebrationis
1029 2004 1138 2064 matri-

164 2089 275 2166 monii,
290 2097 376 2153 erant
389 2089 420 2152 in
436 2094 515 2155 malt
529 2091 598 2156 fide.
612 2093 684 2174 Cap.
699 2092 771 2157 Clam
787 2093 925 2156 r'nlribr'tia
935 2096 966 2168 3,
981 2091 1048 2173 §Si
1056 2091 1142 2174 quia,

164 2180 314 2243 Dertond.
331 2180 464 2263 desperas.
884 2189 887 2198 ’

206 2279 277 2340 Vide
288 2279 389 2360 plures
399 2280 472 2342 alios
484 2299 571 2344 casus
584 2280 617 2342 in
631 2281 769 2343 Maenali
776 2328 786 2358 ,
799 2281 838 2342 ni·
851 2285 940 2355 l8'll,
956 2285 1015 2344 etc.

202 2380 232 2436 2⁰
255 2379 318 2440 Per
332 2377 539 2459 professionem
552 2377 722 2459 religiosam
739 2379 894 2441 solemnem
909 2427 918 2456 ,
939 2385 973 2440 ut
986 2378 1143 2460 colligitu·

165 2484 198 2527 rx
222 2483 288 2547 cap.
316 2469 345 2544 l,
361 2465 406 2528 De
423 2466 500 2548 filiis
511 2465 640 2548 presbyt.
664 2466 722 2530 Sed
744 2466 961 2530 advertendum
986 2471 1033 2529 est
1055 2465 1140 2548 qudd

175 2555 364 2635 rregularitas
375 2554 471 2636 quood
480 2555 595 2616 ordines
606 2557 725 2618 tantiam
735 2557 856 2619 tollatur
865 2556 897 2637 in
910 2554 968 2618 hoa
978 2573 1066 2628 casu,
1078 2574 1142 2618 non

166 2645 235 2705 verb
249 2642 349 2724 quoad
362 2643 533 2724 dignitates,
548 2643 640 2706 etiam
654 2645 686 2705 in
701 2645 905 2725 Religionem
922 2664 965 2724 g.,
985 2643 1143 2722 abbatias,

167 2731 329 2807 Prioratus,
344 2736 402 2794 etr.

205 2825 280 2888 Aliae
303 2825 535 2908 irregularitates
562 2848 625 2891 non
644 2829 824 2894 auferuntur
844 2847 898 2910 per
919 2827 1140 2910 professionem

165 2914 356 2997 religiosam
372 2915 425 2978 sed
439 2917 556 2980 Prrelati
570 2919 724 3000 regulares
737 2935 775 2980 ex
786 2915 940 2998 privilegio
953 2917 972 2979 d
985 2917 1042 2980 SS.
1058 2918 1142 2981 Pon·

178 3003 295 3068 ilicibus
309 3003 381 3086 ipsis
393 3022 554 3084 concesso,
570 3013 696 3088 possunt
715 3005 889 3088 dispensare
902 3021 975 3068 cnm
989 3003 1056 3067 suis
1074 3005 1141 3069 sub

174 3092 243 3168 litis,
253 3093 390 3175 pluribus
403 3093 434 3155 in
448 3093 577 3158 casibus.

204 3192 235 3252 3⁰
243 3189 300 3252 Per
305 3188 549 3270 dispensationem
557 3192 760 3275 pontificiam:
771 3192 850 3275 Papa
859 3209 920 3253 non
931 3191 1032 3254 solirm
1043 3199 1141 3274 potest

177 3275 330 3362 rlegitimis
351 3277 608 3360 dispensationem
634 3281 819 3357 concedere,
845 3280 899 3344 sed
923 3280 1016 3342 etiam
1041 3281 1141 3362 ipsam

166 3367 411 3448 legitimationem
434 3386 503 3449 quae
522 3368 771 3451 irregularitatem
795 3367 891 3433 aufert
907 3367 1009 3450 quoad
1032 3387 1142 3432 omnes

166 3455 300 3519 effectus.
315 3458 358 3519 lta
372 3459 585 3520 communiter.

205 3555 373 3638 Episcopus
386 3556 456 3618 verb
471 3564 566 3637 potest
579 3577 649 3622 cuin
663 3557 819 3639 illegitimo
831 3557 1006 3638 dispensare
1019 3557 1139 3619 tanturn

166 3643 203 3702 ad
218 3643 338 3705 ordines
357 3645 489 3706 minores
509 3647 594 3708 etad
610 3645 793 3710 beneficium
808 3645 957 3725 simplex:
983 3663 1021 3706 ex
1036 3663 1105 3726 cap.
1122 3647 1135 3707 l

167 3733 237 3802 etr,
253 3729 381 3808 Defitr‘is
388 3731 535 3812 presbyt,
546 3732 577 3795 in
588 3738 632 3811 6⁰,
646 3737 700 3796 etsi
716 3735 908 3814 illegitimitas
918 3739 996 3794 esset
1007 3735 1135 3796 occulta.
