2562 4224
494 262 582 312 alena
600 259 719 307 ceruus.
1032 255 1091 308 ’113

119 334 202 418 nuno
226 355 266 418 ad
290 365 407 440 partem
435 357 641 441 responsionis
672 375 741 438 quae
769 361 884 438 spectat
911 365 1090 440 praesentem

117 442 261 526 Ecclesiae
279 447 439 512 Gallicanae
451 453 579 525 statum,
595 446 738 527 compet
756 449 892 527 {empore
913 447 1090 512 concordati

154 621 311 687 Dicimus:
329 627 358 688 p
376 625 604 708 AdEpiscopos,
620 622 734 706 absque
748 621 809 685 ulla
822 621 979 686 adsedem
995 629 1090 708 Apes

118 707 240 774 tolicam
254 713 303 776 vel
316 713 354 776 ad
369 715 443 778 alios
456 713 658 778 reservatione
672 757 681 789 ‚
707 709 858 792 pertinere
878 713 1090 793 parochiarum

117 797 320 864 collationem.
334 803 384 864 Sic
398 803 482 866 enlm
495 801 625 884 legitur
618 818 649 862 m
666 797 948 873 concordatoldol,
960 807 1015 864 art.
1033 806 1089 866 la·

120 908 135 944 o
155 887 298 971 Episcopi
309 890 347 952 ad
361 891 506 975 paroecias
519 888 722 967 nominabant,
731 905 788 950 nec
800 905 944 968 personas
951 889 1088 972 seligent,

119 991 135 1034 o
156 975 215 1038 nisi
230 978 385 1042 Gubernio
398 987 547 1063 acceptas.
563 1001 579 1040 o

156 1064 251 1128 Porrd
265 1066 330 1130 haec
342 1087 399 1132 vox
412 1068 605 1130 nominabunt
620 1086 682 1130 non
696 1064 892 1147 intelligenda
905 1073 950 1130 est
971 1070 1088 1132 tantiam

113 1152 154 1216 de
167 1154 297 1236 simplici
310 1157 521 1232 nominatione,
536 1157 589 1220 sed
603 1157 694 1218 etiam
704 1155 739 1218 de
750 1154 818 1218 verri
833 1155 1001 1235 collatione,
1017 1158 1087 1240 quia

115 1243 148 1304 in
175 1242 270 1306 Gallia
290 1244 374 1310 hunc
398 1264 523 1309 sensum
545 1245 635 1308 habet
653 1263 711 1306 vox
735 1243 775 1305 r'lr
799 1255 1000 1321 nommeront,
1022 1266 1090 1328 quae

115 1329 248 1394 adhibita
260 1331 339 1396 lull
331 1353 361 1396 ιη
377 1334 468 1416 priori
461 1333 663 1397 concordati
681 1330 862 1394 redactione.
883 1335 949 1396 lloc
972 1343 1088 1398 constat

115 1438 153 1482 ex
172 1419 295 1484 decreto
321 1423 800 1504 Gard.Ceprara9apr.1802,
826 1423 1088 1487 executcrrcdon

115 1508 245 1588 cordati,
264 1510 457 1575 ubidicitur:
476 1513 606 1591 «Neque
620 1510 698 1573 ullus
700 1513 828 1590 ,praeter
840 1511 1089 1591 novosparochos

119 1621 179 1662 u..
184 1600 227 1663 ,ὲ
255 1600 340 1662 novis
366 1599 533 1664 antistibus
554 1600 725 1673 institutos,
751 1596 871 1658 illarum
891 1599 1087 1662 ecclesiarum

119 1687 344 1769 «parochus...
360 1687 514 1752 heberi...
541 1688 672 1768 amplius
694 1685 797 1766 possit.
822 1705 838 1744 o
866 1685 975 1748 Vide
967 1704 1089 1770 insuper

114 1776 228 1857 quibus
250 1777 348 1840 verbis
366 1777 447 1840 idem
464 1777 585 1840 Cardia.
609 1777 737 1854 Legatos
755 1773 922 1836 utebatur
914 1793 946 1836 m
961 1774 1089 1858 singulis

113 1865 245 1928 decretis
268 1865 427 1930 erectionis
457 1866 645 1930 diversorum
675 1863 873 1942 dioecesium,
904 1862 1088 1928 conferendo

113 1953 273 2036 Episcopis
286 1954 471 2017 collationem
495 1954 707 2036 paroeciarum.
723 1954 760 2014 Et
778 1951 822 2013 sic
843 1970 891 2014 res
909 1950 928 2014 d
948 1937 987 2001 77
1002 1955 1089 2017 annis

114 2042 269 2106 intellecta
282 2042 339 2106 luit
351 2049 383 2106 et
393 2063 475 2107 nunc
485 2043 670 2124 intelligitur.
680 2040 714 2104 ld
730 2039 821 2104 etiam
834 2041 975 2104 concludi
992 2049 1089 2145 potest

112 2150 151 2193 ex
164 2131 304 2214 analogii
325 2151 395 2195 cum
413 2131 600 2196 concordata
620 2130 720 2208 inito,
742 2136 872 2211 quatuor
889 2138 957 2211 post
978 2131 1087 2204 annis,

112 2221 195 2282 inter
208 2221 351 2284 eumdem
366 2221 454 2284 Pium
468 2223 521 2283 Vll
538 2239 574 2284 ac
593 2219 825 2302 Napoleoneml
848 2237 904 2300 pro
923 2219 1087 2300 Republica

110 2310 228 2372 Italica.
254 2309 331 2372 Inibi
343 2310 424 2371 enirn
441 2310 568 2386 legitur:
588 2308 764 2372 «Sanctitas
778 2309 838 2369 Sua
852 2307 1086 2389 conceditEpis·

115 2420 132 2457 r
152 2399 240 2480 copis
252 2399 301 2478 jus
312 2397 487 2461 conferendi
502 2398 662 2480 paroecias,
671 2414 739 2478 quae
753 2395 858 2476 quovis
872 2395 943 2457 anni
952 2402 1087 2476 tempore

113 2509 130 2548 u
151 2491 245 2550 erunt
258 2492 442 2550 vacaturae.»

151 2575 242 2650 Quod
255 2575 293 2638 de
308 2575 401 2638 Gallie
414 2575 543 2649 dicitur,
569 2573 793 2637 extendendum
812 2573 904 2636 etiam
919 2580 964 2636 est
983 2573 1021 2637 ad
1036 2593 1087 2638 eas

107 2664 264 2747 regiones,
275 2682 405 2746 quarum
413 2664 553 2728 Ecclesiae
560 2664 643 2742 juxta
651 2663 766 2727 dictum
773 2663 995 2728 concordatum
1008 2667 1081 2729 1801

106 2760 272 2834 reguntur,
287 2759 387 2833 prout,
403 2773 431 2816 v.
445 2773 474 2834 g.
492 2752 642 2834 Belgium.

149 2839 258 2914 Quoad
271 2840 329 2903 alie
341 2840 499 2917 beneficia,
514 2859 552 2903 ex
572 2840 700 2903 decretis
717 2839 877 2904 erectionis
895 2841 1084 2922 singularum

106 2930 305 3007 dioecesium,
330 2930 437 2992 deduci
462 2947 550 3011 posse
570 2929 686 2992 videtur
708 2928 790 3011 qud
813 2928 933 2993 Cardia.
956 2931 1085 3010 Caprara

108 3017 239 3081 soluerit
262 3024 295 3080 ut
318 3017 416 3081 adhuc
438 3018 572 3099 vigerent
595 3017 809 3081 reservationes
835 3036 905 3098 quae
928 3019 1009 3099 apud
1028 3039 1084 3080 nos

107 3107 278 3170 exstabant.
294 3105 354 3168 Sed
367 3106 425 3168 illae
440 3107 655 3169 reservationes
669 3125 730 3169 non
744 3105 876 3188 amplius
889 3105 1010 3168 luerunt
1024 3107 1081 3169 ob·

105 3202 235 3259 cervalae
249 3197 266 3256 ὲ
281 3201 416 3276 tempore
437 3194 625 3258 concordati.
650 3195 752 3273 Unde,
776 3213 838 3256 non
862 3195 962 3256 scldm
985 3195 1081 3257 Cauc-

105 3286 207 3360 nicos‚
227 3283 343 3344 Primos
366 3283 529 3366 Dignitates
543 3285 598 3346 soli
620 3283 760 3365 Episcopi
783 3281 884 3344 Galliae
906 3282 1080 3362 nominant,

75 3379 79 3390 '
105 3373 175 3435 sine
186 3389 339 3434 concursu
353 3371 478 3453 Capituli
493 3372 672 3434 autindulto
686 3370 854 3447 Pontificio,
870 3369 922 3432 sed
937 3371 1027 3432 etiam
1039 3371 1083 3438 sic

104 3463 222 3544 pariter
235 3460 291 3524 soli
306 3462 465 3522 nominant
477 3460 607 3523 Vicarios
618 3463 742 3523 duratos
753 3459 972 3522 cathedralium
985 3461 1080 3525 unita·

103 3569 176 3614 rum
188 3548 343 3630 Capitulis.

144 3640 258 3704 Utrum
273 3645 375 3698 aulem
388 3635 447 3700 hoc
461 3637 592 3718 legitime
607 3638 658 3698 frat
672 3638 703 3698 in
723 3637 905 3702 dioecesibus
925 3638 977 3701 ulri
995 3638 1078 3702 adest

104 3725 299 3791 consuetudo
313 3725 559 3816 quadragenaria,
576 3726 735 3789 dubitatD.
752 3726 847 3790 Bouix
859 3726 915 3810 (Ile
930 3727 1074 3808 Capitol„
