2590 4214
184 269 241 325 tat
456 276 605 322 araneum
627 276 708 320 ronrs
730 275 878 322 canumet.

627 447 651 526 ξ’
664 449 713 508 ΙΙΙ.

227 569 387 633 Prolu'bito
394 569 510 632 clericis
524 571 559 632 ob
571 570 742 632 scandulum
754 569 833 651 quod
844 569 912 630 inde
925 569 1005 631 oriri
1016 579 1128 652 posset.

227 721 297 780 647.
320 720 343 778 Ι.
365 715 674 797 Clericisprohibetur
696 715 874 776 cohabitatio
888 734 954 778 cum
969 713 1170 784 mulieribus,

188 813 246 868 etc.
263 805 311 869 Sic
325 805 491 888 generatim
505 805 594 867 habet
605 823 704 866 canon
717 803 929 884 Hospitiolum,
948 807 997 874 ΙΙ,
1010 803 1082 864 dist.
1103 807 1142 866 32
1160 845 1169 888 :

191 913 225 956 ex
241 897 271 957 S.
293 896 478 975 Hieronymo
501 895 702 974 desumptus:
723 915 738 954 c
762 891 964 973 Hospitiolum
985 897 1075 953 tuum
1094 939 1103 964 ,
1119 899 1172 952 aut

198 1007 210 1041 r
231 984 323 1060 rard,
347 989 399 1045 aut
417 1001 577 1063 nunquam
596 982 758 1045 mulierum
775 981 868 1061 pedes
884 986 1021 1042 terant...
1039 980 1173 1041 Femina

201 1095 213 1131 a
231 1072 448 1134 conscientiam
465 1089 570 1134 secum
584 1072 694 1152 pariter
716 1069 878 1132 habitantis
893 1069 1017 1132 exurit:
1047 1067 1174 1130 femina

196 1186 211 1219 u
234 1179 345 1224 nomen
360 1167 445 1223 tuum
460 1161 614 1236 noverint,
631 1159 750 1222 vultum
763 1159 909 1220 nesciant.
924 1178 941 1217 r

232 1252 276 1310 De
295 1250 352 1310 hac
369 1249 590 1312 cohabitatione
608 1249 742 1330 primbm
759 1249 869 1328 Magna
887 1245 1030 1328 synodus
1044 1246 1172 1310 Nicaens

193 1339 237 1402 sic
258 1338 384 1401 statuit:
408 1337 596 1399 alnlerdixit
614 1356 668 1419 per
688 1336 792 1400 omnia
809 1339 919 1417 Magna
940 1335 1086 1416 synodus
1111 1355 1174 1398 nou

198 1451 213 1485 o
233 1428 394 1508 Episcopo,
409 1445 471 1489 non
485 1428 671 1508 presbytero,
688 1445 749 1488 non
764 1425 905 1503 diacono,
921 1443 980 1487 nee
995 1423 1088 1486 alicui
1103 1443 1175 1487 om·

199 1540 213 1574 o
237 1518 308 1579 nino
329 1517 381 1597 qui
408 1517 439 1578 in
462 1517 541 1578 clero
566 1523 627 1593 est,
651 1517 743 1578 licere
762 1512 1037 1576 subintroductam¹
1060 1513 1176 1576 habere

200 1631 214 1663 u
237 1605 414 1681 mulierem,
430 1605 488 1666 nisi
508 1604 584 1667 forte
598 1611 652 1666 aut
665 1609 794 1667 matrem
811 1608 864 1665 aut
877 1619 1012 1664 sororem
1028 1609 1083 1664 aut
1097 1603 1175 1664 ami·
1218 1613 1222 1622 '

195 1698 215 1752 'c
236 1694 381 1770 tam,ve1
399 1712 449 1755 eas
462 1695 579 1755 tantum
603 1711 767 1773 personas,
785 1709 854 1774 quae
874 1689 1084 1770 suspicionem
1098 1690 1176 1752 cffu-

201 1807 216 1842 c
238 1783 347 1863 glanis

236 1872 281 1932 Ad
300 1868 446 1953 quasdam
469 1871 540 1932 alias
558 1888 703 1952 personas
723 1863 876 1932 licentiam
902 1867 1038 1932 extendit
1055 1869 1174 1930 Goncil.

197 1961 334 2040 Carthag.
361 1963 418 2036 ΙΙΙ,
441 1961 512 2022 anni
534 1963 591 2022 397
609 1980 614 2019 :
633 1959 675 2020 sic
695 1959 779 2020 enim
798 1957 907 2020 dicitur
925 1959 958 2018 in
972 1975 1094 2019 canone
1110 1962 1147 2020 ΙΙ
1167 1979 1174 2018 :

201 2071 217 2108 a
237 2052 361 2126 Utrum
376 2049 518 2110 omnibus
537 2047 665 2109 omnind
679 2047 795 2109 clericis
809 2052 960 2108 extraneae
972 2045 1098 2108 leminae
1113 2067 1177 2109 non

203 2161 217 2196 o
238 2137 408 2201 cohabitent
416 2157 425 2212 ;
441 2136 494 2198 sed
509 2137 580 2198 solae
591 2142 712 2213 matres,
724 2136 797 2197 aviae
812 2143 839 2196 et
855 2139 1044 2210 materterae,
1061 2137 1176 2211 amitae,

204 2250 218 2285 o
238 2244 356 2288 sorores
370 2233 399 2288 et
418 2225 486 2286 filiae
499 2225 623 2286 fratrum
641 2231 693 2287 aut
705 2242 859 2298 sororum,
876 2228 906 2286 et
919 2241 1126 2306 quaecumque
1140 2245 1177 2288 ex

204 2337 218 2373 o
240 2315 371 2389 familia,
385 2313 747 2388 domesticanecessitate,
764 2312 854 2374 etiam
869 2319 1034 2393 antequam
1052 2313 1177 2375 ordina·

204 2426 218 2462 a
239 2412 358 2480 rentur,
369 2404 432 2482 jam
450 2421 522 2464 cum
537 2403 579 2464 eis
593 2402 770 2464 habitabant
779 2421 789 2476 3
805 2401 851 2464 vel
866 2402 891 2463 si
906 2400 959 2462 filii
978 2419 1100 2478 eorum,
1113 2404 1178 2481 jam

204 2516 219 2550 u
240 2493 385 2554 ordinatis
398 2491 592 2572 parentibus,
608 2509 718 2552 uxores
733 2491 923 2571 acciperent,
940 2496 992 2551 aut
1006 2491 1102 2554 servis
1116 2510 1179 2554 nou

205 2604 219 2637 a
240 2581 421 2643 habentibus
433 2581 465 2641 in
479 2579 571 2641 domo
584 2597 660 2660 quas
671 2579 795 2654 ducant,
808 2578 930 2641 aliunde
943 2578 1059 2641 ducere
1073 2599 1180 2643 neces·

206 2691 221 2726 a
241 2671 311 2730 sitas
325 2668 414 2730 luerit
427 2689 457 2730 o.

240 2756 373 2818 Praefatae
397 2756 527 2818 licentiae
545 2763 690 2818 revocatae
704 2755 805 2830 luere,
823 2755 914 2817 etiam
929 2756 1032 2836 quoad
1046 2767 1179 2821 matrem

200 2852 228 2905 et
237 2862 390 2917 sororem,
406 2846 424 2905 a
438 2844 526 2906 variis
534 2845 674 2907 Consiliis
688 2844 929 2924 particularibus.
943 2843 1003 2907 Sed
1016 2847 1124 2909 Innoc.
1141 2850 1178 2908 ΙΙΙ

200 2932 391 3015 disciplinam
408 2933 563 2995 Nicaenam
580 2934 709 2994 restituit
723 2933 767 2995 his
783 2933 907 2996 verbis:
928 2955 943 2992 c
959 2934 1038 2995 Cum
1060 2935 1179 2999 clericis

205 3045 220 3084 c
240 3041 362 3104 quoque
376 3041 438 3084 non
450 3022 605 3103 permittas
617 3021 812 3084 mulierculas
820 3021 967 3100 habitare,
978 3022 1041 3082 nisi
1052 3020 1132 3084 torte
1141 3023 1179 3086 de

205 3135 219 3170 a
240 3112 298 3173 illis
316 3111 452 3192 personis
471 3112 616 3184 existant,
633 3110 664 3170 in
686 3109 796 3190 quibus
820 3109 955 3170 naturale
979 3107 1080 3172 faedus
1105 3111 1179 3173 nihil

204 3223 220 3259 o
241 3201 383 3280 perrnittrt
397 3199 465 3262 saevi
477 3199 614 3260 criminis
627 3198 772 3278 suspicari
786 3219 816 3258 o.
832 3197 916 3279 (Cap.
933 3196 1074 3272 Anatis,
1088 3203 1119 3274 9,
1134 3199 1183 3262 De>

200 3289 326 3350 colabit.
348 3287 419 3349 cler.
444 3295 473 3349 et
492 3287 673 3365 mulier.)—
692 3289 777 3348 Hanc
795 3285 962 3348 innocentii
976 3289 1016 3347 ΙΙΙ
1031 3288 1179 3350 Decreta·

201 3377 259 3438 lem
268 3395 324 3458 pro
335 3377 401 3457 lege
411 3375 571 3438 universali
582 3373 753 3436 habendam
763 3381 867 3436 tenent
877 3375 940 3436 ΙΙΙ).
955 3375 1176 3438 communitor.

200 3465 286 3528 Unde
299 3465 504 3527 communiter
518 3464 626 3526 dicitur
642 3483 650 3524 :

233 3679 240 3706 ¹
257 3673 292 3724 Ite
304 3675 485 3738 significatione
495 3678 569 3744 hujus
579 3678 656 3740 uocis,
667 3677 724 3729 ride
735 3679 827 3731 Bened.
836 3679 896 3740 xlv,
904 3679 1008 3750 illesus.
1020 3682 1173 3744 Dioeccscna,

202 3743 243 3792 lib.
258 3743 298 3801 ΙΙ,
309 3758 361 3806 cap.
378 3745 400 3803 t,
418 3747 453 3794 ni·
466 3749 520 3806 t-5;
532 3756 556 3798 et
568 3750 656 3799 Collat.
669 3750 777 3811 tuder„
790 3751 840 3803 Sur
852 3752 886 3801 lea
899 3751 975 3803 dtcts.
