2590 4214
166 313 224 371 478
436 321 586 367 strarant
606 321 689 367 runis
708 321 857 367 canonici.

166 428 218 484 aut
234 419 411 494 adustione,
427 421 485 481 nisi
500 437 571 501 erga
587 438 736 501 pauperes
748 428 799 482 aut
813 420 1018 502 propinquos,
1040 428 1096 484 aut
1119 423 1155 484 in

168 510 343 576 necessitate
352 511 394 588 (S.
410 509 547 590 Lignum,
562 508 614 569 lib.
630 511 661 581 d,
673 511 707 568 n⁰
723 511 791 587 ruo)
804 528 811 567 :
823 530 838 567 a
849 511 914 571 Nec
927 507 1022 570 ullam
1033 508 1145 572 chirur

173 619 189 658 ι
208 598 265 678 gite
277 604 390 674 ertern,
405 596 620 670 subdiaconus,
636 595 783 658 diaconus
794 597 840 658 vel
855 597 997 659 sacerdos
1011 616 1145 660 exerceo

173 703 277 766 aquae
297 685 487 748 adustionem
507 686 554 746 vel
575 685 755 747 incisionem
778 686 944 748 inducat.»
968 689 1012 751 Ita
1033 687 1144 749 Concil

170 775 308 836 Lateran.
323 775 362 835 lli
378 773 458 856 (cap.
474 772 658 835 Sententiam
673 777 704 843 9.
719 772 766 835 Ne
779 773 909 852 cleriei).
927 773 1036 836 Verius
1051 779 1113 852 est,
1123 773 1157 838 in

172 861 354 926 illocanone
371 880 434 924 non
455 861 673 943 comprehendi
698 861 908 924 beneficiarios
930 863 984 944 qui
1008 863 1039 922 in
1061 863 1157 926 sacris

168 967 234 1012 non
252 957 371 1012 essent:
390 967 446 1014 nco
463 951 584 1031 proprie
601 949 633 1010 in
653 949 736 1011 iliam
758 951 856 1030 tegern
871 949 997 1011 offendit
1012 951 1066 1030 qui
1081 969 1157 1012 con·

172 1038 242 1101 sulit
256 1045 290 1100 ut
307 1038 481 1101 membrum
491 1038 700 1114 abscindatur,
716 1037 778 1099 irnd
792 1039 845 1120 qui
858 1056 950 1119 opern
966 1045 1091 1119 praestat
1100 1039 1159 1105 ,ab-

173 1125 333 1189 scindenti.

213 1214 398 1276 Exercitium
412 1213 592 1290 medicinae,
609 1213 661 1274 ubi
678 1213 826 1276 incisione
840 1221 892 1276 aut
909 1214 1071 1277 adustione
1095 1234 1158 1279 non

176 1307 220 1364 est
233 1319 326 1381 opus,
341 1301 373 1363 in
386 1301 454 1381 iure
468 1302 616 1363 canonico
631 1319 693 1362 non
708 1307 841 1378 vetatur,
858 1301 936 1364 benc
947 1309 1050 1365 tamen
1062 1304 1081 1364 b
1090 1305 1158 1383 jure

176 1389 304 1452 naturali
313 1390 342 1454 ei
354 1392 405 1458 uui
417 1391 488 1452 satis
503 1409 564 1453 non
579 1397 622 1453 est
636 1390 761 1457 ueritus.

219 1465 362 1526 Studium
375 1473 478 1525 minen
493 1463 664 1539 medicinae,
678 1462 720 1526 uti
734 1468 825 1526 eham
833 1463 910 1542 iuris
924 1459 1032 1540 cidiis,
1048 1459 1158 1542 prohi—
1278 1498 1279 1548 p

180 1551 276 1615 bitum
291 1551 348 1614 fuit
358 1554 491 1633 primunr
501 1552 539 1612 ab
552 1551 722 1614 Alexandro
733 1551 770 1627 li,
782 1553 814 1613 in
828 1551 965 1614 Concilio
979 1550 1155 1613 Turonensi

180 1642 257 1721 (cap.
274 1640 460 1722 Mcqnoperd,
476 1640 523 1703 Ne
537 1640 649 1716 elerici,
666 1639 759 1719 etc.);
775 1640 885 1702 deinde
904 1640 969 1701 haec
985 1639 1154 1718 prohibitio

179 1747 234 1810 per
248 1731 417 1817 Honoriurn
432 1729 471 1790 ΙΙΙ
490 1729 572 1809 (cap.
595 1731 692 1810 Super
709 1729 909 1810 speculatore,
925 1729 971 1790 Ne
984 1729 1097 1790 elerici
1111 1727 1156 1788 oet

180 1818 339 1900 nemete),
355 1821 478 1882 extensa
493 1818 549 1880 fuit
562 1818 599 1880 ad
613 1837 720 1880 omnes
736 1817 982 1893 archidiaconos,
1000 1821 1154 1895 Decanus,

181 1908 369 1986 Praepositos,
381 1913 531 1981 cantores,
549 1907 753 1988 presbyteros,
774 1907 832 1968 sub
846 1907 936 1986 poenb
950 1923 1153 1968 excommun.

182 1993 298 2074 (suppr.
315 1994 348 2054 G.
365 1997 389 2056 Α
394 2003 467 2075 post.
486 1995 605 2076 Sedis);
620 1994 652 2057 in
667 1997 728 2076 qua
741 2001 841 2056 tamen
856 1994 1077 2074 cornprehendi
1091 2012 1154 2056 non

182 2083 456 2146 censentur'olerici
469 2082 598 2146 diacono
614 2083 782 2155 inferiores,
796 2101 853 2144 nec
872 2083 892 2142 ii
908 2084 960 2163 qui
975 2081 1155 2162 hujusmodi

187 2171 313 2240 nuntiis
326 2173 465 2254 privatim
478 2179 509 2234 et
521 2191 582 2234 non
591 2173 711 2253 publice
723 2172 755 2234 in
766 2171 1019 2235 Universitatibus
1033 2177 1153 2234 vacant.

231 2266 266 2325 In
281 2261 424 2324 exercitio
434 2265 537 2322 autem
547 2259 716 2328 medicinae,
727 2262 895 2314 caventium
904 2257 950 2312 ast
960 2256 993 2312 ut
1005 2268 1070 2311 non
1083 2252 1164 2313 offen

193 2350 281 2413 datur
295 2349 327 2411 in
339 2349 421 2429 leges
432 2347 534 2410 civiles
552 2343 625 2406 iliud
639 2341 844 2424 prohibentes.
860 2341 921 2400 Lex
942 2339 1026 2399 enirn
1045 2341 1087 2401 tu
1105 2357 1163 2401 ven

194 2439 310 2501 tosian.
322 2439 374 2513 XI,
388 2437 432 2498 sic
443 2435 597 2497 decernit:
618 2434 711 2492 «hrt.
729 2433 779 2490 23.
796 2429 847 2489 Six
861 2428 941 2489 mois
959 2427 1049 2508 apres
1074 2426 1102 2487 ia
1121 2445 1175 2507 pu-

197 2547 213 2586 e
234 2526 377 2588 blication
387 2524 425 2586 de
440 2525 468 2586 ia
483 2524 622 2604 presente
632 2516 897 2592 loi,toutindividu
909 2515 962 2596 qui
972 2515 1176 2578 continuerait

202 2637 215 2677 ι
234 2614 388 2676 d’exereer
404 2613 432 2674 la
448 2611 604 2673 rne'decine
617 2626 657 2669 ou
671 2607 699 2668 la
712 2604 882 2686 chirurgia,
904 2622 945 2666 ou
965 2603 1003 2664 de
1019 2605 1176 2686 pratiquer

195 2725 214 2768 n
235 2703 301 2766 l'art
315 2703 368 2764 des
382 2700 649 2772 accouchernents,
665 2713 734 2756 sans
746 2694 828 2756 avoir
838 2693 866 2754 le
876 2693 1011 2774 diplbme
1025 2692 1064 2753 de
1076 2695 1169 2774 re'cep

201 2815 215 2852 a
234 2792 319 2866 tion,
335 2808 401 2851 sera
416 2788 569 2869 poursuivi
584 2793 613 2848 et
626 2783 798 2847 condamne
814 2785 831 2843 a
851 2800 913 2844 une
934 2781 1067 2843 amende
1088 2783 1178 2863 pecu·

201 2900 215 2939 a
237 2879 332 2941 niaire
344 2895 451 2940 envers
465 2878 507 2937 les
522 2875 669 2955 hospices.
684 2894 698 2931 a

207 2983 209 2992 ⁴
234 2969 320 3032 idern
334 2974 380 3030 est
392 2965 555 3028 dicendum
570 2963 608 3024 de
627 2961 769 3024 exercitio
783 2959 964 3042 pharmaciae
979 2979 987 3020 :
1002 2957 1070 3021 haec
1095 2961 1179 3022 enim

198 3058 286 3120 habet
302 3059 349 3119 lex
365 3060 383 3117 2
398 3053 572 3138 germinalis
593 3069 643 3112 an.
662 3053 701 3112 XI
722 3049 771 3130 (tt
789 3068 853 3130 apr.
876 3049 992 3130 1803):
1014 3054 1109 3112 «Art.
1127 3053 1176 3113 ΞΒ.

202 3169 217 3206 a
236 3147 295 3208 Nul
311 3165 349 3207 ne
364 3163 475 3225 pourra
491 3143 650 3223 preparet,
668 3138 781 3200 vendre
794 3139 825 3198 ni
839 3137 955 3199 debiter
967 3155 1071 3199 aucun
1088 3138 1180 3200 rnedi-

202 3255 217 3294 u
237 3241 377 3310 cantent,
394 3233 438 3294 s'ii
456 3232 531 3292 n’est
543 3248 614 3303 recu
624 3228 742 3290 suivant
756 3227 799 3288 les
813 3225 925 3288 formes
939 3226 1107 3288 vouiues...

242 3345 258 3383 e
280 3327 384 3385 ...Art
402 3324 451 3383 35.
469 3323 547 3382 'font
560 3318 642 3380 nebit
656 3336 694 3378 au
706 3316 792 3398 poids
816 3315 996 3387 medicina,
1014 3321 1100 3377 toute
1119 3315 1178 3378 din

204 3411 382 3472 atributicn
407 3410 446 3472 de
469 3409 600 3488 drogues
618 3405 721 3488 (etiarn
743 3403 884 3486 gratuita)
909 3410 939 3465 et
966 3403 1176 3484 preparatione

200 3519 219 3568 ,e
238 3499 528 3560 medicamenteuses
542 3501 612 3557 sont
622 3497 810 3556 severement
821 3491 1000 3574 prohibes.»

237 3596 306 3654 Non
320 3602 422 3656 autem
434 3601 597 3656 censentur
610 3591 793 3654 medicinam
808 3609 948 3653 exercere
965 3591 1091 3673 parochi
1105 3611 1176 3656 eon·

200 3679 263 3740 'sitia
278 3685 308 3739 et
325 3683 436 3743 auxilia
450 3683 639 3764 parochianis
661 3682 723 3744 suis
746 3679 960 3762 aegrotantibus
981 3679 1171 3760 praebentes:

198 3783 219 3844 1ι
239 3783 390 3843 pourvua,
403 3769 501 3848 inquit
510 3771 622 3832 decisio
634 3769 853 3830 Consit.Statns
869 3768 921 3848 (30
931 3772 1004 3847 sept.
1019 3769 1112 3848 ¹805)
1124 3787 1174 3850 ep·
