2562 4224
199 267 255 321 130
469 272 621 318 ntuuertrt
640 271 722 317 tuuis
742 269 891 318 annontui.
957 298 962 304 -

237 382 305 440 aad.
335 378 456 448 Quaerit.
484 381 515 439 3⁰
544 378 691 449 Quaenam
718 373 816 436 adhuc
836 372 1072 454 praescribantur
1094 375 1181 438 eirca

196 465 399 529 electionem?

237 556 326 636 ltesp.
342 555 432 618 Plura
446 555 546 617 adhue
567 552 697 632 requiri,
723 570 856 633 nempe:
876 557 905 614 1⁰
928 554 968 615 Ut
987 551 1097 614 electio
1125 555 1184 618 liat

196 641 274 706 infra
288 651 348 706 tres
360 663 480 706 menses
494 647 511 705 a
526 642 575 704 die
586 643 765 703 vacationis:
782 660 848 722 cap.
869 645 905 702 tt
921 687 929 717 ,
947 641 992 702 De
1003 641 1180 708 Electimae.

236 736 269 794 2⁰
291 735 329 796 Ut
338 733 443 796 electio
458 733 496 793 sit
511 731 620 807 libero,
640 749 676 792 ac
690 730 816 810 proinde
834 729 910 790 absit
923 729 968 792 vis
987 738 1041 792 aut
1061 729 1150 795 fraus
1172 757 1180 795 :

200 843 216 879 <r
238 821 378 902 Quisquis
400 819 540 883 electioni
558 819 597 882 de
617 837 650 881 se
672 819 757 880 factae
777 837 834 900 per
856 818 1008 880 secuturis
1018 825 1185 900 potestatis

203 933 217 967 u
238 910 377 983 abusum,
402 909 574 972 consentire
605 913 831 990 praesumpserit
857 925 962 969 eontra
993 911 1183 974 canonicam

201 1021 218 1055 «
238 998 423 1074 libertatem,
439 1003 469 1059 et
482 997 636 1059 electionis
653 995 816 1058 commodo
834 1002 947 1070 careat,
958 1002 988 1058 et
1000 996 1184 1078 ineligibilis

204 1110 218 1143 a
241 1086 308 1162 liat,
326 1105 383 1148 neo
396 1085 509 1167 absque
531 1085 755 1166 dispensatione
777 1083 815 1146 ad
832 1084 964 1166 aliquam
986 1085 1085 1148 valeat
1103 1089 1184 1172 eligi

202 1199 218 1231 u
237 1173 415 1255 dignitatern
433 1193 441 1235 ε
457 1174 509 1255 qui
523 1175 593 1236 vero
607 1173 786 1236 electionem
800 1172 985 1252 hujusmodi,
1001 1194 1095 1256 quam
1108 1178 1185 1261 ipso

205 1264 304 1340 liure
328 1263 443 1325 irritam
468 1281 645 1338 censemus,
672 1262 920 1344 presumpserint
942 1262 1115 1344 celebrare,
1142 1270 1186 1331 ab

203 1375 219 1408 o
239 1351 345 1414 officiis
358 1360 390 1414 et
399 1351 572 1428 benefieiis,
588 1351 710 1432 penitus
723 1349 958 1432 suspendantur,
971 1359 1001 1413 et
1014 1371 1066 1432 per
1078 1355 1184 1419 trien-

205 1465 220 1495 «
242 1440 466 1521 niumeligendi
481 1439 542 1502 sint
557 1446 701 1520 potestate
716 1439 832 1519 privati.
849 1461 864 1498 n
886 1441 928 1500 lta
941 1458 1008 1520 oap.
1033 1441 1187 1527 Quisquis

200 1533 256 1604 tu,
275 1529 317 1590 ue
330 1530 443 1605 Eleon,
459 1548 495 1590 ex
509 1527 623 1590 Concil.
639 1529 736 1589 Later.
752 1529 802 1590 lv.
816 1528 874 1589 Pro
886 1527 993 1608 froude
1005 1537 1035 1590 et
1047 1531 1137 1610 dolo,
1151 1557 1182 1599 v.

201 1637 267 1700 cap.
285 1619 360 1680 Ciam
373 1619 468 1681 dictus
481 1621 537 1694 23,
554 1617 598 1679 De
610 1617 783 1692 Electione3

240 1712 272 1769 3⁰
292 1711 332 1771 Ut
345 1709 422 1770 absit
435 1707 536 1770 omnis
550 1708 689 1767 simonia.

240 1802 272 1857 4ο
293 1799 332 1859 Ut
341 1816 402 1858 non
412 1796 555 1858 accedant
563 1797 621 1856 voti
631 1795 936 1876 incapaces:quinam
945 1796 1004 1858 sint
1014 1798 1186 1882 incapaces

199 1886 314 1946 dictum
327 1885 385 1947 luit
398 1904 490 1966 supra
505 1884 602 1966 (2l8);

241 1979 273 2036 5⁰
293 1977 332 2038 Ut
345 1981 410 2036 vota
426 1975 559 2035 terantur
573 1973 701 2034 obsolute
719 1979 747 2034 et
765 1972 980 2037 determinate:
1002 1987 1071 2039 vota
1091 1981 1186 2044 enirn

203 2063 606 2140 conditionata,alternative
621 2071 650 2124 et
660 2063 772 2124 ineerta
786 2062 924 2125 habenda
938 2072 1010 2125 sunt
1025 2079 1059 2127 ut
1074 2069 1183 2133 nulla:

202 2169 238 2214 ex
253 2171 319 2232 cap.
335 2157 368 2224 2,
388 2153 430 2214 De
444 2153 553 2228 Elect,
569 2152 600 2212 in
615 2156 662 2225 d⁰;

242 2245 310 2304 aul.
327 2245 358 2303 6ιι
373 2244 411 2305 Ut
420 2241 573 2322 publicato
588 2239 753 2315 scrutinio,
774 2258 836 2301 non
864 2241 979 2304 varient
1000 2244 1157 2310 electores
1175 2270 1185 2310 ι

202 2349 268 2412 cap.
285 2330 442 2392 Publieuto
455 2335 512 2407 58,
529 2331 573 2390 Ile
584 2329 681 2392 Elect.
699 2333 847 2405 Attamen,
862 2331 1001 2410 quando,
1023 2333 1187 2414 publicato

203 2421 363 2498 scrutinio,
378 2427 503 2501 apparet
520 2438 582 2481 non
596 2417 693 2481 valide
713 2426 863 2498 peractam
883 2419 975 2483 fuisse
993 2423 1186 2488 electionem

203 2511 303 2590 <mous
316 2510 341 2570 si
355 2515 433 2570 esset
449 2527 502 2589 per
521 2509 653 2586 judicem
676 2507 843 2587 irritanda),
863 2509 909 2570 vel
931 2510 955 2570 si
978 2512 1092 2574 electus
1112 2532 1186 2577 non

202 2604 392 2677 acceptaret,
406 2597 451 2658 vel
466 2598 490 2658 si
504 2603 582 2658 esset
595 2596 785 2676 ineligibilis,
806 2605 879 2658 tuno
899 2597 1000 2662 liceret
1014 2601 1053 2662 ad
1064 2620 1186 2682 novam

203 2685 380 2746 electionem
400 2683 580 2765 procedere,
601 2692 630 2746 et
644 2687 662 2746 a
675 2685 766 2764 priori
785 2692 852 2746 roto
872 2682 1023 2750 recedere.
1039 2690 1188 2770 Speciale

203 2774 407 2855 aliquidestiu
418 2774 594 2836 monialium
605 2774 1104 2857 electionibus,scilieetqudd‚easu
1113 2801 1188 2862 quc

82 2889 84 2894 v
203 2863 345 2941 amajore
357 2861 479 2942 quidem
495 2871 589 2942 parte,
601 2863 654 2924 sed
664 2881 724 2923 non
735 2863 877 2924 adualius
887 2867 1028 2929 extribus
1040 2867 1188 2948 partibus

202 2951 324 3032 capituli
340 2952 443 3013 eleotae
457 2950 580 3027 luerint,
596 2951 782 3032 possintaliae
789 2953 934 3014 moniales
944 2957 1036 3036 partis
1046 2957 1189 3024 minoris

202 3040 240 3102 ad
252 3045 354 3102 votum
367 3040 489 3122 maioris
500 3042 591 3122 partis
599 3041 756 3116 accedere,
765 3043 869 3122 sicque
878 3045 991 3104 variare
1000 3051 1066 3125 post
1075 3047 1189 3127 publi-

202 3139 303 3192 catum
316 3131 505 3191 scrutinium.
518 3131 589 3210 Cap.
599 3129 844 3192 Indernnitutibus
857 3134 904 3200 43,
920 3133 963 3194 De
975 3133 1073 3196 Elect.
1085 3138 1122 3197 in
1134 3143 1187 3205 6·.

241 3222 330 3290 Item,
347 3219 371 3280 si
385 3226 524 3298 ageretur
536 3217 574 3279 de
588 3237 660 3280 casu
675 3219 706 3279 in
718 3237 779 3298 nuo
794 3219 928 3300 rigorose
943 3241 1005 3284 non
1017 3232 1094 3286 esset
1106 3243 1190 3290 ser-

202 3307 298 3368 vanda
316 3306 412 3368 forma
434 3325 487 3386 per
504 3325 571 3386 cap.
593 3307 671 3382 Quia
689 3316 813 3388 propter
835 3311 1025 3392 prescripta,
1047 3331 1075 3374 v.
1098 3333 1138 3394 g.
1161 3320 1189 3381 si

202 3396 358 3476 eligendus
372 3403 450 3456 esset
467 3395 599 3456 Vicarius
613 3395 807 3476 Capitularis,
818 3405 847 3458 et
862 3399 992 3477 priminn
1008 3419 1071 3463 non
1085 3404 1189 3470 ades-

202 3490 268 3544 sent
281 3491 349 3545 vota
363 3483 561 3560 sufficientia,
580 3485 689 3545 valeret
704 3492 776 3546 tunc
789 3504 927 3549 accessus
942 3489 1068 3552 minoris
1082 3499 1192 3574 partis

202 3571 240 3632 ad
263 3573 429 3651 majorem,
450 3573 495 3633 rel
514 3574 638 3652 aequalis
660 3572 697 3633 ad
715 3575 884 3655 aequalem,
908 3579 1000 3644 etiam
1019 3579 1192 3661 publicato

203 3660 356 3722 scrutinio
585 3657 588 3662 ’

241 3751 310 3810 252.
335 3754 368 3809 7⁰
389 3750 530 3819 Quamvis
550 3752 580 3812 id
607 3753 728 3813 nonsit
754 3752 791 3815 de
816 3763 978 3838 praeoepto,
1004 3709 1192 3840 optandum
