2526 4210
452 294 539 344 arara
559 292 676 338 narnus.
999 288 1057 348 269

71 393 146 454 tolis
173 395 393 470 successerint,
419 393 643 456 observandum
666 398 710 453 est
739 394 873 474 singulos
901 401 1059 478 Apostolos

69 481 219 544 habuisse
240 483 255 542 ir
277 483 393 545 Christo
408 501 480 546 cum
501 481 689 563 plenitudine
703 482 859 544 sacerdotii
872 485 1059 564 jurisdictio-

69 588 146 632 nem
163 571 386 649 universalem,
410 575 500 633 Petro
523 577 624 632 tamen
650 575 796 651 tanquam
812 572 965 652 Superiori
987 578 1059 639 sub-

67 661 196 737 jectam.
223 660 318 720 Multa
340 665 494 722 momenta
512 660 543 719 in
563 658 773 740 probationem
797 659 895 722 afferri
916 673 1056 742 possent;

69 745 202 808 sufficiat
216 747 345 827 allegare
359 749 449 809 verba
463 751 494 810 S.
511 747 615 810 Matth.
633 749 710 829 (cap,
727 751 738 806 l
745 751 774 821 8,
792 767 820 810 v.
839 754 910 829 18);
929 773 945 810 a
961 756 1056 816 Amen

73 857 88 892 o
102 835 176 896 dico
187 835 271 896 vobis
283 855 484 916 quaecumque
493 835 682 917 alligaveritis
693 857 724 908 u,
737 842 808 912 etc.;
821 839 911 900 verba
922 841 954 903 S.
965 843 1055 904 Marci

68 927 152 1004 (capz
169 927 219 994 lc,
235 945 263 986 V.
282 926 350 1005 15):
374 947 388 984 a
404 929 516 986 Euntes
537 921 734 986 inmundum
759 926 954 1005 universum,
979 949 1050 1010 prae·

72 1035 87 1067 a
111 1011 213 1074 dicate
228 1014 311 1074 omni
327 1021 472 1075 creaturae
484 1034 513 1089 »;
528 1021 556 1075 et
571 1014 694 1093 insuper
705 1013 795 1074 verba
808 1016 838 1076 S.
851 1018 960 1080 loann.
974 1017 1051 1100 (cap
1080 1069 1083 1074 .

69 1105 124 1177 20,
142 1121 169 1161 v.
188 1101 253 1182 Et),
270 1109 298 1163 et
312 1105 342 1164 S.
357 1103 461 1164 Matth.
481 1101 559 1183 (cap.
572 1105 623 1179 28,
634 1121 662 1163 v.
677 1103 738 1182 18).
752 1136 790 1150 -
809 1105 950 1168 «Omnes
965 1112 1056 1188 Apus

74 1212 89 1244 a
112 1189 186 1265 toli,
202 1191 302 1270 inquit
319 1193 442 1266 Suarez,
459 1192 673 1271 acceperuntai
689 1191 808 1253 Christo
822 1194 952 1256 Domino
963 1196 1054 1278 juris·

72 1299 88 1332 a
110 1277 279 1339 dictionem
297 1287 325 1340 et
341 1279 526 1360 spiritualem
543 1285 719 1359 potestatem
738 1279 874 1342 inlotam
891 1285 1053 1347 Ecclesiam

73 1388 89 1424 u
110 1372 142 1427 et
156 1366 190 1426 in
209 1373 305 1428 totum
320 1368 437 1430 orbem.
454 1368 615 1429 Conclusio
630 1374 674 1427 est
691 1375 772 1430 certa
786 1375 815 1429 et
835 1374 1018 1434 eommunis.
1034 1399 1049 1432 n
1077 1427 1079 1430 .

69 1454 189 1534 (Truct.
206 1454 241 1516 de
252 1455 343 1526 Fide,
360 1461 436 1537 part.
455 1459 483 1530 l,
500 1455 577 1536 disp.
596 1459 644 1531 l0,
661 1462 733 1517 sect.
749 1460 778 1532 l,
794 1465 826 1516 n⁰
842 1461 885 1537 l.)
901 1461 965 1520 Hoc
979 1481 1053 1541 prae-
1084 1501 1085 1508 .

69 1550 207 1606 notato:

111 1631 285 1694 Dicendum
301 1640 344 1694 est
359 1651 368 1695 a
385 1637 416 1694 l⁰
429 1633 539 1694 Praeter
552 1635 725 1694 Romanum
736 1631 911 1694 Pontificem
929 1644 957 1696 et
970 1639 1053 1717 Epis

68 1739 187 1802 copum
200 1721 529 1802 Hierosolymitanum,
546 1721 665 1782 nullum
683 1721 866 1802 Episcopum
888 1741 953 1786 esse
975 1727 1051 1788 Suc-

67 1827 226 1872 cessorem
239 1810 462 1890 Apostolorum,
476 1828 512 1870 eo
522 1828 611 1870 sensu
624 1809 705 1889 qudd
716 1809 809 1870 Sedes
821 1829 911 1890 quam
925 1814 1052 1896 quisque

66 1917 181 1961 eorum
200 1907 342 1979 occupat,
357 1899 491 1981 aliquem
505 1916 542 1959 ex
565 1898 713 1979 Apostolis
727 1898 758 1959 in
773 1899 906 1978 primum
928 1903 1051 1982 Episco-
1067 1979 1071 1985 ὁ

68 2005 146 2066 pum
164 1986 305 2047 habuerit
321 2007 328 2048 ε
346 1987 438 2049 Sedes
452 1994 555 2048 autem
572 1987 756 2048 Antiocheno
780 1989 913 2068 primum
928 1993 1050 2071 quidem

67 2075 128 2137 fuit
150 2081 297 2154 occupata
314 2077 332 2136 a
348 2077 378 2138 S.
394 2075 493 2152 Petra,
509 2075 568 2137 dici
583 2081 684 2136 tamen
703 2084 859 2156 nequeunt
872 2080 1051 2144 Patriarclrae

69 2163 253 2224 Antiocheni
269 2165 356 2224 Petro
371 2165 491 2245 proprie
506 2165 696 2226 successisse.

109 2252 283 2314 Dicendum
307 2256 339 2314 2⁰
362 2253 527 2334 Episcopus
546 2271 607 2314 non
621 2271 688 2314 esse
704 2253 917 2332 Apostolorum
930 2275 1049 2324 sucees-

66 2359 156 2405 sores
178 2341 277 2421 quoad
298 2341 499 2403 universalem
522 2341 551 2402 in
574 2347 636 2402 toto
650 2341 765 2402 mundo
782 2342 1045 2420 jurisdictionem:

67 2449 143 2492 nam
156 2429 341 2508 jurisdictio,
355 2432 372 2491 a
386 2429 502 2492 Christo
515 2429 692 2510 generaliter
710 2431 859 2510 Apostolis
872 2435 1047 2512 commissa,

64 2527 134 2581 erat
148 2519 180 2579 in
195 2518 239 2580 eis
254 2519 356 2599 (Petro
370 2525 472 2580 tamen
486 2519 625 2599 excepto)
640 2518 892 2598 extraordinaria,
909 2541 965 2584 nec
981 2525 1049 2589 dala

66 2614 101 2670 ut
133 2613 348 2687 permanenter
368 2607 398 2668 in
426 2614 549 2670 caeteros
573 2607 738 2688 Episcopus
761 2608 1048 2693 transfunderetur3

67 2696 178 2757 multis
192 2697 378 2776 argumentis
393 2695 421 2756 id
436 2696 557 2776 probari
580 2701 695 2776 potcst3
716 2696 842 2758 sufficiat
859 2697 907 2760 hle
920 2719 1049 2784 sequen·

65 2787 110 2847 tia
124 2783 238 2847 referre
253 2803 263 2848 a
280 2790 310 2846 l⁹
325 2786 463 2865 Episcopi
484 2785 747 2866 Hierosolymitani
771 2793 858 2848 erant
873 2791 953 2852 certe
977 2812 1047 2856 suc-

67 2891 207 2936 cessores
221 2872 312 2934 unius
337 2874 569 2954 Apostolorum,
585 2874 722 2936 videlicet
739 2876 770 2936 S.
791 2877 895 2938 iacobi
911 2889 918 2938 ¹:
933 2889 1047 2944 constat

66 2971 191 3038 tamen,
216 2961 304 3022 etiarn
320 2964 335 3022 A
352 2961 523 3041 primordiis
537 2963 694 3038 Ecclesiae,
711 2963 847 3043 ipsorum
864 2966 1045 3043 jurisdictio·

68 3063 143 3112 n'em
155 3068 218 3110 non
230 3068 262 3110 se
274 3049 443 3112 extendisse
454 3050 532 3111 ultra
545 3050 693 3112 civitatem
704 3057 733 3111 et
747 3051 982 3132 illiuscontinia,
997 3065 1047 3119 aut

63 3139 106 3202 ad
120 3155 278 3202 summum
294 3138 371 3200 ultra
387 3137 586 3214 Palestinam,
603 3145 692 3218 prout
705 3146 822 3201 constat
835 3157 872 3216 err
886 3145 1045 3223 quamplu-

65 3227 155 3290 rimis
169 3225 355 3306 antiquitatis
370 3226 570 3288 documenlis.
1056 3283 1058 3300 ,

106 3321 140 3378 2⁰
150 3317 185 3376 ln
195 3333 308 3376 canone
319 3318 358 3376 28
371 3315 584 3396 Apostolorum
597 3315 640 3376 sic
651 3315 842 3379 decernitur:
856 3319 1057 3400 «Episcopus

69 3429 84 3462 a
106 3422 171 3465 non
186 3403 293 3464 audeat
305 3412 391 3464 ectru
403 3402 476 3484 fines
488 3421 553 3462 suos
566 3403 771 3468 ordinationes
784 3407 881 3469 facere
903 3409 934 3471 in
948 3409 1047 3471 civita·

70 3515 86 3549 c
107 3492 192 3552 tibus
206 3498 259 3551 aut
271 3491 356 3570 pagis
371 3491 426 3570 ipsi
441 3508 502 3550 non
515 3490 651 3552 subditis.
667 3515 682 3550 r

107 3589 140 3648 3ο
162 3587 197 3648 ln
214 3585 350 3646 Concilio
365 3586 695 3667 Constantinopolitano
711 3589 796 3671 (anni
813 3596 881 3672 381)
895 3595 938 3656 sic
951 3604 1045 3658 statu-

66 3685 134 3738 tum
156 3674 307 3756 reperitur
322 3691 329 3734 :
349 3695 365 3732 u
379 3674 555 3736 Secundum
569 3677 705 3756 regulas,
721 3681 901 3744 constitutus
915 3683 1045 3748 Alexan·

67 3785 85 3822 a
106 3762 182 3824 driae
196 3761 321 3842 quidem
335 3761 560 3850 Episcopus.ea
575 3782 644 3830 ouae
655 3775 726 3828 sunt
740 3769 771 3832 in
785 3773 916 3851 AEgypto
927 3773 1044 3833 tantum
