2590 4214
187 311 244 367 402
460 311 608 360 utentum
630 310 713 356 sums
733 308 884 356 chuonrat.

225 415 256 477 Si
271 414 341 476 rard
356 410 497 494 paralius
515 408 566 470 lini
580 405 772 487 predicatio,
786 406 1000 486 praedicatores
1017 405 1172 488 deputan-

186 509 235 566 tur
249 503 286 564 ab
301 502 450 584 Episcopo
464 495 603 579 impensis
616 513 714 557 eorum
725 494 840 575 quiens
854 502 998 576 praestare
1009 496 1058 558 vel
1068 502 1171 558 tenen

185 598 235 654 tur
257 591 304 653 vel
330 591 466 653 solent...
486 609 503 646 α
523 589 673 664 Tempore
696 588 798 645 autem
821 584 1011 663 jejuniorum
1035 584 1171 656 Ouedra·

190 701 206 737 n
225 681 348 761 gesimae
362 685 390 741 et
402 676 556 740 Adventus
568 671 707 748 Domini,
726 672 864 753 quotidie
876 673 924 734 vel
942 673 1051 736 saltem
1076 673 1171 736 tribur

191 791 205 823 a
225 767 257 829 in
272 766 461 830 hebdomada
473 763 591 835 diebus,
599 761 624 822 si
634 761 676 822 ita
684 767 824 841 oportere
834 761 979 826 duxerint
988 761 1173 846 (Episcopi),

191 877 205 914 o
225 858 331 919 Sauras
346 856 515 936 Scripturas
528 850 723 930 divinamque
734 849 834 929 legem
848 851 1046 926 annuntient,
1055 857 1088 912 et
1102 851 1173 914 ulida

190 966 206 1003 n
226 946 478 1026 quotiescumque
493 940 523 1002 id
541 939 712 1020 opportune
731 938 796 1000 fieri
819 957 908 1020 posse
927 939 1138 1018 judicaverint
1157 961 1172 1000 r

186 1031 278 1095 iidem
293 1035 432 1116 Episcopi
447 1029 551 1110 (Cone.
566 1026 664 1103 und,
678 1045 752 1088 sess.
769 1032 821 1102 rt,
837 1046 904 1110 cap.
919 1028 963 1109 6).

156 1129 160 1136 “
231 1144 247 1180 a
267 1122 298 1184 Si
312 1129 468 1184 curatores
479 1119 651 1180 animarum
669 1116 875 1196 per-sevelint
885 1136 1003 1180 munus
1024 1118 1173 1199 praedica·

191 1207 317 1272 a'lionis
335 1211 434 1280 obire,
457 1226 520 1270 non
538 1204 650 1268 debent
669 1203 839 1286 impedirir
858 1205 908 1285 (ab
928 1206 1110 1288 Episcopo).
1134 1211 1174 1270 lta

186 1298 347 1361 declaravit
361 1300 392 1359 S.
409 1299 441 1359 C.
457 1295 594 1358 Concilii.
701 1321 704 1330 ·
1194 1329 1197 1338 .

227 1387 299 1450 Sine
313 1387 433 1450 licentii
446 1384 596 1448 Ordinarii
610 1383 762 1466 parochus
775 1385 851 1448 nulli
874 1395 972 1468 potest
994 1389 1172 1470 permittere

187 1482 221 1538 ut
243 1475 406 1557 predicet,
431 1473 634 1557 quamtumvis
658 1473 837 1556 predicator
859 1475 897 1536 sil
919 1477 977 1538 sihi
1004 1485 1119 1554 notus,
1145 1487 1173 1542 et

187 1565 306 1628 etiamsi
320 1565 414 1629 semel
428 1569 480 1628 aut
492 1563 540 1624 bis
550 1563 669 1625 lanthm
679 1563 1039 1645 esset'praedioaturus,et
1050 1569 1172 1632 etiamsi

187 1660 265 1717 esset
276 1656 454 1736 Episcopus.
471 1656 514 1715 lta
528 1671 565 1714 ex
584 1651 725 1714 declarat.
743 1653 881 1714 Clamant
895 1657 969 1718 Vlll.
985 1653 1061 1719 Haec
1084 1659 1170 1721 intel

188 1742 306 1824 liganda
320 1751 390 1806 sunt
404 1744 494 1805 etiam
506 1741 544 1804 de
557 1759 671 1821 pronao
681 1747 710 1802 et
728 1742 887 1804 catechesi.
903 1745 947 1804 Ex
965 1746 1051 1824 praxi
1065 1753 1170 1810 tamen

186 1833 307 1911 parochi
318 1829 495 1913 perurittunl
508 1830 672 1913 predicare
686 1831 780 1892 semel
791 1838 844 1894 aut
853 1832 898 1894 bis
909 1833 976 1896 sine
990 1852 1119 1898 recursu
1132 1837 1170 1899 ad

185 1921 379 1984 Ordinarium
391 1969 399 1998 ,
412 1922 464 2003 qui
480 1921 510 1981 in
524 1920 553 1981 id
566 1919 642 1981 solet
655 1921 839 1982 consentire.

223 2012 269 2070 Ex
282 2028 428 2092 responso
442 2011 472 2074 S.
490 2011 600 2088 Gongr.
615 2007 654 2069 ad
669 2009 853 2090 Episcopum
868 2011 1081 2087 Melitensem,
1103 2032 1168 2077 uon

184 2117 261 2179 opus
278 2105 322 2162 est
337 2106 370 2162 ul
384 2100 421 2160 sit
441 2097 587 2180 perpolita
601 2102 631 2158 et
649 2096 803 2158 elaborata
817 2101 940 2174 conci0;
958 2100 1011 2162 sed
1032 2101 1107 2162 satis
1126 2117 1171 2166 ert

185 2194 219 2251 ut
236 2209 252 2247 o
272 2188 410 2272 parochi,
433 2187 539 2250 saltem
561 2185 782 2247 Dominiciset
804 2186 886 2250 festis
907 2188 1033 2264 dicbus,
1059 2191 1170 2270 plebes

187 2277 277 2340 «sibi
293 2277 492 2352 commissas,
511 2293 566 2357 pro
585 2277 640 2337 sut
660 2280 691 2335 et
711 2291 814 2336 aarum
830 2277 1014 2357 capacitate,
1039 2291 1168 2358 pascant

189 2390 205 2430 v
222 2366 402 2430 salutaribus
421 2366 530 2428 verbis.
550 2367 625 2426 alta
639 2364 731 2425 etiam
745 2364 860 2427 Bened.
886 2368 965 2443 XlV,
980 2365 1087 2428 Instrsst
1106 2374 1167 2450 lo,

181 2467 217 2517 ··n
238 2460 785 2520 3.·

221 2549 312 2610 Juxta
326 2543 505 2608 sententiam
524 2542 726 2605 communiter
740 2549 913 2625 receptam,
939 2544 1069 2624 graviter
1090 2565 1167 2628 pec

179 2641 254 2700 cant
276 2635 398 2717 parochi
420 2634 488 2715 qui,
505 2633 566 2694 sive
577 2650 631 2712 per
649 2651 740 2693 unum
756 2652 880 2695 mensem
894 2635 1066 2696 continuum
1078 2637 1167 2711 ,sive

137 2731 138 2734 ’
192 2745 231 2787 er
256 2735 314 2786 tres
329 2741 436 2785 menses
457 2739 515 2782 non
534 2721 701 2798 continuos,
723 2739 781 2783 neo
803 2740 857 2802 per
879 2740 911 2784 se
936 2741 993 2784 nec
1012 2741 1069 2802 per
1087 2725 1166 2792 alior
1290 2767 1291 2780 .

184 2813 358 2876 medicant.

141 2901 147 2920 ³
221 2901 328 2976 Quoad
344 2919 449 2984 poenas
462 2905 564 2963 autem
577 2899 687 2982 quihus
699 2898 789 2980 plecti
802 2907 931 2981 possunt
944 2901 1069 2982 parochi
1082 2902 1164 2968 hauc

181 2991 364 3076 praedicandi
377 2989 591 3072 obligationem
604 3006 667 3050 nou
681 2988 843 3068 implentes
855 2989 922 3065 ,sic
937 2989 1029 3051 hahet
1043 2992 1162 3057 Concil.

138 3085 142 3093 '
184 3083 315 3146 Trident.
337 3081 424 3163 (sess.
447 3083 478 3157 5,
498 3097 565 3161 cap.
589 3076 653 3158 3);
684 3076 778 3141 ‹rUbi
798 3077 837 3139 ab
861 3079 1010 3160 Episcopo
1028 3081 1162 3162 moniti,

186 3194 200 3230 u
221 3171 313 3236 trium
331 3170 483 3233 mensium
496 3169 607 3250 spatio,
623 3166 740 3229 muneri
756 3181 812 3228 suo
830 3166 1002 3239 defuerint,
1021 3187 1077 3250 per
1090 3189 1163 3234 cen-

186 3283 201 3321 e
222 3279 307 3326 suras
328 3259 563 3336 ecclesiasticas,
585 3273 638 3318 seu
657 3255 730 3317 alias
752 3254 790 3317 ed
810 3255 905 3337 ipsius
921 3255 1064 3340 Episcopi
1083 3259 1151 3324 arbi

186 3373 201 3410 o
221 3352 313 3414 trium
326 3356 483 3430 cogantur.
498 3369 513 3407 a

221 3442 305 3504 Circa
317 3438 529 3522 obligationem
545 3434 667 3518 parochi
689 3452 800 3516 pucros
821 3433 983 3511 edocendi,
1002 3435 1046 3498 sic
1059 3437 1163 3501 statuit

181 3529 262 3600 idem
283 3529 397 3592 Concil.
419 3526 526 3590 Trid:
545 3523 667 3586 elidem
681 3524 794 3593 eham
818 3523 923 3585 saltem
941 3523 1112 3588 Dominicis
1133 3535 1163 3590 et
1287 3533 1288 3600 l

136 3615 286 3734 preliis
299 3617 411 3679 festivis
425 3615 533 3678 diebus
541 3631 685 3696 ,·,pueros
706 3611 739 3673 iu
752 3611 878 3692 singulis
899 3611 1064 3693 parochiis,
1092 3613 1161 3679 lidci

136 3683 201 3766 a
223 3706 392 3768 rudimenta
405 3712 434 3766 et
454 3703 656 3765 obedientiam
671 3719 742 3782 erga
756 3703 854 3763 Deum
868 3707 897 3761 et
911 3708 1072 3781 parentes,
1088 3701 1161 3766 dili·

189 3819 201 3854 ι
223 3803 341 3874 genter,
355 3791 425 3852 ab”
407 3810 443 3852 ns
456 3791 492 3851 ad
508 3809 584 3870 quos
600 3789 762 3870 spectabit,
777 3787 877 3850 doceri
892 3788 1062 3853 curabunt
1080 3799 1121 3856 et
1138 3793 1162 3851 si
