<?xml version="1.0" encoding="UTF-8"?>
<!DOCTYPE html PUBLIC "-//W3C//DTD XHTML 1.0 Transitional//EN"
    "http://www.w3.org/TR/xhtml1/DTD/xhtml1-transitional.dtd">
<html xmlns="http://www.w3.org/1999/xhtml" xml:lang="en" lang="en">
 <head>
  <title>
</title>
<meta http-equiv="Content-Type" content="text/html;charset=utf-8" />
  <meta name='ocr-system' content='tesseract 3.04.00' />
  <meta name='ocr-capabilities' content='ocr_page ocr_carea ocr_par ocr_line ocrx_word'/>
</head>
<body>
  <div class='ocr_page' id='page_1' title='image "./elementajurisca01craigoog_0514.png"; bbox 0 0 2590 4214; ppageno 0'>
   <div class='ocr_carea' id='block_1_1' title="bbox 441 249 666 312">
    <p class='ocr_par' dir='ltr' id='par_1_1' title="bbox 441 249 666 312">
     <span class='ocr_line' id='line_1_1' title="bbox 441 249 666 312; baseline 0 -18"><span class='ocrx_word' id='word_1_1' title='bbox 441 249 526 294; x_wconf 73' lang='lat' dir='ltr'>hittun</span> <span class='ocrx_word' id='word_1_2' title='bbox 550 249 666 312; x_wconf 62' lang='lat' dir='ltr'>t‘ttltltts.</span> 
     </span>
    </p>
   </div>
   <div class='ocr_carea' id='block_1_2' title="bbox 528 411 581 488">
    <p class='ocr_par' dir='ltr' id='par_1_2' title="bbox 528 411 581 488">
     <span class='ocr_line' id='line_1_2' title="bbox 528 411 581 488; baseline 0 -18"><span class='ocrx_word' id='word_1_3' title='bbox 528 411 581 488; x_wconf 74' lang='lat' dir='ltr'>§t</span> 
     </span>
    </p>
   </div>
   <div class='ocr_carea' id='block_1_3' title="bbox 316 549 887 615">
    <p class='ocr_par' dir='ltr' id='par_1_3' title="bbox 316 549 887 615">
     <span class='ocr_line' id='line_1_3' title="bbox 316 549 887 615; baseline 0.014 -4"><span class='ocrx_word' id='word_1_4' title='bbox 316 550 357 612; x_wconf 85' lang='lat' dir='ltr'>De</span> <span class='ocrx_word' id='word_1_5' title='bbox 371 551 474 611; x_wconf 76' lang='lat' dir='ltr'>tutilo</span> <span class='ocrx_word' id='word_1_6' title='bbox 488 560 513 609; x_wconf 87' lang='lat' dir='ltr'>el</span> <span class='ocrx_word' id='word_1_7' title='bbox 529 549 646 610; x_wconf 75' lang='lat' dir='ltr'>lolrsulrt</span> <span class='ocrx_word' id='word_1_8' title='bbox 661 551 804 615; x_wconf 76' lang='lat' dir='ltr'>clericuli.</span> <span class='ocrx_word' id='word_1_9' title='bbox 883 570 887 578; x_wconf 90' lang='lat'><em>&#39;</em></span> 
     </span>
    </p>
   </div>
   <div class='ocr_carea' id='block_1_4' title="bbox 68 700 1053 1140">
    <p class='ocr_par' dir='ltr' id='par_1_4' title="bbox 68 700 1053 1140">
     <span class='ocr_line' id='line_1_4' title="bbox 109 700 1050 784; baseline -0.004 -16"><span class='ocrx_word' id='word_1_10' title='bbox 109 707 182 768; x_wconf 78' lang='lat'><strong>650.</strong></span> <span class='ocrx_word' id='word_1_11' title='bbox 196 705 265 766; x_wconf 83' lang='grc' dir='ltr'>-Ι,</span> <span class='ocrx_word' id='word_1_12' title='bbox 287 703 332 764; x_wconf 87' lang='lat' dir='ltr'>De</span> <span class='ocrx_word' id='word_1_13' title='bbox 344 701 448 763; x_wconf 78' lang='lat' dir='ltr'>halitu</span> <span class='ocrx_word' id='word_1_14' title='bbox 461 700 603 761; x_wconf 84' lang='lat' dir='ltr'>clericuli.</span> <span class='ocrx_word' id='word_1_15' title='bbox 628 701 769 783; x_wconf 84' lang='lat' dir='ltr'>Quinque</span> <span class='ocrx_word' id='word_1_16' title='bbox 781 703 933 784; x_wconf 81' lang='lat' dir='ltr'>prioribus</span> <span class='ocrx_word' id='word_1_17' title='bbox 942 703 1050 764; x_wconf 86' lang='lat' dir='ltr'>Eccle-</span> 
     </span>
     <span class='ocr_line' id='line_1_5' title="bbox 68 789 1053 870; baseline -0.004 -14"><span class='ocrx_word' id='word_1_18' title='bbox 68 804 124 856; x_wconf 87' lang='lat' dir='ltr'>siae</span> <span class='ocrx_word' id='word_1_19' title='bbox 151 791 286 863; x_wconf 84' lang='lat' dir='ltr'>saeculis,</span> <span class='ocrx_word' id='word_1_20' title='bbox 312 791 497 870; x_wconf 83' lang='lat' dir='ltr'>discrepasse</span> <span class='ocrx_word' id='word_1_21' title='bbox 517 807 578 850; x_wconf 89' lang='lat' dir='ltr'>nnn</span> <span class='ocrx_word' id='word_1_22' title='bbox 604 789 758 852; x_wconf 80' lang='lat' dir='ltr'>videturt</span> <span class='ocrx_word' id='word_1_23' title='bbox 783 792 879 854; x_wconf 84' lang='lat' dir='ltr'>laicali</span> <span class='ocrx_word' id='word_1_24' title='bbox 907 791 1053 854; x_wconf 87' lang='lat' dir='ltr'>clericalis</span> 
     </span>
     <span class='ocr_line' id='line_1_6' title="bbox 69 879 1051 960; baseline -0.004 -17"><span class='ocrx_word' id='word_1_25' title='bbox 69 881 218 943; x_wconf 88' lang='lat' dir='ltr'>habitus:</span> <span class='ocrx_word' id='word_1_26' title='bbox 244 881 288 942; x_wconf 88' lang='lat' dir='ltr'>sic</span> <span class='ocrx_word' id='word_1_27' title='bbox 310 879 413 956; x_wconf 82' lang='lat' dir='ltr'>enim,</span> <span class='ocrx_word' id='word_1_28' title='bbox 440 896 521 938; x_wconf 91' lang='lat' dir='ltr'>anno</span> <span class='ocrx_word' id='word_1_29' title='bbox 544 882 618 954; x_wconf 72' lang='lat' dir='ltr'>l28‚</span> <span class='ocrx_word' id='word_1_30' title='bbox 647 879 728 960; x_wconf 89' lang='lat' dir='ltr'>Papa</span> <span class='ocrx_word' id='word_1_31' title='bbox 747 880 923 942; x_wconf 83' lang='lat' dir='ltr'>Caelestinus</span> <span class='ocrx_word' id='word_1_32' title='bbox 937 883 965 950; x_wconf 80' lang='grc' dir='ltr'>Ι,</span> <span class='ocrx_word' id='word_1_33' title='bbox 982 879 1051 940; x_wconf 89' lang='lat' dir='ltr'>sori-</span> 
     </span>
     <span class='ocr_line' id='line_1_7' title="bbox 70 966 1050 1048; baseline -0.003 -17"><span class='ocrx_word' id='word_1_34' title='bbox 70 969 176 1031; x_wconf 93' lang='lat' dir='ltr'>bendo</span> <span class='ocrx_word' id='word_1_35' title='bbox 189 967 227 1029; x_wconf 92' lang='lat' dir='ltr'>ad</span> <span class='ocrx_word' id='word_1_36' title='bbox 241 968 407 1048; x_wconf 81' lang='lat' dir='ltr'>Episcopos</span> <span class='ocrx_word' id='word_1_37' title='bbox 419 966 580 1047; x_wconf 87' lang='lat' dir='ltr'>provinciae</span> <span class='ocrx_word' id='word_1_38' title='bbox 599 966 778 1029; x_wconf 82' lang='lat' dir='ltr'>Viennensis</span> <span class='ocrx_word' id='word_1_39' title='bbox 793 974 823 1030; x_wconf 92' lang='lat' dir='ltr'>et</span> <span class='ocrx_word' id='word_1_40' title='bbox 836 969 1050 1044; x_wconf 66' lang='lat' dir='ltr'>Narbonensis</span> 
     </span>
     <span class='ocr_line' id='line_1_8' title="bbox 71 1055 1051 1140; baseline -0.006 -19"><span class='ocrx_word' id='word_1_41' title='bbox 71 1057 225 1140; x_wconf 85' lang='lat' dir='ltr'>quosdam</span> <span class='ocrx_word' id='word_1_42' title='bbox 249 1055 419 1118; x_wconf 82' lang='lat' dir='ltr'>sacerdotes</span> <span class='ocrx_word' id='word_1_43' title='bbox 439 1057 599 1134; x_wconf 87' lang='lat' dir='ltr'>arguebat,</span> <span class='ocrx_word' id='word_1_44' title='bbox 625 1055 698 1135; x_wconf 81' lang='lat' dir='ltr'>qui,</span> <span class='ocrx_word' id='word_1_45' title='bbox 727 1058 832 1120; x_wconf 88' lang='lat' dir='ltr'>relicto</span> <span class='ocrx_word' id='word_1_46' title='bbox 846 1057 950 1119; x_wconf 87' lang='lat' dir='ltr'>habitu</span> <span class='ocrx_word' id='word_1_47' title='bbox 968 1075 1051 1118; x_wconf 89' lang='lat' dir='ltr'>com·</span> 
     </span>
    </p>
   </div>
   <div class='ocr_carea' id='block_1_5' title="bbox 71 1143 1167 1226">
    <p class='ocr_par' dir='ltr' id='par_1_5' title="bbox 71 1143 1167 1226">
     <span class='ocr_line' id='line_1_9' title="bbox 71 1143 1167 1226; baseline -0.003 -19"><span class='ocrx_word' id='word_1_48' title='bbox 71 1145 179 1218; x_wconf 92' lang='lat' dir='ltr'>muni,</span> <span class='ocrx_word' id='word_1_49' title='bbox 193 1144 323 1226; x_wconf 80' lang='lat' dir='ltr'>pallium</span> <span class='ocrx_word' id='word_1_50' title='bbox 336 1150 561 1223; x_wconf 82' lang='lat' dir='ltr'>assumpserant</span> <span class='ocrx_word' id='word_1_51' title='bbox 575 1143 762 1225; x_wconf 92' lang='lat' dir='ltr'>philosophis</span> <span class='ocrx_word' id='word_1_52' title='bbox 776 1146 947 1226; x_wconf 88' lang='lat' dir='ltr'>proprium:</span> <span class='ocrx_word' id='word_1_53' title='bbox 969 1166 984 1203; x_wconf 84' lang='lat' dir='ltr'>u</span> <span class='ocrx_word' id='word_1_54' title='bbox 994 1145 1055 1204; x_wconf 88' lang='lat' dir='ltr'>Dis·</span> <span class='ocrx_word' id='word_1_55' title='bbox 1164 1145 1167 1150; x_wconf 85' lang='lat'>&#39;</span> 
     </span>
    </p>
   </div>
   <div class='ocr_carea' id='block_1_6' title="bbox 73 1232 1104 3532">
    <p class='ocr_par' dir='ltr' id='par_1_6' title="bbox 75 1232 1054 1403">
     <span class='ocr_line' id='line_1_10' title="bbox 75 1232 1054 1312; baseline 0 -19"><span class='ocrx_word' id='word_1_56' title='bbox 75 1256 92 1293; x_wconf 81' lang='lat' dir='ltr'>c</span> <span class='ocrx_word' id='word_1_57' title='bbox 114 1232 260 1295; x_wconf 87' lang='lat' dir='ltr'>cernendi</span> <span class='ocrx_word' id='word_1_58' title='bbox 276 1235 293 1294; x_wconf 80' lang='lat' dir='ltr'>a</span> <span class='ocrx_word' id='word_1_59' title='bbox 307 1232 395 1312; x_wconf 89' lang='lat' dir='ltr'>plebe</span> <span class='ocrx_word' id='word_1_60' title='bbox 408 1232 453 1293; x_wconf 92' lang='lat' dir='ltr'>vel</span> <span class='ocrx_word' id='word_1_61' title='bbox 468 1232 583 1293; x_wconf 90' lang='lat' dir='ltr'>caeteris</span> <span class='ocrx_word' id='word_1_62' title='bbox 600 1251 705 1294; x_wconf 91' lang='lat' dir='ltr'>sumus</span> <span class='ocrx_word' id='word_1_63' title='bbox 721 1233 868 1310; x_wconf 70' lang='lat' dir='ltr'>doctrine,</span> <span class='ocrx_word' id='word_1_64' title='bbox 886 1253 947 1295; x_wconf 92' lang='lat' dir='ltr'>non</span> <span class='ocrx_word' id='word_1_65' title='bbox 963 1241 1054 1305; x_wconf 60' lang='lat' dir='ltr'>vestu·</span> 
     </span>
     <span class='ocr_line' id='line_1_11' title="bbox 77 1321 1053 1403; baseline -0.003 -21"><span class='ocrx_word' id='word_1_66' title='bbox 77 1346 93 1382; x_wconf 81' lang='lat' dir='ltr'>u</span> <span class='ocrx_word' id='word_1_67' title='bbox 114 1323 346 1398; x_wconf 77' lang='lat' dir='ltr'>conuersatione,</span> <span class='ocrx_word' id='word_1_68' title='bbox 360 1340 417 1381; x_wconf 84' lang='lat' dir='ltr'>non</span> <span class='ocrx_word' id='word_1_69' title='bbox 431 1321 553 1390; x_wconf 71' lang='lat' dir='ltr'>lubitu:</span> <span class='ocrx_word' id='word_1_70' title='bbox 567 1321 671 1382; x_wconf 83' lang='lat' dir='ltr'>mentis</span> <span class='ocrx_word' id='word_1_71' title='bbox 689 1324 838 1403; x_wconf 79' lang='lat' dir='ltr'>puritate,</span> <span class='ocrx_word' id='word_1_72' title='bbox 855 1343 911 1382; x_wconf 83' lang='lat' dir='ltr'>non</span> <span class='ocrx_word' id='word_1_73' title='bbox 928 1323 1008 1383; x_wconf 82' lang='lat' dir='ltr'>cultu</span> <span class='ocrx_word' id='word_1_74' title='bbox 1023 1342 1053 1380; x_wconf 82' lang='lat' dir='ltr'>a.</span> 
     </span>
    </p>

    <p class='ocr_par' dir='ltr' id='par_1_7' title="bbox 73 1409 1056 1932">
     <span class='ocr_line' id='line_1_12' title="bbox 115 1409 1053 1490; baseline -0.004 -18"><span class='ocrx_word' id='word_1_75' title='bbox 115 1413 189 1472; x_wconf 88' lang='lat' dir='ltr'>lllox</span> <span class='ocrx_word' id='word_1_76' title='bbox 209 1420 310 1472; x_wconf 89' lang='lat' dir='ltr'>lamen</span> <span class='ocrx_word' id='word_1_77' title='bbox 334 1415 492 1490; x_wconf 89' lang='lat' dir='ltr'>coeperunt</span> <span class='ocrx_word' id='word_1_78' title='bbox 514 1410 616 1470; x_wconf 88' lang='lat' dir='ltr'>clerici</span> <span class='ocrx_word' id='word_1_79' title='bbox 636 1409 750 1471; x_wconf 77' lang='lat' dir='ltr'>alaicis</span> <span class='ocrx_word' id='word_1_80' title='bbox 768 1411 900 1471; x_wconf 82' lang='lat' dir='ltr'>discerni</span> <span class='ocrx_word' id='word_1_81' title='bbox 916 1409 1053 1475; x_wconf 84' lang='lat' dir='ltr'>exteriori</span> 
     </span>
     <span class='ocr_line' id='line_1_13' title="bbox 73 1497 1056 1579; baseline -0.005 -18"><span class='ocrx_word' id='word_1_82' title='bbox 73 1499 214 1579; x_wconf 88' lang='lat' dir='ltr'>corporis</span> <span class='ocrx_word' id='word_1_83' title='bbox 238 1500 340 1574; x_wconf 81' lang='lat' dir='ltr'>cultu3</span> <span class='ocrx_word' id='word_1_84' title='bbox 361 1499 474 1558; x_wconf 82' lang='lat' dir='ltr'>etenim</span> <span class='ocrx_word' id='word_1_85' title='bbox 496 1499 527 1558; x_wconf 87' lang='lat' dir='ltr'>S.</span> <span class='ocrx_word' id='word_1_86' title='bbox 554 1499 678 1577; x_wconf 86' lang='lat' dir='ltr'>Gregur.</span> <span class='ocrx_word' id='word_1_87' title='bbox 701 1499 910 1568; x_wconf 81' lang='lat' dir='ltr'>Turonensis,</span> <span class='ocrx_word' id='word_1_88' title='bbox 936 1497 987 1574; x_wconf 89' lang='lat' dir='ltr'>qui</span> <span class='ocrx_word' id='word_1_89' title='bbox 1005 1514 1056 1556; x_wconf 87' lang='lat' dir='ltr'>sae·</span> 
     </span>
     <span class='ocr_line' id='line_1_14' title="bbox 74 1585 1055 1663; baseline -0.007 -12"><span class='ocrx_word' id='word_1_90' title='bbox 74 1588 148 1651; x_wconf 87' lang='lat' dir='ltr'>culo</span> <span class='ocrx_word' id='word_1_91' title='bbox 164 1591 202 1649; x_wconf 91' lang='lat' dir='ltr'>VI</span> <span class='ocrx_word' id='word_1_92' title='bbox 214 1588 304 1663; x_wconf 86' lang='lat' dir='ltr'>vixit,</span> <span class='ocrx_word' id='word_1_93' title='bbox 320 1605 387 1648; x_wconf 90' lang='lat' dir='ltr'>eam</span> <span class='ocrx_word' id='word_1_94' title='bbox 403 1586 600 1648; x_wconf 73' lang='lat' dir='ltr'>mutationem</span> <span class='ocrx_word' id='word_1_95' title='bbox 618 1587 649 1646; x_wconf 92' lang='lat' dir='ltr'>in</span> <span class='ocrx_word' id='word_1_96' title='bbox 664 1586 796 1648; x_wconf 89' lang='lat' dir='ltr'>vestibus</span> <span class='ocrx_word' id='word_1_97' title='bbox 810 1587 992 1647; x_wconf 88' lang='lat' dir='ltr'>clericorum</span> <span class='ocrx_word' id='word_1_98' title='bbox 1007 1585 1055 1644; x_wconf 93' lang='lat' dir='ltr'>in·</span> 
     </span>
     <span class='ocr_line' id='line_1_15' title="bbox 74 1674 1055 1754; baseline -0.007 -15"><span class='ocrx_word' id='word_1_99' title='bbox 74 1677 163 1752; x_wconf 89' lang='lat' dir='ltr'>nuit,</span> <span class='ocrx_word' id='word_1_100' title='bbox 184 1677 215 1737; x_wconf 91' lang='lat' dir='ltr'>in</span> <span class='ocrx_word' id='word_1_101' title='bbox 231 1679 285 1737; x_wconf 77' lang='lat' dir='ltr'>sua</span> <span class='ocrx_word' id='word_1_102' title='bbox 298 1678 484 1736; x_wconf 80' lang='lat' dir='ltr'>Francorum</span> <span class='ocrx_word' id='word_1_103' title='bbox 498 1675 643 1749; x_wconf 73' lang='lat' dir='ltr'>historia,</span> <span class='ocrx_word' id='word_1_104' title='bbox 659 1675 711 1736; x_wconf 78' lang='lat' dir='ltr'>lib,</span> <span class='ocrx_word' id='word_1_105' title='bbox 729 1679 764 1752; x_wconf 81' lang='lat'>3,</span> <span class='ocrx_word' id='word_1_106' title='bbox 780 1693 807 1736; x_wconf 93' lang='lat' dir='ltr'>c.</span> <span class='ocrx_word' id='word_1_107' title='bbox 826 1678 876 1751; x_wconf 77' lang='lat' dir='ltr'>ll,</span> <span class='ocrx_word' id='word_1_108' title='bbox 892 1674 1055 1754; x_wconf 89' lang='lat' dir='ltr'>inquiens:</span> 
     </span>
     <span class='ocr_line' id='line_1_16' title="bbox 79 1761 1056 1844; baseline -0.003 -19"><span class='ocrx_word' id='word_1_109' title='bbox 79 1789 96 1825; x_wconf 77' lang='lat' dir='ltr'>u</span> <span class='ocrx_word' id='word_1_110' title='bbox 118 1765 316 1830; x_wconf 84' lang='lat' dir='ltr'>Merevechus</span> <span class='ocrx_word' id='word_1_111' title='bbox 330 1770 503 1826; x_wconf 85' lang='lat' dir='ltr'>tonsuratus</span> <span class='ocrx_word' id='word_1_112' title='bbox 516 1770 579 1837; x_wconf 91' lang='lat' dir='ltr'>est,</span> <span class='ocrx_word' id='word_1_113' title='bbox 597 1765 772 1844; x_wconf 76' lang='lat' dir='ltr'>mutataque</span> <span class='ocrx_word' id='word_1_114' title='bbox 788 1765 955 1844; x_wconf 68' lang='lat' dir='ltr'>vesteque</span> <span class='ocrx_word' id='word_1_115' title='bbox 969 1761 1056 1823; x_wconf 89' lang='lat' dir='ltr'>cleri·</span> 
     </span>
     <span class='ocr_line' id='line_1_17' title="bbox 80 1851 760 1932; baseline -0.003 -18"><span class='ocrx_word' id='word_1_116' title='bbox 80 1878 96 1914; x_wconf 85' lang='lat'>«</span> <span class='ocrx_word' id='word_1_117' title='bbox 119 1854 165 1916; x_wconf 90' lang='lat' dir='ltr'>cis</span> <span class='ocrx_word' id='word_1_118' title='bbox 176 1853 219 1915; x_wconf 87' lang='lat' dir='ltr'>uti</span> <span class='ocrx_word' id='word_1_119' title='bbox 234 1871 299 1914; x_wconf 93' lang='lat' dir='ltr'>mos</span> <span class='ocrx_word' id='word_1_120' title='bbox 312 1858 356 1915; x_wconf 88' lang='lat' dir='ltr'>est</span> <span class='ocrx_word' id='word_1_121' title='bbox 368 1900 376 1928; x_wconf 85' lang='lat'><strong>‚</strong></span> <span class='ocrx_word' id='word_1_122' title='bbox 390 1852 546 1932; x_wconf 86' lang='lat' dir='ltr'>presbyter</span> <span class='ocrx_word' id='word_1_123' title='bbox 561 1851 717 1913; x_wconf 85' lang='lat' dir='ltr'>ordinatur</span> <span class='ocrx_word' id='word_1_124' title='bbox 728 1873 760 1912; x_wconf 83' lang='lat' dir='ltr'>u.</span> 
     </span>
    </p>

    <p class='ocr_par' dir='ltr' id='par_1_8' title="bbox 75 1939 1058 2375">
     <span class='ocr_line' id='line_1_18' title="bbox 120 1939 1058 2022; baseline -0.004 -18"><span class='ocrx_word' id='word_1_125' title='bbox 120 1943 206 2004; x_wconf 91' lang='lat' dir='ltr'>Idem</span> <span class='ocrx_word' id='word_1_126' title='bbox 231 1947 327 2022; x_wconf 86' lang='lat' dir='ltr'>potest</span> <span class='ocrx_word' id='word_1_127' title='bbox 349 1941 448 2020; x_wconf 75' lang='lat' dir='ltr'>colligi</span> <span class='ocrx_word' id='word_1_128' title='bbox 470 1959 525 2020; x_wconf 91' lang='lat' dir='ltr'>pro</span> <span class='ocrx_word' id='word_1_129' title='bbox 549 1940 684 2002; x_wconf 76' lang='lat' dir='ltr'>Ecclesia</span> <span class='ocrx_word' id='word_1_130' title='bbox 710 1939 855 2002; x_wconf 73' lang='lat' dir='ltr'>Orientali</span> <span class='ocrx_word' id='word_1_131' title='bbox 876 1958 913 2001; x_wconf 84' lang='lat' dir='ltr'>ex</span> <span class='ocrx_word' id='word_1_132' title='bbox 936 1939 1058 2020; x_wconf 88' lang='lat' dir='ltr'>Synodo</span> 
     </span>
     <span class='ocr_line' id='line_1_19' title="bbox 75 2028 1057 2111; baseline -0.007 -15"><span class='ocrx_word' id='word_1_133' title='bbox 75 2031 225 2096; x_wconf 78' lang='lat' dir='ltr'>Trullana</span> <span class='ocrx_word' id='word_1_134' title='bbox 237 2029 308 2090; x_wconf 92' lang='lat' dir='ltr'>anni</span> <span class='ocrx_word' id='word_1_135' title='bbox 324 2033 402 2090; x_wconf 85' lang='lat'><strong>688:</strong></span> <span class='ocrx_word' id='word_1_136' title='bbox 422 2029 555 2090; x_wconf 89' lang='lat' dir='ltr'>«Nullus</span> <span class='ocrx_word' id='word_1_137' title='bbox 570 2047 676 2091; x_wconf 90' lang='lat' dir='ltr'>eorum</span> <span class='ocrx_word' id='word_1_138' title='bbox 691 2030 743 2111; x_wconf 91' lang='lat' dir='ltr'>qui</span> <span class='ocrx_word' id='word_1_139' title='bbox 759 2031 791 2091; x_wconf 95' lang='lat' dir='ltr'>in</span> <span class='ocrx_word' id='word_1_140' title='bbox 807 2028 879 2091; x_wconf 85' lang='lat' dir='ltr'>cleri</span> <span class='ocrx_word' id='word_1_141' title='bbox 889 2029 1057 2108; x_wconf 82' lang='lat' dir='ltr'>catalogum</span> 
     </span>
     <span class='ocr_line' id='line_1_20' title="bbox 82 2117 1054 2192; baseline -0.004 -12"><span class='ocrx_word' id='word_1_142' title='bbox 82 2145 97 2180; x_wconf 80' lang='lat' dir='ltr'>u</span> <span class='ocrx_word' id='word_1_143' title='bbox 121 2119 208 2181; x_wconf 89' lang='lat' dir='ltr'>relali</span> <span class='ocrx_word' id='word_1_144' title='bbox 235 2125 322 2192; x_wconf 86' lang='lat' dir='ltr'>sunt,</span> <span class='ocrx_word' id='word_1_145' title='bbox 338 2123 451 2179; x_wconf 87' lang='lat' dir='ltr'>vestem</span> <span class='ocrx_word' id='word_1_146' title='bbox 471 2117 527 2178; x_wconf 93' lang='lat' dir='ltr'>sibi</span> <span class='ocrx_word' id='word_1_147' title='bbox 553 2136 614 2178; x_wconf 93' lang='lat' dir='ltr'>non</span> <span class='ocrx_word' id='word_1_148' title='bbox 638 2119 869 2180; x_wconf 82' lang='lat' dir='ltr'>convenientem</span> <span class='ocrx_word' id='word_1_149' title='bbox 893 2117 1054 2192; x_wconf 80' lang='lat' dir='ltr'>induat...;</span> 
     </span>
     <span class='ocr_line' id='line_1_21' title="bbox 81 2204 1058 2287; baseline -0.007 -16"><span class='ocrx_word' id='word_1_150' title='bbox 81 2233 99 2270; x_wconf 81' lang='lat' dir='ltr'>u</span> <span class='ocrx_word' id='word_1_151' title='bbox 121 2209 176 2271; x_wconf 92' lang='lat' dir='ltr'>sed</span> <span class='ocrx_word' id='word_1_152' title='bbox 190 2213 290 2268; x_wconf 87' lang='lat' dir='ltr'>utatur</span> <span class='ocrx_word' id='word_1_153' title='bbox 303 2205 434 2267; x_wconf 83' lang='lat' dir='ltr'>uestibus</span> <span class='ocrx_word' id='word_1_154' title='bbox 450 2223 518 2285; x_wconf 84' lang='lat' dir='ltr'>quae</span> <span class='ocrx_word' id='word_1_155' title='bbox 530 2206 599 2279; x_wconf 85' lang='lat' dir='ltr'>eis,</span> <span class='ocrx_word' id='word_1_156' title='bbox 619 2206 671 2287; x_wconf 90' lang='lat' dir='ltr'>qui</span> <span class='ocrx_word' id='word_1_157' title='bbox 686 2206 717 2267; x_wconf 93' lang='lat' dir='ltr'>in</span> <span class='ocrx_word' id='word_1_158' title='bbox 737 2207 854 2267; x_wconf 89' lang='lat' dir='ltr'>elerum</span> <span class='ocrx_word' id='word_1_159' title='bbox 868 2204 953 2266; x_wconf 90' lang='lat' dir='ltr'>relati</span> <span class='ocrx_word' id='word_1_160' title='bbox 968 2211 1058 2280; x_wconf 78' lang='lat' dir='ltr'>sunt,</span> 
     </span>
     <span class='ocr_line' id='line_1_22' title="bbox 82 2293 602 2375; baseline -0.006 -17"><span class='ocrx_word' id='word_1_161' title='bbox 82 2322 99 2358; x_wconf 77' lang='lat' dir='ltr'>a</span> <span class='ocrx_word' id='word_1_162' title='bbox 122 2296 272 2360; x_wconf 83' lang='lat' dir='ltr'>attributae</span> <span class='ocrx_word' id='word_1_163' title='bbox 287 2295 381 2356; x_wconf 78' lang='lat' dir='ltr'>luere.</span> <span class='ocrx_word' id='word_1_164' title='bbox 397 2315 412 2353; x_wconf 83' lang='lat' dir='ltr'>u</span> <span class='ocrx_word' id='word_1_165' title='bbox 433 2293 518 2375; x_wconf 84' lang='lat' dir='ltr'>(Can.</span> <span class='ocrx_word' id='word_1_166' title='bbox 537 2295 602 2375; x_wconf 76' lang='lat'><strong>27.)</strong></span> 
     </span>
    </p>

    <p class='ocr_par' dir='ltr' id='par_1_9' title="bbox 79 2382 1104 2984">
     <span class='ocr_line' id='line_1_23' title="bbox 122 2382 1060 2463; baseline -0.004 -15"><span class='ocrx_word' id='word_1_167' title='bbox 122 2384 268 2448; x_wconf 92' lang='lat' dir='ltr'>Nondum</span> <span class='ocrx_word' id='word_1_168' title='bbox 282 2390 396 2457; x_wconf 85' lang='lat' dir='ltr'>tamen,</span> <span class='ocrx_word' id='word_1_169' title='bbox 411 2383 497 2463; x_wconf 85' lang='lat' dir='ltr'>juxta</span> <span class='ocrx_word' id='word_1_170' title='bbox 510 2382 756 2458; x_wconf 74' lang='lat' dir='ltr'>Thomassinum</span> <span class='ocrx_word' id='word_1_171' title='bbox 772 2384 885 2457; x_wconf 90' lang='lat' dir='ltr'>colore,</span> <span class='ocrx_word' id='word_1_172' title='bbox 900 2382 952 2445; x_wconf 88' lang='lat' dir='ltr'>sed</span> <span class='ocrx_word' id='word_1_173' title='bbox 965 2382 1060 2444; x_wconf 76' lang='lat' dir='ltr'>torma</span> 
     </span>
     <span class='ocr_line' id='line_1_24' title="bbox 79 2471 1061 2552; baseline -0.008 -13"><span class='ocrx_word' id='word_1_174' title='bbox 79 2475 204 2539; x_wconf 76' lang='lat' dir='ltr'>lantum</span> <span class='ocrx_word' id='word_1_175' title='bbox 227 2472 437 2552; x_wconf 85' lang='lat' dir='ltr'>discrepabant</span> <span class='ocrx_word' id='word_1_176' title='bbox 462 2473 478 2532; x_wconf 81' lang='lat' dir='ltr'>a</span> <span class='ocrx_word' id='word_1_177' title='bbox 504 2471 658 2533; x_wconf 83' lang='lat' dir='ltr'>laicalibus</span> <span class='ocrx_word' id='word_1_178' title='bbox 676 2471 796 2534; x_wconf 89' lang='lat' dir='ltr'>habitus</span> <span class='ocrx_word' id='word_1_179' title='bbox 819 2471 982 2534; x_wconf 87' lang='lat' dir='ltr'>clericales.</span> <span class='ocrx_word' id='word_1_180' title='bbox 1012 2471 1061 2532; x_wconf 89' lang='lat' dir='ltr'>Isti</span> 
     </span>
     <span class='ocr_line' id='line_1_25' title="bbox 80 2559 1064 2641; baseline -0.007 -13"><span class='ocrx_word' id='word_1_181' title='bbox 80 2565 168 2628; x_wconf 92' lang='lat' dir='ltr'>enim</span> <span class='ocrx_word' id='word_1_182' title='bbox 194 2567 281 2623; x_wconf 90' lang='lat' dir='ltr'>erant</span> <span class='ocrx_word' id='word_1_183' title='bbox 306 2561 451 2641; x_wconf 82' lang='lat' dir='ltr'>oblongi,</span> <span class='ocrx_word' id='word_1_184' title='bbox 480 2559 517 2621; x_wconf 95' lang='lat' dir='ltr'>ad</span> <span class='ocrx_word' id='word_1_185' title='bbox 541 2561 617 2622; x_wconf 88' lang='lat' dir='ltr'>talos</span> <span class='ocrx_word' id='word_1_186' title='bbox 636 2577 733 2632; x_wconf 80' lang='lat' dir='ltr'>uscue</span> <span class='ocrx_word' id='word_1_187' title='bbox 756 2561 819 2622; x_wconf 80' lang='lat' dir='ltr'>lere</span> <span class='ocrx_word' id='word_1_188' title='bbox 848 2559 1005 2640; x_wconf 88' lang='lat' dir='ltr'>producti,</span> <span class='ocrx_word' id='word_1_189' title='bbox 1030 2565 1064 2621; x_wconf 89' lang='lat' dir='ltr'>ut</span> 
     </span>
     <span class='ocr_line' id='line_1_26' title="bbox 81 2651 1064 2732; baseline -0.007 -14"><span class='ocrx_word' id='word_1_190' title='bbox 81 2651 195 2718; x_wconf 86' lang='lat' dir='ltr'>deduci</span> <span class='ocrx_word' id='word_1_191' title='bbox 208 2669 294 2732; x_wconf 91' lang='lat' dir='ltr'>posse</span> <span class='ocrx_word' id='word_1_192' title='bbox 308 2651 427 2712; x_wconf 87' lang='lat' dir='ltr'>videtur</span> <span class='ocrx_word' id='word_1_193' title='bbox 438 2668 474 2711; x_wconf 83' lang='lat' dir='ltr'>ex</span> <span class='ocrx_word' id='word_1_194' title='bbox 485 2651 573 2711; x_wconf 87' lang='lat' dir='ltr'>variis</span> <span class='ocrx_word' id='word_1_195' title='bbox 583 2651 744 2712; x_wconf 83' lang='lat' dir='ltr'>Conciliis:</span> <span class='ocrx_word' id='word_1_196' title='bbox 760 2651 910 2730; x_wconf 89' lang='lat' dir='ltr'>siquidem</span> <span class='ocrx_word' id='word_1_197' title='bbox 920 2655 1064 2713; x_wconf 88' lang='lat' dir='ltr'>vocantur</span> 
     </span>
     <span class='ocr_line' id='line_1_27' title="bbox 84 2739 1104 2818; baseline -0.006 -11"><span class='ocrx_word' id='word_1_198' title='bbox 84 2744 188 2806; x_wconf 79' lang='lat' dir='ltr'>tunica</span> <span class='ocrx_word' id='word_1_199' title='bbox 209 2739 398 2802; x_wconf 80' lang='lat' dir='ltr'>sacerdotalis</span> <span class='ocrx_word' id='word_1_200' title='bbox 416 2740 433 2800; x_wconf 76' lang='lat' dir='ltr'>a</span> <span class='ocrx_word' id='word_1_201' title='bbox 449 2740 571 2818; x_wconf 87' lang='lat' dir='ltr'>Synodo</span> <span class='ocrx_word' id='word_1_202' title='bbox 592 2741 729 2800; x_wconf 65' lang='lat' dir='ltr'>Romana</span> <span class='ocrx_word' id='word_1_203' title='bbox 743 2739 816 2802; x_wconf 91' lang='lat' dir='ltr'>anni</span> <span class='ocrx_word' id='word_1_204' title='bbox 836 2741 916 2816; x_wconf 72' lang='lat'>743,</span> <span class='ocrx_word' id='word_1_205' title='bbox 932 2740 1064 2802; x_wconf 73' lang='lat' dir='ltr'>cuculae</span> <span class='ocrx_word' id='word_1_206' title='bbox 1102 2807 1104 2811; x_wconf 60' lang='grc'>,</span> 
     </span>
     <span class='ocr_line' id='line_1_28' title="bbox 83 2827 1066 2914; baseline -0.005 -19"><span class='ocrx_word' id='word_1_207' title='bbox 83 2830 212 2914; x_wconf 81' lang='lat' dir='ltr'>Synodo</span> <span class='ocrx_word' id='word_1_208' title='bbox 234 2827 431 2911; x_wconf 74' lang='lat' dir='ltr'>leptinensi*</span> <span class='ocrx_word' id='word_1_209' title='bbox 454 2827 591 2909; x_wconf 87' lang='lat' dir='ltr'>ejusdem</span> <span class='ocrx_word' id='word_1_210' title='bbox 612 2828 708 2890; x_wconf 89' lang='lat' dir='ltr'>anni:</span> <span class='ocrx_word' id='word_1_211' title='bbox 731 2847 800 2911; x_wconf 87' lang='lat' dir='ltr'>quae</span> <span class='ocrx_word' id='word_1_212' title='bbox 820 2836 957 2910; x_wconf 85' lang='lat' dir='ltr'>utraeque</span> <span class='ocrx_word' id='word_1_213' title='bbox 980 2835 1066 2891; x_wconf 89' lang='lat' dir='ltr'>erant</span> 
     </span>
     <span class='ocr_line' id='line_1_29' title="bbox 82 2918 923 2984; baseline -0.02 1"><span class='ocrx_word' id='word_1_214' title='bbox 82 2918 312 2984; x_wconf 86' lang='lat' dir='ltr'>vestestalares.</span> <span class='ocrx_word' id='word_1_215' title='bbox 921 2976 923 2980; x_wconf 52' lang='grc'>,</span> 
     </span>
    </p>

    <p class='ocr_par' dir='ltr' id='par_1_10' title="bbox 85 3003 1065 3248">
     <span class='ocr_line' id='line_1_30' title="bbox 133 3003 1064 3088; baseline -0.005 -16"><span class='ocrx_word' id='word_1_216' title='bbox 133 3009 168 3072; x_wconf 94' lang='lat' dir='ltr'>ln</span> <span class='ocrx_word' id='word_1_217' title='bbox 191 3003 337 3085; x_wconf 90' lang='lat' dir='ltr'>capitulis</span> <span class='ocrx_word' id='word_1_218' title='bbox 354 3003 479 3067; x_wconf 82' lang='lat' dir='ltr'>Martini</span> <span class='ocrx_word' id='word_1_219' title='bbox 499 3007 623 3079; x_wconf 77' lang='lat' dir='ltr'>Bramr,</span> <span class='ocrx_word' id='word_1_220' title='bbox 648 3024 764 3068; x_wconf 88' lang='lat' dir='ltr'>canone</span> <span class='ocrx_word' id='word_1_221' title='bbox 792 3006 981 3088; x_wconf 87' lang='lat' dir='ltr'>penultimo,</span> <span class='ocrx_word' id='word_1_222' title='bbox 1003 3006 1064 3067; x_wconf 90' lang='lat' dir='ltr'>dis·</span> 
     </span>
     <span class='ocr_line' id='line_1_31' title="bbox 85 3093 1065 3172; baseline -0.004 -14"><span class='ocrx_word' id='word_1_223' title='bbox 85 3099 174 3158; x_wconf 88' lang='lat' dir='ltr'>linct.</span> <span class='ocrx_word' id='word_1_224' title='bbox 204 3096 255 3167; x_wconf 75' lang='lat'>23,</span> <span class='ocrx_word' id='word_1_225' title='bbox 279 3094 424 3172; x_wconf 85' lang='lat' dir='ltr'>jubentur</span> <span class='ocrx_word' id='word_1_226' title='bbox 449 3093 580 3156; x_wconf 85' lang='lat' dir='ltr'>clerici:</span> <span class='ocrx_word' id='word_1_227' title='bbox 608 3093 772 3158; x_wconf 74' lang='lat' dir='ltr'>Secundum</span> <span class='ocrx_word' id='word_1_228' title='bbox 794 3096 919 3168; x_wconf 83' lang='lat' dir='ltr'>Aaron,</span> <span class='ocrx_word' id='word_1_229' title='bbox 941 3093 1065 3155; x_wconf 82' lang='lat' dir='ltr'>talarem</span> 
     </span>
     <span class='ocr_line' id='line_1_32' title="bbox 85 3182 337 3248; baseline -0.008 0"><span class='ocrx_word' id='word_1_230' title='bbox 85 3193 193 3248; x_wconf 76' lang='lat' dir='ltr'>cesten</span> <span class='ocrx_word' id='word_1_231' title='bbox 207 3182 337 3246; x_wconf 71' lang='lat' dir='ltr'>indum.</span> 
     </span>
    </p>

    <p class='ocr_par' dir='ltr' id='par_1_11' title="bbox 87 3270 1066 3532">
     <span class='ocr_line' id='line_1_33' title="bbox 130 3270 1066 3354; baseline -0.004 -19"><span class='ocrx_word' id='word_1_232' title='bbox 130 3275 158 3335; x_wconf 84' lang='lat' dir='ltr'>A</span> <span class='ocrx_word' id='word_1_233' title='bbox 170 3279 306 3354; x_wconf 86' lang='lat' dir='ltr'>tempore</span> <span class='ocrx_word' id='word_1_234' title='bbox 320 3277 421 3335; x_wconf 90' lang='lat' dir='ltr'>aulem</span> <span class='ocrx_word' id='word_1_235' title='bbox 435 3272 560 3334; x_wconf 84' lang='lat' dir='ltr'>Concilii</span> <span class='ocrx_word' id='word_1_236' title='bbox 574 3271 762 3347; x_wconf 83' lang='lat' dir='ltr'>Tridentini,</span> <span class='ocrx_word' id='word_1_237' title='bbox 776 3270 973 3336; x_wconf 89' lang='lat' dir='ltr'>Provincialia</span> <span class='ocrx_word' id='word_1_238' title='bbox 986 3272 1066 3332; x_wconf 76' lang='lat' dir='ltr'>Gon·</span> 
     </span>
     <span class='ocr_line' id='line_1_34' title="bbox 87 3359 1066 3443; baseline -0.006 -17"><span class='ocrx_word' id='word_1_239' title='bbox 87 3362 159 3426; x_wconf 87' lang='lat' dir='ltr'>cilia</span> <span class='ocrx_word' id='word_1_240' title='bbox 173 3360 236 3423; x_wconf 78' lang='lat' dir='ltr'>fere</span> <span class='ocrx_word' id='word_1_241' title='bbox 253 3378 358 3424; x_wconf 84' lang='lat' dir='ltr'>omnia</span> <span class='ocrx_word' id='word_1_242' title='bbox 379 3361 534 3423; x_wconf 73' lang='lat' dir='ltr'>«clericos</span> <span class='ocrx_word' id='word_1_243' title='bbox 552 3360 719 3441; x_wconf 88' lang='lat' dir='ltr'>adegerunt</span> <span class='ocrx_word' id='word_1_244' title='bbox 736 3361 775 3422; x_wconf 90' lang='lat' dir='ltr'>ad</span> <span class='ocrx_word' id='word_1_245' title='bbox 798 3359 974 3443; x_wconf 84' lang='lat' dir='ltr'>gestandam</span> <span class='ocrx_word' id='word_1_246' title='bbox 996 3378 1066 3421; x_wconf 84' lang='lat' dir='ltr'>ves-</span> 
     </span>
     <span class='ocr_line' id='line_1_35' title="bbox 91 3447 1066 3532; baseline -0.005 -18"><span class='ocrx_word' id='word_1_247' title='bbox 91 3474 109 3514; x_wconf 74' lang='lat'>«</span> <span class='ocrx_word' id='word_1_248' title='bbox 129 3456 194 3514; x_wconf 84' lang='lat' dir='ltr'>lem</span> <span class='ocrx_word' id='word_1_249' title='bbox 207 3450 348 3528; x_wconf 84' lang='lat' dir='ltr'>talarem,</span> <span class='ocrx_word' id='word_1_250' title='bbox 361 3449 525 3531; x_wconf 91' lang='lat' dir='ltr'>etquidem</span> <span class='ocrx_word' id='word_1_251' title='bbox 537 3450 621 3531; x_wconf 72' lang='lat' dir='ltr'>nigri</span> <span class='ocrx_word' id='word_1_252' title='bbox 633 3449 751 3527; x_wconf 79' lang='lat' dir='ltr'>eoloris,</span> <span class='ocrx_word' id='word_1_253' title='bbox 765 3449 803 3512; x_wconf 90' lang='lat' dir='ltr'>ad</span> <span class='ocrx_word' id='word_1_254' title='bbox 819 3467 923 3532; x_wconf 90' lang='lat' dir='ltr'>quem,</span> <span class='ocrx_word' id='word_1_255' title='bbox 940 3454 973 3511; x_wconf 88' lang='lat' dir='ltr'>ut</span> <span class='ocrx_word' id='word_1_256' title='bbox 986 3447 1066 3510; x_wconf 81' lang='lat' dir='ltr'>&#39;lho-</span> 
     </span>
    </p>
   </div>
   <div class='ocr_carea' id='block_1_7' title="bbox 93 3669 1065 3799">
    <p class='ocr_par' dir='ltr' id='par_1_12' title="bbox 93 3669 1065 3799">
     <span class='ocr_line' id='line_1_36' title="bbox 124 3669 1065 3739; baseline -0.006 -13"><span class='ocrx_word' id='word_1_257' title='bbox 124 3675 134 3704; x_wconf 80' lang='lat'><strong><em>⁴</em></strong></span> <span class='ocrx_word' id='word_1_258' title='bbox 151 3673 272 3739; x_wconf 79' lang='lat' dir='ltr'>Leptines,</span> <span class='ocrx_word' id='word_1_259' title='bbox 286 3687 331 3724; x_wconf 82' lang='lat' dir='ltr'>sau</span> <span class='ocrx_word' id='word_1_260' title='bbox 345 3671 469 3738; x_wconf 64' lang='lat' dir='ltr'>diplicet:</span> <span class='ocrx_word' id='word_1_261' title='bbox 487 3690 497 3718; x_wconf 84' lang='grc' dir='ltr'>ι</span> <span class='ocrx_word' id='word_1_262' title='bbox 516 3670 610 3721; x_wconf 86' lang='lat' dir='ltr'>ldaison</span> <span class='ocrx_word' id='word_1_263' title='bbox 623 3671 706 3738; x_wconf 69' lang='lat' dir='ltr'>rogale</span> <span class='ocrx_word' id='word_1_264' title='bbox 717 3686 748 3724; x_wconf 86' lang='lat' dir='ltr'>en</span> <span class='ocrx_word' id='word_1_265' title='bbox 761 3671 879 3723; x_wconf 81' lang='lat' dir='ltr'>Hainault</span> <span class='ocrx_word' id='word_1_266' title='bbox 893 3688 914 3734; x_wconf 71' lang='lat' dir='ltr'>a,</span> <span class='ocrx_word' id='word_1_267' title='bbox 926 3669 995 3736; x_wconf 82' lang='lat' dir='ltr'>juna</span> <span class='ocrx_word' id='word_1_268' title='bbox 1008 3669 1065 3722; x_wconf 68' lang='lat' dir='ltr'>uir</span> 
     </span>
     <span class='ocr_line' id='line_1_37' title="bbox 93 3742 776 3799; baseline -0.007 0"><span class='ocrx_word' id='word_1_269' title='bbox 93 3747 218 3799; x_wconf 78' lang='lat' dir='ltr'>lionuctrc</span> <span class='ocrx_word' id='word_1_270' title='bbox 232 3747 272 3796; x_wconf 80' lang='lat' dir='ltr'>dea</span> <span class='ocrx_word' id='word_1_271' title='bbox 283 3745 389 3796; x_wconf 68' lang='lat' dir='ltr'>suenrus</span> <span class='ocrx_word' id='word_1_272' title='bbox 399 3743 600 3798; x_wconf 66' lang='lat' dir='ltr'>ecclesiastiaca.</span> <span class='ocrx_word' id='word_1_273' title='bbox 613 3743 644 3794; x_wconf 84' lang='lat' dir='ltr'>da</span> <span class='ocrx_word' id='word_1_274' title='bbox 661 3742 776 3794; x_wconf 84' lang='lat' dir='ltr'>Richard.</span> 
     </span>
    </p>
   </div>
   <div class='ocr_carea' id='block_1_8' title="bbox 0 0 1327 4214">
    <p class='ocr_par' dir='ltr' id='par_1_13' title="bbox 0 0 1327 4214">
     <span class='ocr_line' id='line_1_38' title="bbox 0 0 1327 4214; baseline 0 0"><span class='ocrx_word' id='word_1_275' title='bbox 0 0 1327 4214; x_wconf 95' lang='lat' dir='ltr'> </span> 
     </span>
    </p>
   </div>
  </div>
 </body>
</html>
