2616 4228
195 253 234 310 le·
470 263 622 306 cucusum
643 262 725 307 sums
746 261 895 308 canonici.

196 377 277 421 rasse
290 359 370 422 circa
381 358 433 441 jus
450 360 602 439 naturale,
616 367 667 423 aul
685 359 765 422 eirca
779 358 971 441 disciplinam
985 361 1171 442 generalem.

196 445 285 528 Ergo,
301 454 359 511 ele.

234 542 267 598 4⁰
287 537 352 600 Dici
374 537 480 620 nequit
505 557 571 602 esse
591 539 622 601 in
646 542 790 620 potestate
810 536 984 618 principum
1005 547 1058 602 aut
1080 541 1173 605 etiam

197 626 426 708 episcoporum,
441 626 473 690 in
484 626 650 692 Ecclesiam
664 625 835 703 rebellium,
845 625 992 708 impedire
1006 629 1172 708 quominus

194 715 227 778 8.
253 714 390 778 Pontifex
414 721 555 800 procuret
576 715 787 780 executionem
809 714 911 796 legum
933 716 1064 780 maxime
1091 717 1172 782 bono

196 804 667 870 Ecclesiarumnecessariarum.
692 804 786 868 Porrd
809 822 858 866 res
879 803 920 866 ita
939 823 972 867 se
992 805 1128 887 haberet,
1146 811 1172 872 si

197 895 366 958 necessario
389 895 471 976 leges
493 893 657 977 pontificiae
681 893 714 956 in
738 893 864 974 singulis
887 894 1049 974 provinciis
1071 896 1173 977 publi-

195 983 300 1045 candae
313 983 411 1045 forent
436 990 468 1046 ut
480 983 541 1045 vim
555 982 709 1064 obligandi
719 981 900 1044 obtinerent.
916 983 966 1045 Sic
979 983 1050 1046 Pius
1060 986 1099 1046 Vl
1109 1004 1173 1049 non

196 1072 339 1152 potuisset
352 1030 445 1134 danlo

448 1091 498 1136 are
513 1072 763 1135 constitutionem
776 1071 895 1134 civilem
913 1071 991 1133 Cleri
1005 1071 1171 1154 Gallicani,
1288 1075 1289 1136 l

197 1177 253 1222 nec
267 1161 369 1224 LeoX
393 1180 510 1224 errores
530 1161 670 1238 Lutberi3
686 1166 716 1224 et
729 1159 773 1222 sic
786 1159 818 1222 in
837 1160 1006 1223 innumeris
1023 1161 1090 1224 aliis
1108 1163 1172 1227 cir·
1288 1195 1289 1204 κ

195 1251 395 1313 cumstantiis.
412 1251 504 1333 Ergo,
515 1257 573 1314 etc.

235 1341 272 1400 5⁰
289 1338 360 1401 lded
377 1340 462 1418 juxta
484 1339 669 1403 adversarios
689 1339 835 1420 publicari
860 1339 973 1402 debent
994 1339 1026 1402 in
1045 1340 1173 1423 singulis

192 1426 356 1506 provinciis
377 1428 458 1510 leges
472 1428 645 1510 pontificiae,
662 1428 733 1508 quia
752 1427 794 1492 sic
815 1427 957 1490 usitatum
972 1426 1027 1490 luit
1041 1427 1073 1490 in
1087 1432 1173 1510 prio-

198 1514 279 1578 ribus
292 1517 422 1594 saeculis,
438 1522 469 1578 et
482 1517 552 1599 quia
566 1516 708 1592 Ecclesia,
727 1517 881 1578 Novellam
899 1516 1062 1579 iustiniani
1081 1537 1174 1600 supra

190 1604 317 1668 citatam
342 1605 383 1670 [lt
401 1605 491 1688 secter
510 1625 601 1683 novoe,
622 1604 806 1687 approbavit.
828 1605 887 1668 Sed
912 1609 942 1666 1⁰
959 1605 1110 1669 incertum
1129 1615 1174 1670 cst
1289 1617 1290 1624 ³

197 1695 299 1756 utrbm
309 1713 440 1776 semper,
452 1697 484 1758 in
497 1695 647 1777 prioribus
660 1694 789 1772 saeculis,
803 1696 855 1756 SS.
872 1694 1033 1756 Pontifices
1046 1714 1173 1760 curave·
1289 1697 1290 1774 ᾗ

198 1783 256 1843 rint
278 1803 333 1846 sua
355 1785 476 1846 decreta
499 1785 645 1864 publicari
668 1785 698 1844 in
719 1784 845 1865 singulis
869 1783 1032 1863 provinciis
1050 1804 1057 1844 :
1074 1790 1174 1849 textus

192 1871 418 1952 allegati'loqui
441 1874 559 1934 tantum
584 1873 722 1934 videnlur
737 1872 783 1948 ‚de
805 1872 1007 1953 publicatione
1031 1872 1121 1936 locali
1144 1883 1175 1938 et

200 1961 339 2022 astricta.
356 1960 420 2024 lmd
434 1961 550 2023 etiamsi
564 1967 715 2023 constaret
730 1962 782 2023 SS.
797 1960 958 2024 Pontifices
970 1980 1093 2025 curasse
1104 1962 1174 2025 ubi·
1289 1961 1290 1966 ’

191 2065 255 2128 que
268 2049 383 2130 vulgari
399 2069 453 2112 sua
467 2050 597 2125 decreta,
613 2049 803 2131 probandum
820 2056 897 2112 esset
909 2050 1033 2130 insuper
1046 2050 1085 2112 ab
1100 2051 1174 2132 ipsis

198 2136 328 2199 nabitam
346 2138 437 2201 luisse
455 2144 490 2202 ut
509 2139 635 2202 omnino
649 2139 867 2213 necessariam,
884 2138 1057 2218 hujusmodi
1071 2138 1174 2202 divul··

191 2228 360 2304 ,gationern
377 2228 471 2290 Porrd
482 2228 666 2291 contrarium
680 2227 745 2289 erui
755 2245 843 2308 posse
857 2227 973 2289 videtur
983 2246 1021 2288 ex
1035 2227 1175 2308 ipsismet
1230 2247 1234 2254 ·

192 2315 294 2378 serbis
303 2315 401 2380 Sirioii
410 2317 499 2399 Papae
508 2317 545 2378 ad
557 2317 727 2378 Himerium
741 2316 880 2397 Arcbiep.
892 2319 1171 2380 Tarraconensem:

196 2426 217 2465 a
235 2403 272 2467 Et
283 2424 470 2488 quamquam
484 2412 592 2469 statuta
606 2406 691 2470 Sedis
705 2405 899 2486 Apostolicae,
915 2405 1080 2485 inquit....,
1097 2407 1175 2470 nulli

195 2529 211 2560 a
235 2494 427 2557 sacerdotum
437 2495 558 2556 Domini
569 2495 708 2576 ignorare
718 2494 756 2556 sit
766 2493 906 2570 liberum,
917 2493 1020 2556 utilius
1029 2499 1172 2558 tamen...
1290 2513 1291 2516 ’

200 2581 262 2642 «si
277 2600 314 2644 ea
333 2602 402 2663 quae
421 2583 459 2645 ad
479 2590 547 2646 te...
571 2583 692 2663 speciali
716 2583 840 2644 nomine
863 2583 1043 2664 generaliter
1061 2585 1175 2665 scripta
1290 2625 1291 2630 κ

196 2689 212 2723 a
236 2677 317 2748 sunt,
334 2691 388 2753 per
406 2672 613 2736 unanimitatis
627 2678 687 2734 tuae
702 2671 950 2748 sollicitudinem,
967 2671 998 2732 in
1013 2673 1174 2736 universo·

189 2772 210 2804 ·<‘
236 2779 305 2823 rum
323 2760 450 2824 fratrum
471 2768 646 2824 nostrorum
664 2761 801 2824 notitiam
821 2760 1019 2842 perferantur.
1036 2781 1052 2820 r
1071 2761 1131 2824 Sed
1149 2763 1175 2824 si

189 2850 384 2925 necessaria,
408 2857 438 2913 et
462 2869 524 2914 non
550 2851 669 2913 tantiam
689 2850 770 2914 utilis
792 2849 899 2912 luisset
918 2849 1119 2930 promulgatio
1142 2851 1175 2913 in

196 2939 323 3019 singulis
335 2939 527 3016 dioecesibus,
543 2940 668 3002 liberum
677 2939 793 3022 fuisset,
809 2939 909 3022 inquit
921 2941 957 3000 D.
975 2939 1068 3002 Bouix
1084 2937 1173 3022 (ibid.

192 3047 226 3109 p.
241 3031 323 3107 231),
338 3029 535 3090 sacerdotibus
543 3029 664 3092 decreta
677 3029 716 3092 ab
729 3029 865 3092 Himerio
877 3028 1071 3110 propaganda
1085 3029 1176 3110 igno·

195 3135 273 3195 rare,
284 3117 383 3181 donec
394 3118 426 3179 in
440 3118 681 3200 uniuscujusque
697 3119 852 3201 provincia
866 3117 942 3180 lacta
954 3117 1060 3180 luisset
1074 3117 1176 3200 publi·

192 3208 283 3270 catio.
308 3207 392 3269 Idem
412 3208 553 3270 concludi
576 3213 671 3288 potest
691 3225 728 3270 ex
751 3207 877 3289 epistola
895 3205 1007 3269 Zozimi
1027 3205 1117 3288 Papae
1136 3207 1177 3270 ad

193 3297 379 3378 Hesychium
394 3297 580 3380 Episcopum
590 3297 733 3360 Salonen.
747 3297 778 3358 in
793 3295 922 3376 illyrico.

234 3389 269 3446 2⁰
289 3389 351 3449 Nec
361 3388 450 3449 etiam
461 3387 684 3449 demonstratur
694 3387 735 3448 ita
746 3385 905 3468 probatam
914 3384 1006 3449 luisse
1019 3386 1177 3450 Novellam
1290 3363 1291 3398 ἕ

192 3473 356 3536 Justiniani
367 3495 458 3556 supra
472 3478 609 3554 citatam,
625 3483 656 3539 ul
669 3475 764 3556 ipsius
777 3474 1005 3556 dispositionem
1014 3474 1177 3541 observare

193 3559 325 3624 debeant
343 3565 396 3627 SS.
420 3565 601 3643 Pontifices,
623 3566 687 3626 imd
705 3571 788 3647 patet
805 3566 858 3626 SS.
880 3563 1041 3628 Pontifices
1057 3565 1096 3628 ad
1116 3565 1177 3629 boc

196 3668 257 3713 non
276 3653 408 3733 potuisse
425 3672 456 3715 se
475 3654 619 3736 obligare.
636 3655 718 3735 Ergo
736 3672 799 3717 non
818 3653 947 3736 probant
967 3661 1121 3718 momenta
1134 3655 1175 3719 ab

195 3738 370 3803 adversariis
384 3742 482 3806 allata.
