2590 4214
189 291 247 346 482
460 295 610 345 :sensnm
630 275 712 346 sums
733 296 886 349 canumet·

190 405 254 472 tur;
265 413 338 475 ergo
352 394 457 456 saltem
472 396 581 475 quiete
594 397 683 458 licitae
698 401 780 457 sunt.
796 393 878 456 Licet
891 393 956 458 haec
972 397 1129 457 sententia
1141 397 1173 459 S.

191 481 322 564 Lignorii
335 481 529 545 communior
542 483 599 557 sit,
617 482 784 564 «opposita
801 489 904 542 tamen
917 529 925 556 ‚
939 481 1040 564 inquit
1055 483 1174 547 Bened.

196 594 212 631 r
231 573 298 634 XIV
309 570 364 647 (Ile
376 569 508 652 Synodo,
520 571 571 632 lib.
585 575 634 647 ll,
646 590 712 652 cap.
727 574 775 646 l0,
788 573 822 630 n⁰
836 568 880 650 9),
889 569 1008 633 videtur
1019 570 1104 635 certd
1115 572 1177 650 juri

197 681 211 717 e
232 658 436 720 conformior:
449 659 473 720 si
487 658 610 739 quidem
625 659 743 739 allegati
758 676 891 719 canones
904 659 921 719 a
934 659 1101 721 venatione
1120 660 1179 722 cle

201 771 214 805 r
234 748 314 808 ricos
329 753 440 817 arcent,
455 766 524 828 quae
537 767 599 809 non
613 748 716 821 armiS,
727 746 778 808 sed
793 745 866 806 solis
880 746 985 808 avibus
999 747 1178 822 venatoriis,
1219 753 1222 758 '

200 857 215 890 n
235 842 308 914 puta
319 833 436 897 lalcone
450 843 501 898 aut
511 836 669 916 accipitre,
686 855 722 897 ac
737 839 895 915 propterea
907 835 973 896 sint:
985 835 1091 898 ullo...
1108 843 1172 898 stre

201 946 216 979 a
236 923 299 1002 pitu
319 928 496 999 exercetur,
514 923 558 984 uti
579 923 645 984 illos
668 922 778 1003 legenti
799 925 845 982 est
868 921 1065 984 manifestum
1080 944 1112 985 u.
1140 926 1180 986 Ita

198 1010 379 1072 sepedictus
392 1013 469 1073 xtv.

240 1106 391 1186 Quidquid
405 1107 443 1168 de
464 1107 510 1169 his
533 1108 585 1183 sit,
610 1107 748 1184 venatio,
772 1107 864 1168 etiam
884 1107 1075 1184 clamorosa,
1096 1109 1181 1189 iuxta

201 1197 231 1256 S.
247 1194 368 1272 Lignor.
387 1195 449 1274 (lib.
467 1200 499 1264 6,
518 1207 552 1255 n⁰
565 1195 650 1277 606),
668 1215 730 1257 non
744 1201 861 1256 vetatur
875 1195 931 1256 sub
946 1195 1047 1274 gravi,
1067 1196 1128 1258 nisi
1147 1196 1183 1257 sit

202 1281 360 1360 frequens,
372 1287 402 1344 et
413 1283 538 1364 insuper
551 1284 589 1343 sit
602 1301 673 1344 cum
688 1282 847 1356 scandalo,
863 1281 910 1342 vel
920 1281 1043 1361 magnis
1059 1282 1180 1363 impen-

201 1368 252 1430 sis.
268 1371 311 1431 Ita
320 1371 441 1434 Lessius
452 1391 522 1434 cunr
538 1371 603 1432 aliis
617 1371 730 1432 multis.
743 1371 824 1446 lmd,
842 1369 928 1450 juxta
940 1371 1097 1451 Layman,
1118 1371 1185 1432 talis

203 1459 319 1520 venatio
334 1459 419 1521 omni
432 1460 521 1542 culpe
535 1467 637 1537 vacat,
654 1459 677 1520 si
694 1459 731 1521 sit
754 1476 837 1536 rara,
863 1457 1037 1534 moderata,
1061 1459 1108 1521 vel
1135 1459 1185 1520 liat

202 1549 294 1608 causa
308 1549 492 1610 necessitatis
506 1549 553 1610 vel
568 1547 713 1609 exercitii.

245 1645 371 1724 Speciali
383 1647 479 1726 capite
494 1645 608 1708 clericis
622 1645 797 1726 prohibetur
807 1642 927 1706 venatio
939 1663 1009 1724 quae
1025 1645 1123 1708 armis
1135 1645 1183 1706 lit:

205 1731 275 1796 cum
294 1734 331 1794 iis
351 1733 490 1796 illicitum
509 1734 547 1794 sit
574 1751 659 1794 arma
681 1733 808 1794 deterre.
830 1732 967 1793 Piscatio
980 1738 1086 1796 autern
1102 1733 1186 1796 nullo

203 1839 322 1884 canone
336 1822 535 1884 interdicitur.

245 1923 315 1979 644.
333 1952 369 1964 ·-
384 1923 416 1980 2⁰
431 1917 634 1980 racemorum
647 1919 868 1998 frequentatio:
891 1925 926 1981 ut
938 1924 1060 1982 constat
1069 1939 1104 1982 ex
1118 1940 1183 2003 cap.

208 2005 328 2080 Clerici,
341 2007 386 2068 De
399 2006 462 2068 vera
474 2015 501 2066 et
510 2006 620 2066 honest.
634 2053 642 2074 ,
655 2006 815 2086 desumpto
830 2025 864 2068 ex
879 2007 993 2070 Concil.
1011 2009 1111 2070 Later.
1128 2012 1185 2087 IV,

204 2095 257 2156 ubi
269 2096 464 2158 Innocentius
477 2097 515 2154 lll
531 2094 573 2155 sic
584 2094 739 2155 decernit:
758 2095 928 2158 «Clerici...
945 2095 1090 2158 tabernas
1103 2116 1192 2178 pror·

211 2205 226 2242 r
246 2203 297 2245 sus
312 2184 433 2260 evitent,
444 2181 502 2242 nisi
517 2181 592 2243 forte
604 2184 696 2244 coust
711 2183 895 2244 necessitatis
907 2183 938 2244 in
953 2183 1064 2246 itinere
1078 2187 1194 2248 consti·

210 2293 225 2330 a
246 2272 341 2333 tuti.»

126 2425 127 2430 .
244 2379 452 2442 Tabernarum
478 2380 604 2442 nomine
627 2377 804 2456 intelligitur
823 2377 907 2440 locus
930 2374 983 2438 ubi
999 2377 1187 2460 cuicumque

203 2467 388 2542 adventanti,
404 2468 528 2546 vinum,
544 2468 692 2548 liquoreS,
707 2464 778 2542 cibi,
793 2470 864 2543 etc,
880 2463 1066 2543 venduntur,
1082 2466 1187 2548 ibique

203 2563 379 2620 sumuntur.
395 2559 437 2618 lta
451 2555 666 2620 communiter.

245 2663 355 2722 Praeter
383 2663 510 2724 mortale
538 2665 696 2742 peccatum
724 2659 807 2739 quod
831 2658 930 2721 clerici
961 2661 1184 2741 committunt,

91 2779 93 2783 ·
208 2749 417 2810 manducando
429 2749 474 2810 vel
489 2749 622 2824 bibendo
634 2748 665 2810 in
680 2747 814 2809 tabernis
828 2755 910 2810 extra
918 2765 1008 2810 casus
1022 2751 1038 2810 t
1054 2749 1124 2832 lege
1138 2771 1188 2814 ex-

201 2842 318 2916 ceptos,
335 2837 564 2917 suspensionem
582 2835 707 2917 insuper
721 2836 753 2897 in
768 2836 920 2918 plerisque
934 2836 1119 2902 dioecesibus
1136 2841 1185 2902 in-

202 2932 329 2986 currunt
343 2924 408 3008 ipso
419 2925 509 2988 tacto.

245 3035 314 3094 645.
330 3065 370 3078 -
383 3034 416 3093 3⁰
430 3031 573 3094 Alcaeum
588 3032 654 3094 ludi
667 3051 674 3092 :
689 3032 733 3094 sic
746 3031 828 3093 enim
841 3031 953 3094 habent
963 3050 1032 3094 can.
1048 3036 1087 3096 ll
1104 3040 1135 3096 et
1146 3039 1184 3098 ⁴2

205 3121 441 3204 Apostolorum:
458 3143 473 3179 <r
487 3122 655 3202 Episcopus
669 3126 720 3182 aut
735 3120 890 3201 presbyter
903 3128 956 3183 aut
971 3121 1120 3186 diaconus
1131 3126 1183 3207 qui

244 3209 317 3272 eleae
331 3208 475 3290 indulget,
491 3209 677 3271 veldesinito
688 3209 734 3271 vel
749 3209 920 3289 deponitor.
935 3231 950 3270 u

249 3338 264 3374 u
285 3314 494 3376 Subdiaconus
510 3362 518 3389 ,
534 3321 658 3390 cantor,
674 3315 769 3376 lector
784 3316 836 3396 qui
851 3315 1021 3380 consimilia
1035 3317 1123 3396 lacit,
1136 3321 1183 3384 vel

203 3421 223 3453 r«
244 3403 373 3466 desinito
412 3404 457 3464 vel
472 3405 488 3464 a
503 3405 719 3467 commun'one
734 3405 901 3485 seiungitor
913 3425 923 3480 3
937 3405 1075 3468 similiter
1089 3409 1183 3472 etiam

211 3512 225 3548 ι
244 3491 380 3551 laicus.»
398 3492 717 3552 communiterautem
734 3490 921 3557 dicuntDD.
943 3494 1044 3574 quoad
1065 3495 1179 3572 laicos,

208 3575 277 3636 huic
289 3577 398 3638 canoni
412 3578 630 3640 consuetudine
644 3579 822 3660 derogatum
842 3579 935 3644 luisse
950 3628 958 3659 ,
983 3590 1074 3663 prout
1088 3585 1182 3648 etiam

207 3661 304 3740 quoad
319 3663 443 3724 clericos
460 3668 493 3724 in
511 3667 602 3728 sacris
614 3685 676 3728 non
697 3667 874 3730 constitutos
890 3677 920 3730 et
936 3686 998 3731 non
1012 3671 1180 3736 beneficia·

199 3754 260 3803 tos.
