<?xml version="1.0" encoding="UTF-8"?>
<!DOCTYPE html PUBLIC "-//W3C//DTD XHTML 1.0 Transitional//EN"
    "http://www.w3.org/TR/xhtml1/DTD/xhtml1-transitional.dtd">
<html xmlns="http://www.w3.org/1999/xhtml" xml:lang="en" lang="en">
 <head>
  <title>
</title>
<meta http-equiv="Content-Type" content="text/html;charset=utf-8" />
  <meta name='ocr-system' content='tesseract 3.04.00' />
  <meta name='ocr-capabilities' content='ocr_page ocr_carea ocr_par ocr_line ocrx_word'/>
</head>
<body>
  <div class='ocr_page' id='page_1' title='image "./elementajurisca01craigoog_0291.png"; bbox 0 0 2526 4210; ppageno 0'>
   <div class='ocr_carea' id='block_1_1' title="bbox 144 307 837 364">
    <p class='ocr_par' dir='ltr' id='par_1_1' title="bbox 144 307 837 364">
     <span class='ocr_line' id='line_1_1' title="bbox 144 307 837 364; baseline -0.016 0"><span class='ocrx_word' id='word_1_1' title='bbox 144 307 201 364; x_wconf 71' lang='lat'>272</span> <span class='ocrx_word' id='word_1_2' title='bbox 416 310 668 356; x_wconf 72' lang='lat' dir='ltr'>accucurrimus</span> <span class='ocrx_word' id='word_1_3' title='bbox 689 309 837 354; x_wconf 81' lang='lat' dir='ltr'>oxuomor.</span> 
     </span>
    </p>
   </div>
   <div class='ocr_carea' id='block_1_2' title="bbox 144 409 1128 845">
    <p class='ocr_par' dir='ltr' id='par_1_2' title="bbox 144 409 1128 845">
     <span class='ocr_line' id='line_1_2' title="bbox 146 409 1127 501; baseline -0.012 -19"><span class='ocrx_word' id='word_1_4' title='bbox 146 423 266 501; x_wconf 77' lang='lat' dir='ltr'>praestat</span> <span class='ocrx_word' id='word_1_5' title='bbox 289 413 431 477; x_wconf 89' lang='lat' dir='ltr'>:etenim</span> <span class='ocrx_word' id='word_1_6' title='bbox 454 411 617 494; x_wconf 88' lang='lat' dir='ltr'>aliquando</span> <span class='ocrx_word' id='word_1_7' title='bbox 638 411 718 495; x_wconf 86' lang='lat' dir='ltr'>Papa</span> <span class='ocrx_word' id='word_1_8' title='bbox 743 410 860 474; x_wconf 79' lang='lat' dir='ltr'><strong>confert</strong></span> <span class='ocrx_word' id='word_1_9' title='bbox 881 409 1127 488; x_wconf 80' lang='lat' dir='ltr'>iurisdictionem</span> 
     </span>
     <span class='ocr_line' id='line_1_3' title="bbox 147 496 1128 588; baseline -0.01 -20"><span class='ocrx_word' id='word_1_10' title='bbox 147 503 326 588; x_wconf 81' lang='lat' dir='ltr'>presbyteris</span> <span class='ocrx_word' id='word_1_11' title='bbox 347 502 398 583; x_wconf 93' lang='lat' dir='ltr'>qui</span> <span class='ocrx_word' id='word_1_12' title='bbox 423 518 485 564; x_wconf 91' lang='lat' dir='ltr'>non</span> <span class='ocrx_word' id='word_1_13' title='bbox 505 504 575 560; x_wconf 92' lang='lat' dir='ltr'>sunt</span> <span class='ocrx_word' id='word_1_14' title='bbox 588 499 784 562; x_wconf 85' lang='lat' dir='ltr'>consecrandi</span> <span class='ocrx_word' id='word_1_15' title='bbox 799 496 958 580; x_wconf 81' lang='lat' dir='ltr'>Episcopi3</span> <span class='ocrx_word' id='word_1_16' title='bbox 981 516 1083 578; x_wconf 85' lang='lat' dir='ltr'><strong>nuper</strong></span> <span class='ocrx_word' id='word_1_17' title='bbox 1096 498 1128 558; x_wconf 89' lang='lat' dir='ltr'>in</span> 
     </span>
     <span class='ocr_line' id='line_1_4' title="bbox 144 585 1125 670; baseline -0.01 -14"><span class='ocrx_word' id='word_1_18' title='bbox 144 593 272 656; x_wconf 88' lang='lat' dir='ltr'>coloniis</span> <span class='ocrx_word' id='word_1_19' title='bbox 287 589 412 665; x_wconf 90' lang='lat' dir='ltr'>nostris,</span> <span class='ocrx_word' id='word_1_20' title='bbox 426 588 496 651; x_wconf 90' lang='lat' dir='ltr'>Pius</span> <span class='ocrx_word' id='word_1_21' title='bbox 509 589 549 650; x_wconf 85' lang='lat' dir='ltr'>tx</span> <span class='ocrx_word' id='word_1_22' title='bbox 568 588 715 670; x_wconf 83' lang='lat' dir='ltr'>disposuit</span> <span class='ocrx_word' id='word_1_23' title='bbox 728 593 773 664; x_wconf 89' lang='lat' dir='ltr'>ut,</span> <span class='ocrx_word' id='word_1_24' title='bbox 789 585 867 650; x_wconf 88' lang='lat' dir='ltr'>Sede</span> <span class='ocrx_word' id='word_1_25' title='bbox 880 594 1021 661; x_wconf 86' lang='lat' dir='ltr'>vacante,</span> <span class='ocrx_word' id='word_1_26' title='bbox 1038 586 1125 666; x_wconf 88' lang='lat' dir='ltr'>Epis·</span> 
     </span>
     <span class='ocr_line' id='line_1_5' title="bbox 144 673 1128 763; baseline -0.011 -18"><span class='ocrx_word' id='word_1_27' title='bbox 144 681 259 763; x_wconf 83' lang='lat' dir='ltr'>copulis</span> <span class='ocrx_word' id='word_1_28' title='bbox 270 677 437 758; x_wconf 84' lang='lat' dir='ltr'>jurisdictio</span> <span class='ocrx_word' id='word_1_29' title='bbox 450 681 642 739; x_wconf 68' lang='lat' dir='ltr'>exerceretur</span> <span class='ocrx_word' id='word_1_30' title='bbox 660 678 677 738; x_wconf 77' lang='lat' dir='ltr'>a</span> <span class='ocrx_word' id='word_1_31' title='bbox 692 675 812 738; x_wconf 84' lang='lat' dir='ltr'>Vicaric</span> <span class='ocrx_word' id='word_1_32' title='bbox 830 673 968 738; x_wconf 85' lang='lat' dir='ltr'>Genereti</span> <span class='ocrx_word' id='word_1_33' title='bbox 982 673 1128 754; x_wconf 82' lang='lat' dir='ltr'>Episcopi</span> 
     </span>
     <span class='ocr_line' id='line_1_6' title="bbox 145 761 1125 845; baseline -0.009 -13"><span class='ocrx_word' id='word_1_34' title='bbox 145 769 294 844; x_wconf 88' lang='lat' dir='ltr'>detuncti;</span> <span class='ocrx_word' id='word_1_35' title='bbox 308 785 376 829; x_wconf 89' lang='lat' dir='ltr'>eam</span> <span class='ocrx_word' id='word_1_36' title='bbox 388 763 539 828; x_wconf 75' lang='lat' dir='ltr'>ordinarie</span> <span class='ocrx_word' id='word_1_37' title='bbox 551 770 672 827; x_wconf 82' lang='lat' dir='ltr'>exercet</span> <span class='ocrx_word' id='word_1_38' title='bbox 682 764 853 845; x_wconf 84' lang='lat' dir='ltr'>Capitulum</span> <span class='ocrx_word' id='word_1_39' title='bbox 866 763 897 824; x_wconf 94' lang='lat' dir='ltr'>in</span> <span class='ocrx_word' id='word_1_40' title='bbox 913 761 1024 825; x_wconf 90' lang='lat' dir='ltr'>eodem</span> <span class='ocrx_word' id='word_1_41' title='bbox 1036 780 1125 838; x_wconf 85' lang='lat' dir='ltr'>casu;</span> 
     </span>
    </p>
   </div>
   <div class='ocr_carea' id='block_1_3' title="bbox 147 849 1240 938">
    <p class='ocr_par' dir='ltr' id='par_1_3' title="bbox 147 849 1240 938">
     <span class='ocr_line' id='line_1_7' title="bbox 147 849 1240 938; baseline -0.011 -16"><span class='ocrx_word' id='word_1_42' title='bbox 147 858 390 922; x_wconf 85' lang='lat' dir='ltr'>communicatur</span> <span class='ocrx_word' id='word_1_43' title='bbox 402 852 559 934; x_wconf 85' lang='lat' dir='ltr'>Episcopis</span> <span class='ocrx_word' id='word_1_44' title='bbox 573 853 803 928; x_wconf 90' lang='lat' dir='ltr'>consecrandis,</span> <span class='ocrx_word' id='word_1_45' title='bbox 820 849 947 932; x_wconf 89' lang='lat' dir='ltr'>proinde</span> <span class='ocrx_word' id='word_1_46' title='bbox 966 849 1128 912; x_wconf 89' lang='lat' dir='ltr'>adhucso·</span> <span class='ocrx_word' id='word_1_47' title='bbox 1230 921 1240 938; x_wconf 34' lang='grc' dir='ltr'>ι</span> 
     </span>
    </p>
   </div>
   <div class='ocr_carea' id='block_1_4' title="bbox 147 939 1138 3228">
    <p class='ocr_par' dir='ltr' id='par_1_4' title="bbox 147 939 1130 1641">
     <span class='ocr_line' id='line_1_8' title="bbox 149 939 1126 1027; baseline -0.007 -22"><span class='ocrx_word' id='word_1_48' title='bbox 149 947 211 1008; x_wconf 85' lang='lat' dir='ltr'>ttrm</span> <span class='ocrx_word' id='word_1_49' title='bbox 225 944 417 1027; x_wconf 80' lang='lat' dir='ltr'>presbyteris.</span> <span class='ocrx_word' id='word_1_50' title='bbox 434 943 502 1002; x_wconf 85' lang='lat' dir='ltr'>Jnm</span> <span class='ocrx_word' id='word_1_51' title='bbox 517 943 588 1004; x_wconf 83' lang='lat' dir='ltr'>vero</span> <span class='ocrx_word' id='word_1_52' title='bbox 603 959 694 1003; x_wconf 92' lang='lat' dir='ltr'>nemo</span> <span class='ocrx_word' id='word_1_53' title='bbox 713 940 821 1002; x_wconf 87' lang='lat' dir='ltr'>dixerit</span> <span class='ocrx_word' id='word_1_54' title='bbox 835 939 984 1020; x_wconf 87' lang='lat' dir='ltr'>ejusmodi</span> <span class='ocrx_word' id='word_1_55' title='bbox 999 939 1126 1020; x_wconf 78' lang='lat' dir='ltr'>presby-</span> 
     </span>
     <span class='ocr_line' id='line_1_9' title="bbox 149 1028 1129 1112; baseline -0.007 -16"><span class='ocrx_word' id='word_1_56' title='bbox 149 1036 219 1096; x_wconf 91' lang='lat' dir='ltr'>teris</span> <span class='ocrx_word' id='word_1_57' title='bbox 242 1038 413 1112; x_wconf 84' lang='lat' dir='ltr'>competere</span> <span class='ocrx_word' id='word_1_58' title='bbox 431 1028 671 1107; x_wconf 88' lang='lat' dir='ltr'>jurisdictionem</span> <span class='ocrx_word' id='word_1_59' title='bbox 692 1049 730 1091; x_wconf 78' lang='lat' dir='ltr'>ex</span> <span class='ocrx_word' id='word_1_60' title='bbox 743 1029 815 1111; x_wconf 85' lang='lat' dir='ltr'>jure</span> <span class='ocrx_word' id='word_1_61' title='bbox 829 1028 950 1101; x_wconf 81' lang='lat' dir='ltr'>diuino,</span> <span class='ocrx_word' id='word_1_62' title='bbox 978 1034 1030 1090; x_wconf 87' lang='lat' dir='ltr'>aut</span> <span class='ocrx_word' id='word_1_63' title='bbox 1055 1028 1129 1108; x_wconf 88' lang='lat' dir='ltr'>ipsis</span> 
     </span>
     <span class='ocr_line' id='line_1_10' title="bbox 150 1113 1127 1198; baseline -0.004 -17"><span class='ocrx_word' id='word_1_64' title='bbox 150 1121 320 1184; x_wconf 83' lang='lat' dir='ltr'>immediate</span> <span class='ocrx_word' id='word_1_65' title='bbox 334 1117 462 1180; x_wconf 80' lang='lat' dir='ltr'>conferri</span> <span class='ocrx_word' id='word_1_66' title='bbox 476 1119 494 1178; x_wconf 75' lang='lat' dir='ltr'>i</span> <span class='ocrx_word' id='word_1_67' title='bbox 507 1116 634 1182; x_wconf 86' lang='lat' dir='ltr'>Christo.</span> <span class='ocrx_word' id='word_1_68' title='bbox 650 1119 730 1197; x_wconf 77' lang='lat' dir='ltr'>Ergo</span> <span class='ocrx_word' id='word_1_69' title='bbox 745 1118 818 1198; x_wconf 88' lang='lat' dir='ltr'>ipsis</span> <span class='ocrx_word' id='word_1_70' title='bbox 831 1135 886 1198; x_wconf 92' lang='lat' dir='ltr'>per</span> <span class='ocrx_word' id='word_1_71' title='bbox 897 1118 928 1177; x_wconf 89' lang='lat' dir='ltr'>S.</span> <span class='ocrx_word' id='word_1_72' title='bbox 944 1113 1127 1178; x_wconf 84' lang='lat' dir='ltr'>Pontificem</span> 
     </span>
     <span class='ocr_line' id='line_1_11' title="bbox 148 1204 1129 1287; baseline -0.004 -17"><span class='ocrx_word' id='word_1_73' title='bbox 148 1209 319 1282; x_wconf 87' lang='lat' dir='ltr'>confertur;</span> <span class='ocrx_word' id='word_1_74' title='bbox 336 1206 462 1287; x_wconf 88' lang='lat' dir='ltr'>proinde</span> <span class='ocrx_word' id='word_1_75' title='bbox 484 1204 617 1268; x_wconf 81' lang='lat' dir='ltr'>Ecclesia</span> <span class='ocrx_word' id='word_1_76' title='bbox 641 1207 777 1267; x_wconf 85' lang='lat' dir='ltr'>Romana</span> <span class='ocrx_word' id='word_1_77' title='bbox 791 1204 869 1267; x_wconf 89' lang='lat' dir='ltr'>hanc</span> <span class='ocrx_word' id='word_1_78' title='bbox 892 1204 982 1266; x_wconf 87' lang='lat' dir='ltr'>habet</span> <span class='ocrx_word' id='word_1_79' title='bbox 996 1211 1129 1284; x_wconf 87' lang='lat' dir='ltr'>potesta-</span> 
     </span>
     <span class='ocr_line' id='line_1_12' title="bbox 150 1292 1129 1376; baseline -0.001 -21"><span class='ocrx_word' id='word_1_80' title='bbox 150 1306 231 1371; x_wconf 88' lang='lat' dir='ltr'>tem,</span> <span class='ocrx_word' id='word_1_81' title='bbox 254 1304 283 1357; x_wconf 88' lang='lat' dir='ltr'>et</span> <span class='ocrx_word' id='word_1_82' title='bbox 307 1298 370 1376; x_wconf 79' lang='lat' dir='ltr'>ipsa</span> <span class='ocrx_word' id='word_1_83' title='bbox 394 1311 462 1356; x_wconf 89' lang='lat' dir='ltr'>eam</span> <span class='ocrx_word' id='word_1_84' title='bbox 485 1301 663 1367; x_wconf 85' lang='lat' dir='ltr'>exercente,</span> <span class='ocrx_word' id='word_1_85' title='bbox 688 1293 832 1356; x_wconf 88' lang='lat' dir='ltr'>inutiliter</span> <span class='ocrx_word' id='word_1_86' title='bbox 859 1300 1066 1355; x_wconf 87' lang='lat' dir='ltr'>recurreretur</span> <span class='ocrx_word' id='word_1_87' title='bbox 1087 1292 1129 1354; x_wconf 89' lang='lat' dir='ltr'>ad</span> 
     </span>
     <span class='ocr_line' id='line_1_13' title="bbox 147 1381 1130 1462; baseline -0.002 -16"><span class='ocrx_word' id='word_1_88' title='bbox 147 1383 309 1458; x_wconf 73' lang='lat' dir='ltr'>Christum,</span> <span class='ocrx_word' id='word_1_89' title='bbox 321 1381 450 1444; x_wconf 89' lang='lat' dir='ltr'>dicendo</span> <span class='ocrx_word' id='word_1_90' title='bbox 459 1382 496 1443; x_wconf 90' lang='lat' dir='ltr'>ab</span> <span class='ocrx_word' id='word_1_91' title='bbox 506 1382 557 1444; x_wconf 89' lang='lat' dir='ltr'>itio</span> <span class='ocrx_word' id='word_1_92' title='bbox 567 1381 695 1444; x_wconf 84' lang='lat' dir='ltr'>conferri</span> <span class='ocrx_word' id='word_1_93' title='bbox 709 1381 865 1462; x_wconf 85' lang='lat' dir='ltr'>Episcopis</span> <span class='ocrx_word' id='word_1_94' title='bbox 875 1381 906 1443; x_wconf 95' lang='lat' dir='ltr'>in</span> <span class='ocrx_word' id='word_1_95' title='bbox 916 1381 1040 1442; x_wconf 88' lang='lat' dir='ltr'>instanti</span> <span class='ocrx_word' id='word_1_96' title='bbox 1050 1383 1130 1462; x_wconf 87' lang='lat' dir='ltr'>ipso·</span> 
     </span>
     <span class='ocr_line' id='line_1_14' title="bbox 150 1469 1126 1553; baseline 0.002 -22"><span class='ocrx_word' id='word_1_97' title='bbox 150 1492 217 1534; x_wconf 88' lang='lat' dir='ltr'>rum</span> <span class='ocrx_word' id='word_1_98' title='bbox 231 1469 484 1553; x_wconf 89' lang='lat' dir='ltr'>praeconizatiouis</span> <span class='ocrx_word' id='word_1_99' title='bbox 497 1476 549 1532; x_wconf 86' lang='lat' dir='ltr'>aut</span> <span class='ocrx_word' id='word_1_100' title='bbox 562 1470 771 1551; x_wconf 81' lang='lat' dir='ltr'>assignationis</span> <span class='ocrx_word' id='word_1_101' title='bbox 785 1469 925 1532; x_wconf 90' lang='lat' dir='ltr'>territorii</span> <span class='ocrx_word' id='word_1_102' title='bbox 940 1470 1014 1550; x_wconf 91' lang='lat' dir='ltr'>ipsis</span> <span class='ocrx_word' id='word_1_103' title='bbox 1026 1469 1126 1533; x_wconf 72' lang='lat' dir='ltr'>factm.</span> 
     </span>
     <span class='ocr_line' id='line_1_15' title="bbox 151 1564 318 1641; baseline 0.024 -21"><span class='ocrx_word' id='word_1_104' title='bbox 151 1564 244 1641; x_wconf 78' lang='lat' dir='ltr'>Ergo,</span> <span class='ocrx_word' id='word_1_105' title='bbox 261 1567 318 1624; x_wconf 88' lang='lat' dir='ltr'>etc.</span> 
     </span>
    </p>

    <p class='ocr_par' dir='ltr' id='par_1_5' title="bbox 149 1645 1134 2433">
     <span class='ocr_line' id='line_1_16' title="bbox 189 1645 1130 1726; baseline -0.002 -15"><span class='ocrx_word' id='word_1_106' title='bbox 189 1656 220 1711; x_wconf 73' lang='lat'>2⁰</span> <span class='ocrx_word' id='word_1_107' title='bbox 243 1651 332 1712; x_wconf 86' lang='lat' dir='ltr'>Juxta</span> <span class='ocrx_word' id='word_1_108' title='bbox 351 1646 551 1721; x_wconf 87' lang='lat' dir='ltr'>adversarios,</span> <span class='ocrx_word' id='word_1_109' title='bbox 580 1645 755 1708; x_wconf 75' lang='lat' dir='ltr'>immediate</span> <span class='ocrx_word' id='word_1_110' title='bbox 780 1645 799 1708; x_wconf 67' lang='lat' dir='ltr'>a</span> <span class='ocrx_word' id='word_1_111' title='bbox 820 1646 937 1708; x_wconf 87' lang='lat' dir='ltr'>Christo</span> <span class='ocrx_word' id='word_1_112' title='bbox 956 1647 1130 1726; x_wconf 83' lang='lat' dir='ltr'>jurisdictio</span> 
     </span>
     <span class='ocr_line' id='line_1_17' title="bbox 153 1735 1131 1818; baseline 0.003 -23"><span class='ocrx_word' id='word_1_113' title='bbox 153 1739 306 1818; x_wconf 76' lang='lat' dir='ltr'>tipiscopis</span> <span class='ocrx_word' id='word_1_114' title='bbox 326 1736 480 1799; x_wconf 87' lang='lat' dir='ltr'>consertor</span> <span class='ocrx_word' id='word_1_115' title='bbox 498 1736 529 1795; x_wconf 93' lang='lat' dir='ltr'>in</span> <span class='ocrx_word' id='word_1_116' title='bbox 546 1753 583 1796; x_wconf 87' lang='lat' dir='ltr'>eo</span> <span class='ocrx_word' id='word_1_117' title='bbox 603 1735 724 1796; x_wconf 89' lang='lat' dir='ltr'>instanti</span> <span class='ocrx_word' id='word_1_118' title='bbox 747 1754 808 1816; x_wconf 93' lang='lat' dir='ltr'>quo</span> <span class='ocrx_word' id='word_1_119' title='bbox 826 1743 1055 1813; x_wconf 88' lang='lat' dir='ltr'>consecrantur,</span> <span class='ocrx_word' id='word_1_120' title='bbox 1073 1739 1131 1799; x_wconf 91' lang='lat' dir='ltr'>sed</span> 
     </span>
     <span class='ocr_line' id='line_1_18' title="bbox 151 1822 1133 1906; baseline 0.004 -22"><span class='ocrx_word' id='word_1_121' title='bbox 151 1825 215 1886; x_wconf 85' lang='lat' dir='ltr'>haec</span> <span class='ocrx_word' id='word_1_122' title='bbox 227 1825 395 1903; x_wconf 86' lang='lat' dir='ltr'>jurisdictio</span> <span class='ocrx_word' id='word_1_123' title='bbox 410 1829 512 1885; x_wconf 88' lang='lat' dir='ltr'>manet</span> <span class='ocrx_word' id='word_1_124' title='bbox 527 1823 617 1904; x_wconf 81' lang='lat' dir='ltr'>tigata</span> <span class='ocrx_word' id='word_1_125' title='bbox 630 1822 729 1885; x_wconf 91' lang='lat' dir='ltr'>donec</span> <span class='ocrx_word' id='word_1_126' title='bbox 744 1826 761 1885; x_wconf 75' lang='lat' dir='ltr'>a</span> <span class='ocrx_word' id='word_1_127' title='bbox 776 1826 855 1905; x_wconf 76' lang='lat' dir='ltr'>Papa</span> <span class='ocrx_word' id='word_1_128' title='bbox 871 1824 942 1903; x_wconf 90' lang='lat' dir='ltr'>ipsis</span> <span class='ocrx_word' id='word_1_129' title='bbox 956 1826 1133 1906; x_wconf 83' lang='lat' dir='ltr'>assignetur</span> 
     </span>
     <span class='ocr_line' id='line_1_19' title="bbox 151 1910 1131 1993; baseline 0.004 -21"><span class='ocrx_word' id='word_1_130' title='bbox 151 1913 345 1974; x_wconf 85' lang='lat' dir='ltr'>territorium.</span> <span class='ocrx_word' id='word_1_131' title='bbox 367 1913 459 1973; x_wconf 88' lang='lat' dir='ltr'>Porrd</span> <span class='ocrx_word' id='word_1_132' title='bbox 473 1919 505 1972; x_wconf 92' lang='lat' dir='ltr'>ut</span> <span class='ocrx_word' id='word_1_133' title='bbox 529 1911 619 1989; x_wconf 83' lang='lat' dir='ltr'>hujus</span> <span class='ocrx_word' id='word_1_134' title='bbox 642 1910 792 1991; x_wconf 89' lang='lat' dir='ltr'>opinionis</span> <span class='ocrx_word' id='word_1_135' title='bbox 811 1912 921 1974; x_wconf 83' lang='lat' dir='ltr'>falsitas</span> <span class='ocrx_word' id='word_1_136' title='bbox 937 1919 1049 1993; x_wconf 80' lang='lat' dir='ltr'>pateat,</span> <span class='ocrx_word' id='word_1_137' title='bbox 1065 1913 1131 1982; x_wconf 66' lang='lat' dir='ltr'>thro</span> 
     </span>
     <span class='ocr_line' id='line_1_20' title="bbox 151 1999 1134 2083; baseline 0.004 -23"><span class='ocrx_word' id='word_1_138' title='bbox 151 2000 304 2062; x_wconf 86' lang='lat' dir='ltr'>sufficiunt</span> <span class='ocrx_word' id='word_1_139' title='bbox 321 2019 328 2058; x_wconf 91' lang='lat'><strong>:</strong></span> <span class='ocrx_word' id='word_1_140' title='bbox 346 2017 454 2079; x_wconf 90' lang='lat' dir='ltr'>nempe</span> <span class='ocrx_word' id='word_1_141' title='bbox 472 2004 501 2058; x_wconf 87' lang='lat' dir='ltr'>t⁰</span> <span class='ocrx_word' id='word_1_142' title='bbox 515 1999 596 2079; x_wconf 88' lang='lat' dir='ltr'>qudd</span> <span class='ocrx_word' id='word_1_143' title='bbox 611 2007 679 2060; x_wconf 89' lang='lat' dir='ltr'>ante</span> <span class='ocrx_word' id='word_1_144' title='bbox 691 2000 949 2062; x_wconf 87' lang='lat' dir='ltr'>consecrationem</span> <span class='ocrx_word' id='word_1_145' title='bbox 963 2001 1134 2083; x_wconf 87' lang='lat' dir='ltr'>Episcopo-</span> 
     </span>
     <span class='ocr_line' id='line_1_21' title="bbox 153 2086 1133 2168; baseline 0.005 -20"><span class='ocrx_word' id='word_1_146' title='bbox 153 2106 238 2161; x_wconf 90' lang='lat' dir='ltr'>rum,</span> <span class='ocrx_word' id='word_1_147' title='bbox 256 2087 334 2168; x_wconf 87' lang='lat' dir='ltr'>Papa</span> <span class='ocrx_word' id='word_1_148' title='bbox 350 2087 445 2148; x_wconf 84' lang='lat' dir='ltr'>vatent</span> <span class='ocrx_word' id='word_1_149' title='bbox 473 2086 545 2167; x_wconf 90' lang='lat' dir='ltr'>ipsis</span> <span class='ocrx_word' id='word_1_150' title='bbox 561 2086 801 2164; x_wconf 85' lang='lat' dir='ltr'>jurisdictionem</span> <span class='ocrx_word' id='word_1_151' title='bbox 819 2087 956 2150; x_wconf 87' lang='lat' dir='ltr'>conterre</span> <span class='ocrx_word' id='word_1_152' title='bbox 973 2105 1036 2154; x_wconf 63' lang='lat' dir='ltr'>nssu</span> <span class='ocrx_word' id='word_1_153' title='bbox 1057 2096 1133 2159; x_wconf 67' lang='lat' dir='ltr'>tan,-</span> 
     </span>
     <span class='ocr_line' id='line_1_22' title="bbox 151 2175 1132 2257; baseline 0.006 -21"><span class='ocrx_word' id='word_1_154' title='bbox 151 2179 217 2238; x_wconf 89' lang='lat' dir='ltr'>tirm</span> <span class='ocrx_word' id='word_1_155' title='bbox 232 2177 370 2256; x_wconf 79' lang='lat' dir='ltr'>ligatam,</span> <span class='ocrx_word' id='word_1_156' title='bbox 385 2175 438 2237; x_wconf 89' lang='lat' dir='ltr'>sed</span> <span class='ocrx_word' id='word_1_157' title='bbox 453 2184 522 2237; x_wconf 85' lang='lat' dir='ltr'>actu</span> <span class='ocrx_word' id='word_1_158' title='bbox 536 2175 746 2250; x_wconf 83' lang='lat' dir='ltr'>exercibiiem3</span> <span class='ocrx_word' id='word_1_159' title='bbox 762 2179 794 2236; x_wconf 75' lang='lat'>2⁰</span> <span class='ocrx_word' id='word_1_160' title='bbox 807 2176 905 2257; x_wconf 87' lang='lat' dir='ltr'>qudd,</span> <span class='ocrx_word' id='word_1_161' title='bbox 920 2175 979 2238; x_wconf 90' lang='lat' dir='ltr'>hoc</span> <span class='ocrx_word' id='word_1_162' title='bbox 988 2177 1132 2256; x_wconf 87' lang='lat' dir='ltr'>probato,</span> 
     </span>
     <span class='ocr_line' id='line_1_23' title="bbox 149 2264 1134 2345; baseline 0.002 -19"><span class='ocrx_word' id='word_1_163' title='bbox 149 2268 212 2342; x_wconf 79' lang='lat' dir='ltr'>jam</span> <span class='ocrx_word' id='word_1_164' title='bbox 227 2266 341 2327; x_wconf 89' lang='lat' dir='ltr'>admitti</span> <span class='ocrx_word' id='word_1_165' title='bbox 355 2272 483 2345; x_wconf 89' lang='lat' dir='ltr'>nequeat</span> <span class='ocrx_word' id='word_1_166' title='bbox 495 2264 573 2326; x_wconf 90' lang='lat' dir='ltr'>dicta</span> <span class='ocrx_word' id='word_1_167' title='bbox 584 2264 798 2342; x_wconf 87' lang='lat' dir='ltr'>jurisdictionis</span> <span class='ocrx_word' id='word_1_168' title='bbox 808 2264 927 2326; x_wconf 86' lang='lat' dir='ltr'>cotiatio</span> <span class='ocrx_word' id='word_1_169' title='bbox 938 2266 955 2326; x_wconf 81' lang='lat' dir='ltr'>ir</span> <span class='ocrx_word' id='word_1_170' title='bbox 968 2265 1087 2328; x_wconf 80' lang='lat' dir='ltr'>Christo</span> <span class='ocrx_word' id='word_1_171' title='bbox 1097 2267 1134 2330; x_wconf 90' lang='lat' dir='ltr'>in</span> 
     </span>
     <span class='ocr_line' id='line_1_24' title="bbox 152 2352 1052 2433; baseline 0.002 -20"><span class='ocrx_word' id='word_1_172' title='bbox 152 2354 272 2416; x_wconf 88' lang='lat' dir='ltr'>instanti</span> <span class='ocrx_word' id='word_1_173' title='bbox 287 2352 521 2414; x_wconf 83' lang='lat' dir='ltr'>consecrationis</span> <span class='ocrx_word' id='word_1_174' title='bbox 536 2352 622 2414; x_wconf 86' lang='lat' dir='ltr'>tacta.</span> <span class='ocrx_word' id='word_1_175' title='bbox 641 2353 732 2433; x_wconf 86' lang='lat' dir='ltr'>Atqui</span> <span class='ocrx_word' id='word_1_176' title='bbox 746 2353 811 2414; x_wconf 90' lang='lat' dir='ltr'>haec</span> <span class='ocrx_word' id='word_1_177' title='bbox 825 2353 886 2414; x_wconf 92' lang='lat' dir='ltr'>duo</span> <span class='ocrx_word' id='word_1_178' title='bbox 900 2359 1052 2416; x_wconf 86' lang='lat' dir='ltr'>constant.</span> 
     </span>
    </p>

    <p class='ocr_par' dir='ltr' id='par_1_6' title="bbox 152 2442 1137 2786">
     <span class='ocr_line' id='line_1_25' title="bbox 193 2442 1133 2520; baseline 0.002 -16"><span class='ocrx_word' id='word_1_179' title='bbox 193 2444 327 2504; x_wconf 89' lang='lat' dir='ltr'>Primum</span> <span class='ocrx_word' id='word_1_180' title='bbox 353 2447 470 2504; x_wconf 91' lang='lat' dir='ltr'>certum</span> <span class='ocrx_word' id='word_1_181' title='bbox 499 2448 544 2503; x_wconf 86' lang='lat' dir='ltr'>est</span> <span class='ocrx_word' id='word_1_182' title='bbox 570 2459 579 2501; x_wconf 76' lang='grc' dir='ltr'><em>τ</em></span> <span class='ocrx_word' id='word_1_183' title='bbox 602 2446 765 2520; x_wconf 88' lang='lat' dir='ltr'>antequam</span> <span class='ocrx_word' id='word_1_184' title='bbox 788 2442 870 2502; x_wconf 92' lang='lat' dir='ltr'>enim</span> <span class='ocrx_word' id='word_1_185' title='bbox 894 2449 1133 2519; x_wconf 87' lang='lat' dir='ltr'>consecrentur,</span> 
     </span>
     <span class='ocr_line' id='line_1_26' title="bbox 153 2529 1136 2616; baseline 0.005 -24"><span class='ocrx_word' id='word_1_186' title='bbox 153 2538 219 2610; x_wconf 88' lang='lat' dir='ltr'>post</span> <span class='ocrx_word' id='word_1_187' title='bbox 239 2549 345 2592; x_wconf 89' lang='lat' dir='ltr'>eorum</span> <span class='ocrx_word' id='word_1_188' title='bbox 361 2532 392 2591; x_wconf 93' lang='lat' dir='ltr'>in</span> <span class='ocrx_word' id='word_1_189' title='bbox 413 2529 595 2592; x_wconf 74' lang='lat' dir='ltr'>consistorio</span> <span class='ocrx_word' id='word_1_190' title='bbox 610 2530 854 2608; x_wconf 89' lang='lat' dir='ltr'>promotionem,</span> <span class='ocrx_word' id='word_1_191' title='bbox 880 2529 966 2592; x_wconf 88' lang='lat' dir='ltr'>electi</span> <span class='ocrx_word' id='word_1_192' title='bbox 985 2531 1136 2616; x_wconf 85' lang='lat' dir='ltr'>Episcopi</span> 
     </span>
     <span class='ocr_line' id='line_1_27' title="bbox 152 2617 1137 2698; baseline 0.007 -20"><span class='ocrx_word' id='word_1_193' title='bbox 152 2636 215 2680; x_wconf 85' lang='lat' dir='ltr'>suae</span> <span class='ocrx_word' id='word_1_194' title='bbox 227 2617 365 2680; x_wconf 87' lang='lat' dir='ltr'>dioecesis</span> <span class='ocrx_word' id='word_1_195' title='bbox 378 2636 485 2698; x_wconf 89' lang='lat' dir='ltr'>capere</span> <span class='ocrx_word' id='word_1_196' title='bbox 500 2617 720 2698; x_wconf 89' lang='lat' dir='ltr'>possessionem</span> <span class='ocrx_word' id='word_1_197' title='bbox 730 2665 738 2691; x_wconf 89' lang='lat'>,</span> <span class='ocrx_word' id='word_1_198' title='bbox 750 2618 906 2698; x_wconf 86' lang='lat' dir='ltr'>ipsamque</span> <span class='ocrx_word' id='word_1_199' title='bbox 917 2618 1137 2685; x_wconf 85' lang='lat' dir='ltr'>administrare</span> 
     </span>
     <span class='ocr_line' id='line_1_28' title="bbox 153 2705 978 2786; baseline 0.004 -21"><span class='ocrx_word' id='word_1_200' title='bbox 153 2705 265 2780; x_wconf 78' lang='lat' dir='ltr'>relent3</span> <span class='ocrx_word' id='word_1_201' title='bbox 282 2715 311 2768; x_wconf 91' lang='lat' dir='ltr'>et</span> <span class='ocrx_word' id='word_1_202' title='bbox 325 2708 427 2768; x_wconf 79' lang='lat' dir='ltr'>revera</span> <span class='ocrx_word' id='word_1_203' title='bbox 440 2705 482 2768; x_wconf 84' lang='lat' dir='ltr'>sic</span> <span class='ocrx_word' id='word_1_204' title='bbox 496 2723 586 2785; x_wconf 83' lang='lat' dir='ltr'>agere</span> <span class='ocrx_word' id='word_1_205' title='bbox 600 2705 698 2767; x_wconf 87' lang='lat' dir='ltr'>soient</span> <span class='ocrx_word' id='word_1_206' title='bbox 709 2706 848 2786; x_wconf 84' lang='lat' dir='ltr'>Episcopi</span> <span class='ocrx_word' id='word_1_207' title='bbox 862 2724 978 2768; x_wconf 89' lang='lat' dir='ltr'>omnes.</span> 
     </span>
    </p>

    <p class='ocr_par' dir='ltr' id='par_1_7' title="bbox 153 2794 1138 3228">
     <span class='ocr_line' id='line_1_29' title="bbox 194 2794 1137 2875; baseline 0.007 -20"><span class='ocrx_word' id='word_1_208' title='bbox 194 2794 367 2855; x_wconf 90' lang='lat' dir='ltr'>Secundum</span> <span class='ocrx_word' id='word_1_209' title='bbox 393 2794 501 2875; x_wconf 84' lang='lat' dir='ltr'>pariter</span> <span class='ocrx_word' id='word_1_210' title='bbox 520 2798 655 2856; x_wconf 85' lang='lat' dir='ltr'>constat:</span> <span class='ocrx_word' id='word_1_211' title='bbox 675 2811 762 2869; x_wconf 86' lang='lat' dir='ltr'>nam,</span> <span class='ocrx_word' id='word_1_212' title='bbox 779 2795 803 2854; x_wconf 93' lang='lat' dir='ltr'>si</span> <span class='ocrx_word' id='word_1_213' title='bbox 819 2795 944 2856; x_wconf 87' lang='lat' dir='ltr'>instituti</span> <span class='ocrx_word' id='word_1_214' title='bbox 958 2798 974 2857; x_wconf 74' lang='lat' dir='ltr'>‘a</span> <span class='ocrx_word' id='word_1_215' title='bbox 989 2798 1137 2863; x_wconf 87' lang='lat' dir='ltr'>Romano</span> 
     </span>
     <span class='ocr_line' id='line_1_30' title="bbox 154 2882 1136 2962; baseline 0.009 -20"><span class='ocrx_word' id='word_1_216' title='bbox 154 2883 297 2944; x_wconf 83' lang='lat' dir='ltr'>Pontitice</span> <span class='ocrx_word' id='word_1_217' title='bbox 312 2929 320 2956; x_wconf 90' lang='lat'>,</span> <span class='ocrx_word' id='word_1_218' title='bbox 333 2883 394 2961; x_wconf 70' lang='lat' dir='ltr'>jam</span> <span class='ocrx_word' id='word_1_219' title='bbox 407 2888 477 2944; x_wconf 85' lang='lat' dir='ltr'>ante</span> <span class='ocrx_word' id='word_1_220' title='bbox 491 2900 577 2944; x_wconf 89' lang='lat' dir='ltr'>suam</span> <span class='ocrx_word' id='word_1_221' title='bbox 592 2883 866 2958; x_wconf 84' lang='lat' dir='ltr'>consecrationem,</span> <span class='ocrx_word' id='word_1_222' title='bbox 886 2882 1136 2962; x_wconf 88' lang='lat' dir='ltr'>jurisdictionem</span> 
     </span>
     <span class='ocr_line' id='line_1_31' title="bbox 154 2969 1136 3053; baseline 0.01 -23"><span class='ocrx_word' id='word_1_223' title='bbox 154 2971 302 3045; x_wconf 82' lang='lat' dir='ltr'>traheam,</span> <span class='ocrx_word' id='word_1_224' title='bbox 326 2969 385 3031; x_wconf 91' lang='lat' dir='ltr'>dici</span> <span class='ocrx_word' id='word_1_225' title='bbox 409 2971 514 3050; x_wconf 85' lang='lat' dir='ltr'>nequit</span> <span class='ocrx_word' id='word_1_226' title='bbox 532 2988 584 3032; x_wconf 92' lang='lat' dir='ltr'>eos</span> <span class='ocrx_word' id='word_1_227' title='bbox 599 2970 678 3032; x_wconf 91' lang='lat' dir='ltr'>hanc</span> <span class='ocrx_word' id='word_1_228' title='bbox 694 2971 934 3050; x_wconf 76' lang='lat' dir='ltr'>iurisdictionem</span> <span class='ocrx_word' id='word_1_229' title='bbox 952 2973 1089 3053; x_wconf 86' lang='lat' dir='ltr'>accipere</span> <span class='ocrx_word' id='word_1_230' title='bbox 1116 2981 1136 3040; x_wconf 73' lang='lat' dir='ltr'>“a</span> 
     </span>
     <span class='ocr_line' id='line_1_32' title="bbox 153 3058 1138 3143; baseline 0.007 -23"><span class='ocrx_word' id='word_1_231' title='bbox 153 3059 269 3122; x_wconf 79' lang='lat' dir='ltr'>Christo</span> <span class='ocrx_word' id='word_1_232' title='bbox 284 3059 317 3119; x_wconf 80' lang='lat' dir='ltr'>io</span> <span class='ocrx_word' id='word_1_233' title='bbox 331 3059 454 3120; x_wconf 82' lang='lat' dir='ltr'>instanti</span> <span class='ocrx_word' id='word_1_234' title='bbox 467 3058 702 3120; x_wconf 82' lang='lat' dir='ltr'>consecrationis.</span> <span class='ocrx_word' id='word_1_235' title='bbox 719 3060 786 3120; x_wconf 90' lang='lat' dir='ltr'>Non</span> <span class='ocrx_word' id='word_1_236' title='bbox 800 3060 883 3120; x_wconf 92' lang='lat' dir='ltr'>enim</span> <span class='ocrx_word' id='word_1_237' title='bbox 896 3065 970 3122; x_wconf 89' lang='lat' dir='ltr'>tuno</span> <span class='ocrx_word' id='word_1_238' title='bbox 983 3063 1138 3143; x_wconf 89' lang='lat' dir='ltr'>recipitur</span> 
     </span>
     <span class='ocr_line' id='line_1_33' title="bbox 154 3146 463 3228; baseline -0.003 -18"><span class='ocrx_word' id='word_1_239' title='bbox 154 3149 237 3228; x_wconf 89' lang='lat' dir='ltr'>quod</span> <span class='ocrx_word' id='word_1_240' title='bbox 248 3150 312 3226; x_wconf 83' lang='lat' dir='ltr'>jam</span> <span class='ocrx_word' id='word_1_241' title='bbox 326 3146 463 3209; x_wconf 83' lang='lat' dir='ltr'>habetur.</span> 
     </span>
    </p>
   </div>
   <div class='ocr_carea' id='block_1_5' title="bbox 152 3243 1140 3852">
    <p class='ocr_par' dir='ltr' id='par_1_8' title="bbox 152 3243 1140 3852">
     <span class='ocr_line' id='line_1_34' title="bbox 192 3243 1140 3326; baseline 0.007 -19"><span class='ocrx_word' id='word_1_242' title='bbox 192 3249 254 3307; x_wconf 91' lang='lat' dir='ltr'>Nec</span> <span class='ocrx_word' id='word_1_243' title='bbox 279 3246 361 3306; x_wconf 90' lang='lat' dir='ltr'>dicas</span> <span class='ocrx_word' id='word_1_244' title='bbox 381 3245 439 3307; x_wconf 91' lang='lat' dir='ltr'>hoc</span> <span class='ocrx_word' id='word_1_245' title='bbox 460 3243 578 3306; x_wconf 84' lang='lat' dir='ltr'>tanturn</span> <span class='ocrx_word' id='word_1_246' title='bbox 598 3245 694 3307; x_wconf 82' lang='lat' dir='ltr'>valere</span> <span class='ocrx_word' id='word_1_247' title='bbox 712 3263 768 3325; x_wconf 92' lang='lat' dir='ltr'>pro</span> <span class='ocrx_word' id='word_1_248' title='bbox 789 3262 862 3308; x_wconf 88' lang='lat' dir='ltr'>casu</span> <span class='ocrx_word' id='word_1_249' title='bbox 880 3264 941 3326; x_wconf 92' lang='lat' dir='ltr'>quo</span> <span class='ocrx_word' id='word_1_250' title='bbox 959 3247 1140 3326; x_wconf 88' lang='lat' dir='ltr'>jurisdictio</span> 
     </span>
     <span class='ocr_line' id='line_1_35' title="bbox 152 3332 1140 3416; baseline 0.009 -21"><span class='ocrx_word' id='word_1_251' title='bbox 152 3334 337 3396; x_wconf 72' lang='lat' dir='ltr'>conserturi</span> <span class='ocrx_word' id='word_1_252' title='bbox 352 3332 801 3414; x_wconf 77' lang='lat' dir='ltr'>rapenondumoonsecraus,</span> <span class='ocrx_word' id='word_1_253' title='bbox 817 3350 879 3396; x_wconf 92' lang='lat' dir='ltr'>non</span> <span class='ocrx_word' id='word_1_254' title='bbox 897 3337 968 3396; x_wconf 87' lang='lat' dir='ltr'>verd</span> <span class='ocrx_word' id='word_1_255' title='bbox 984 3353 1038 3416; x_wconf 90' lang='lat' dir='ltr'>pro</span> <span class='ocrx_word' id='word_1_256' title='bbox 1055 3355 1140 3404; x_wconf 86' lang='lat' dir='ltr'>casu</span> 
     </span>
     <span class='ocr_line' id='line_1_36' title="bbox 155 3419 1140 3502; baseline -0.004 -18"><span class='ocrx_word' id='word_1_257' title='bbox 155 3439 215 3502; x_wconf 92' lang='lat' dir='ltr'>quc</span> <span class='ocrx_word' id='word_1_258' title='bbox 234 3423 420 3483; x_wconf 86' lang='lat' dir='ltr'>consecratio</span> <span class='ocrx_word' id='word_1_259' title='bbox 439 3419 623 3501; x_wconf 87' lang='lat' dir='ltr'>Episcopatis</span> <span class='ocrx_word' id='word_1_260' title='bbox 643 3421 787 3501; x_wconf 86' lang='lat' dir='ltr'>praecedit</span> <span class='ocrx_word' id='word_1_261' title='bbox 807 3422 1041 3502; x_wconf 80' lang='lat' dir='ltr'>assignationem</span> <span class='ocrx_word' id='word_1_262' title='bbox 1055 3424 1140 3491; x_wconf 78' lang='lat' dir='ltr'>dim.</span> 
     </span>
     <span class='ocr_line' id='line_1_37' title="bbox 152 3509 1139 3590; baseline 0.01 -20"><span class='ocrx_word' id='word_1_263' title='bbox 152 3511 228 3572; x_wconf 87' lang='lat' dir='ltr'>cesis</span> <span class='ocrx_word' id='word_1_264' title='bbox 244 3513 262 3570; x_wconf 76' lang='lat' dir='ltr'>a</span> <span class='ocrx_word' id='word_1_265' title='bbox 280 3512 360 3590; x_wconf 77' lang='lat' dir='ltr'>Papa</span> <span class='ocrx_word' id='word_1_266' title='bbox 375 3509 506 3572; x_wconf 86' lang='lat' dir='ltr'>tactam:</span> <span class='ocrx_word' id='word_1_267' title='bbox 526 3526 597 3570; x_wconf 90' lang='lat' dir='ltr'>nam</span> <span class='ocrx_word' id='word_1_268' title='bbox 611 3509 810 3590; x_wconf 86' lang='lat' dir='ltr'>respondetur</span> <span class='ocrx_word' id='word_1_269' title='bbox 824 3527 885 3572; x_wconf 92' lang='lat' dir='ltr'>non</span> <span class='ocrx_word' id='word_1_270' title='bbox 900 3527 966 3574; x_wconf 86' lang='lat' dir='ltr'>esso</span> <span class='ocrx_word' id='word_1_271' title='bbox 980 3513 1139 3580; x_wconf 88' lang='lat' dir='ltr'>rationem</span> 
     </span>
     <span class='ocr_line' id='line_1_38' title="bbox 154 3597 1140 3677; baseline 0.009 -18"><span class='ocrx_word' id='word_1_272' title='bbox 154 3617 207 3660; x_wconf 91' lang='lat' dir='ltr'>cur</span> <span class='ocrx_word' id='word_1_273' title='bbox 221 3599 252 3659; x_wconf 86' lang='lat' dir='ltr'>S.</span> <span class='ocrx_word' id='word_1_274' title='bbox 270 3597 405 3658; x_wconf 78' lang='lat' dir='ltr'>Pontifex</span> <span class='ocrx_word' id='word_1_275' title='bbox 421 3597 516 3677; x_wconf 90' lang='lat' dir='ltr'>possit</span> <span class='ocrx_word' id='word_1_276' title='bbox 528 3597 665 3659; x_wconf 86' lang='lat' dir='ltr'>conterre</span> <span class='ocrx_word' id='word_1_277' title='bbox 679 3597 919 3676; x_wconf 85' lang='lat' dir='ltr'>jurisdictionem</span> <span class='ocrx_word' id='word_1_278' title='bbox 934 3599 963 3660; x_wconf 93' lang='lat' dir='ltr'>in</span> <span class='ocrx_word' id='word_1_279' title='bbox 980 3617 1042 3662; x_wconf 92' lang='lat' dir='ltr'>uno</span> <span class='ocrx_word' id='word_1_280' title='bbox 1056 3620 1140 3668; x_wconf 83' lang='lat' dir='ltr'>casu</span> 
     </span>
     <span class='ocr_line' id='line_1_39' title="bbox 153 3684 1140 3767; baseline 0.007 -21"><span class='ocrx_word' id='word_1_281' title='bbox 153 3693 183 3746; x_wconf 89' lang='lat' dir='ltr'>et</span> <span class='ocrx_word' id='word_1_282' title='bbox 204 3703 266 3746; x_wconf 95' lang='lat' dir='ltr'>non</span> <span class='ocrx_word' id='word_1_283' title='bbox 287 3686 318 3746; x_wconf 94' lang='lat' dir='ltr'>in</span> <span class='ocrx_word' id='word_1_284' title='bbox 337 3685 431 3748; x_wconf 87' lang='lat' dir='ltr'>attero</span> <span class='ocrx_word' id='word_1_285' title='bbox 447 3704 454 3746; x_wconf 76' lang='grc' dir='ltr'><em>τ</em></span> <span class='ocrx_word' id='word_1_286' title='bbox 472 3687 543 3746; x_wconf 83' lang='lat' dir='ltr'>cum</span> <span class='ocrx_word' id='word_1_287' title='bbox 564 3685 637 3747; x_wconf 91' lang='lat' dir='ltr'>ittud</span> <span class='ocrx_word' id='word_1_288' title='bbox 656 3684 742 3748; x_wconf 83' lang='lat' dir='ltr'>iaciat</span> <span class='ocrx_word' id='word_1_289' title='bbox 762 3692 884 3766; x_wconf 90' lang='lat' dir='ltr'>propter</span> <span class='ocrx_word' id='word_1_290' title='bbox 908 3687 1140 3767; x_wconf 79' lang='lat' dir='ltr'>plenitudinem</span> 
     </span>
     <span class='ocr_line' id='line_1_40' title="bbox 156 3771 1138 3852; baseline 0.008 -18"><span class='ocrx_word' id='word_1_291' title='bbox 156 3774 308 3852; x_wconf 81' lang='lat' dir='ltr'>potestatis</span> <span class='ocrx_word' id='word_1_292' title='bbox 329 3789 421 3850; x_wconf 92' lang='lat' dir='ltr'>quam</span> <span class='ocrx_word' id='word_1_293' title='bbox 440 3772 528 3832; x_wconf 85' lang='lat' dir='ltr'>habet</span> <span class='ocrx_word' id='word_1_294' title='bbox 541 3771 726 3847; x_wconf 74' lang='lat' dir='ltr'>pedemondi</span> <span class='ocrx_word' id='word_1_295' title='bbox 742 3773 936 3849; x_wconf 73' lang='lat' dir='ltr'>universalem</span> <span class='ocrx_word' id='word_1_296' title='bbox 959 3777 1138 3842; x_wconf 83' lang='lat' dir='ltr'>Ecclesiam</span> 
     </span>
    </p>
   </div>
   <div class='ocr_carea' id='block_1_6' title="bbox 0 0 1281 4210">
    <p class='ocr_par' dir='ltr' id='par_1_9' title="bbox 0 0 1281 4210">
     <span class='ocr_line' id='line_1_41' title="bbox 0 0 1281 4210; baseline 0 0"><span class='ocrx_word' id='word_1_297' title='bbox 0 0 1281 4210; x_wconf 95' lang='lat' dir='ltr'> </span> 
     </span>
    </p>
   </div>
   <div class='ocr_carea' id='block_1_7' title="bbox 1261 1507 1264 2010">
    <p class='ocr_par' dir='ltr' id='par_1_10' title="bbox 1261 1507 1264 2010">
     <span class='ocr_line' id='line_1_42' title="bbox 1261 1507 1264 2010; baseline 0 0"><span class='ocrx_word' id='word_1_298' title='bbox 1261 1507 1264 2010; x_wconf 95' lang='lat' dir='ltr'> </span> 
     </span>
    </p>
   </div>
  </div>
 </body>
</html>
