2526 4210
443 281 535 360 ‘amun
557 278 673 362 antuus.
746 283 747 287 ¹
994 313 1052 375 ate

73 441 89 478 a
112 418 213 480 ubivis
235 416 384 489 locorum,
408 415 440 476 in
461 415 604 478 omnibus
625 413 714 478 Urbis
738 417 887 500 orbisque·
900 421 1054 504 incoestis,

74 506 209 568 «etiam
237 503 269 566 in
293 503 412 584 Capella
434 505 541 566 Nostra
560 503 729 580 Pontifieia,
755 503 786 566 ln
812 507 922 581 missis,
948 510 1057 576 divinis

75 617 92 656 ι
114 593 236 670 officiis,
262 597 522 654 sacramentorum
543 591 803 655 administratione
823 599 1000 678 caeterisque
1020 599 1059 662 ad

76 707 94 743 a
116 682 258 745 divinum
272 682 387 744 cultum
401 678 632 762 pertinentibus,
644 681 661 740 a
673 679 828 760 quibusvis
842 687 979 764 personis
993 686 1060 751 dili·

76 795 93 831 «
120 777 229 852 genter
251 770 468 844 observentur3
494 767 695 845 caeremoniae,
721 767 746 829 si
771 769 954 834 exoleverint
977 776 1061 838 resti·

77 883 94 918 a
116 864 263 933 tuantur,
287 859 311 918 si
329 858 496 938 depravatae
520 855 632 918 luerint
653 855 875 934 reformentur3
902 859 993 925 libros
1022 863 1061 928 da
1235 902 1239 908 -

77 971 95 1008 a
118 948 213 1009 sacris
235 946 344 1008 ritibus
362 952 390 1008 et
413 943 614 1022 caeremoniis,
632 943 782 1026 imprimis
805 946 990 1030 Pontificem,
1013 951 1062 1014 lti-

79 1035 212 1112 utuale,
241 1033 467 1110 ceremoniale,
491 1037 581 1114 prout
606 1051 683 1114 opus
708 1032 808 1112 fuerit,
838 1035 1005 1101 reforment
1030 1045 1062 1104 et

79 1146 96 1183 a
119 1122 302 1196 emendent3
318 1121 415 1183 officia
429 1121 529 1182 divina
545 1120 583 1182 de
597 1119 708 1182 sanctis
722 1121 860 1185 Patronis
874 1129 1060 1208 examinent,

79 1233 96 1268 a
119 1217 150 1272 et
164 1210 258 1272 Nobis
272 1210 401 1290 desuper
417 1209 573 1282 consultlS,
591 1210 773 1282 concedant3
790 1211 965 1292 diligentem
979 1236 1058 1299 quo·

79 1321 96 1357 a
118 1317 181 1380 que
195 1317 300 1360 curam
321 1298 481 1378 adhibeant
500 1298 579 1358 circa
599 1299 652 1359 SS.
675 1299 955 1376 Canonirationem‚
973 1306 1060 1369 lesto-

79 1409 97 1448 c
119 1405 253 1467 rumque
267 1387 386 1448 dierum
400 1386 645 1461 celebrationem,
659 1391 693 1448 ut
704 1388 807 1450 onmia
821 1387 877 1452 rite
892 1395 922 1452 et
935 1395 1017 1456 recte
1030 1399 1061 1457 et

81 1497 100 1536 a
121 1493 162 1538 ex
176 1475 298 1537 Patrum
310 1474 496 1536 institutione
512 1472 595 1534 bant.
610 1495 624 1532 u

120 1563 181 1626 llic
203 1582 264 1625 non
287 1569 333 1624 est
357 1561 612 1644 praetermittenda
629 1561 795 1626 Declaratio
814 1565 845 1627 S.
864 1566 976 1648 congr.
1002 1569 1059 1633 Rit.

76 1653 152 1716 data
166 1655 204 1714 23
224 1651 283 1714 mai
308 1655 407 1714 1846:
428 1672 442 1708 a
459 1653 505 1710 dn
525 1650 642 1710 decreta
659 1649 676 1710 d
692 1652 722 1713 S.
744 1653 892 1734 Congreg.
909 1665 1060 1732 emanata,

81 1763 101 1802 a
121 1747 154 1803 et
175 1740 386 1821 responsiones
411 1755 626 1820 quaecumque,
646 1737 683 1799 ab
704 1739 767 1820 ipset
784 1743 945 1824 propositis
963 1744 1063 1810 dubiis

82 1851 102 1890 a
122 1829 236 1908 scripto
254 1828 417 1889 formaliter
438 1827 543 1902 editae,
557 1826 695 1888 eamdem
709 1827 839 1891 babeant
857 1834 1062 1897 auctoritatem

83 1939 102 1979 a
122 1935 160 1979 ac
172 1918 196 1978 si
211 1917 384 1978 immediate
395 1915 508 1996 abipso
520 1914 665 1977 Pontilice
680 1926 894 1997 promanarent
906 1969 914 1998 ‚
926 1925 1063 2004 quamvis

84 2029 102 2066 a
123 2005 208 2068 nulla
224 2005 302 2066 facta
314 2004 403 2066 luerit
417 2004 454 2066 de
468 2002 575 2064 iisdem
587 2003 691 2065 relatio
701 2007 856 2068 Sanctitati
872 2009 990 2072 Suaels

123 2095 156 2156 S.
180 2095 328 2174 Gongreg.
349 2091 504 2172 respondit
525 2113 540 2150 c
562 2089 769 2173 Affirmatiod,
790 2101 819 2156 et
837 2095 913 2158 lacta
933 2099 970 2160 de
985 2118 1062 2181 prae-

84 2207 102 2242 «
122 2181 225 2243 missis
251 2181 394 2243 omnibus
417 2179 613 2242 sanctissimo
642 2183 679 2242 D.
707 2184 745 2244 N.
778 2182 831 2244 Pio
863 2187 903 2246 lX
926 2185 1062 2251 Pontifici

85 2294 102 2329 u
122 2271 257 2335 Maximo
270 2269 425 2339 relatione,
442 2269 590 2330 Sanctitas
605 2269 665 2330 Sua
680 2269 822 2351 rescripta
842 2271 859 2331 a
876 2273 967 2334 Sacra
980 2276 1061 2338 Con-

85 2385 102 2419 «
124 2360 301 2442 gregatione
311 2359 342 2418 in
352 2357 495 2420 omnibus
505 2363 533 2418 et
543 2356 670 2436 singulis
679 2359 1064 2438 approbavitconlirmavit·
1177 2440 1180 2446 .

85 2472 103 2508 a
123 2467 196 2530 que.
213 2468 229 2506 n
247 2445 336 2528 Apud
346 2446 508 2507 Gardellini
520 2449 542 2506 ¹.

123 2539 252 2598 Decreta
269 2535 339 2597 verb
359 2536 390 2596 S.
406 2536 498 2615 Cong.
516 2533 577 2594 Rit.
594 2533 652 2594 alia
665 2538 737 2595 sunt
757 2536 918 2614 generalia,
934 2537 996 2602 sive
1013 2559 1064 2604 ea-

77 2624 181 2709 presel²
198 2624 274 2688 Urtt
287 2632 314 2685 et
329 2623 410 2694 Oroi,
430 2622 490 2684 sive
505 2621 722 2704 oeqm'oolenter‚
738 2623 860 2702 quando
875 2643 985 2709 nempe
1003 2628 1063 2692 sol·

82 2717 164 2777 vitur
177 2713 304 2774 dubium
318 2711 397 2773 circa
407 2710 540 2790 aliquam
550 2710 701 2771 rubricam
713 2711 763 2789 Jus
777 2729 940 2776 commune
954 2715 1064 2781 sacien-

83 2810 168 2874 tem;
184 2801 240 2862 alla
251 2806 320 2862 sunt
339 2799 543 2880 particularia,
560 2798 584 2859 si
598 2817 625 2859 v.
643 2817 672 2878 g.
690 2800 822 2862 solvatur
839 2801 967 2865 dublum
983 2806 1063 2871 circa

83 2888 210 2972 aliquod
238 2883 438 2971 privilegium.
465 2883 560 2947 Porro
588 2885 678 2946 etiam
706 2887 825 2950 decreta
852 2892 1065 2974 aequivalenter

83 2978 249 3060 generalia,
265 2977 377 3058 ubique
392 2975 537 3056 obligant,
552 2974 607 3036 etsi
621 2992 684 3036 non
694 2974 807 3038 luerint
819 2981 1022 3062 promulgata,
1037 2982 1062 3046 ai

83 3069 148 3131 sint
160 3065 441 3147 comprehensiva¹.

124 3157 203 3218 Nota
232 3154 331 3216 adbuc
357 3151 440 3234 quod
466 3152 638 3214 inveterata¹
652 3170 854 3235 quaecumque
875 3156 1063 3221 consuetudo

84 3262 150 3308 non
174 3242 268 3326 possit
294 3241 439 3321 derogare
460 3239 518 3320 legi
540 3240 702 3300 adecrotis
721 3242 752 3302 S.
774 3243 883 3323 Congr.
907 3245 966 3306 Rit.
991 3262 1064 3327 prm·

83 3332 216 3414 scripta.
232 3329 421 3391 ltadecisum
435 3331 454 3390 3
468 3347 537 3409 aug.
556 3330 644 3404 1839,
661 3329 693 3389 in
707 3331 797 3391 causa
809 3331 991 3397 Triventint.

117 3511 126 3539 ¹
144 3502 290 3558 Ordinarius
306 3503 409 3555 stricte«
424 3508 522 3555 tenetur
531 3503 660 3570 providere
667 3509 696 3554 ut
706 3504 821 3557 llubricae
832 3512 856 3558 et
864 3507 945 3559 Sacro
961 3508 1061 3564 llitunu

85 3596 98 3628 a
110 3573 319 3643 congregationis
331 3576 432 3626 Decreta
445 3574 551 3628 fideliter
562 3581 699 3628 serventur.
715 3595 725 3625 ι
742 3575 768 3630 S.
782 3576 811 3629 ll.
823 3578 860 3640 (1.,
873 3579 903 3631 l'l
915 3586 978 3648 sept.
992 3581 1061 3636 lma.

118 3652 157 3698 ἰ
175 3649 213 3699 nn
237 3646 350 3709 Praelatl,
368 3645 552 3712 brobieplscopi
570 3651 596 3697 et
612 3646 725 3712 Episcopi
747 3649 844 3714 possint
858 3666 913 3703 erse
923 3651 1020 3718 judicer
1031 3653 1062 3705 all

85 3741 97 3772 ι
117 3719 267 3772 declaranda
278 3716 352 3768 dubia
363 3717 520 3782 supersaeris
530 3717 618 3768 ritibus
628 3724 654 3769 ot
663 3719 838 3773 ceremoniis?
847 3719 920 3789 Resp.
930 3723 1061 3788 regelinde

88 3791 166 3859 [SR.
182 3787 501 3855 Cong.,inllisen.‚lbtlbl.
885 3803 886 3808 ¹
1064 3797 1067 3803 ·
