2590 4214
523 258 608 302 arnan
631 255 749 301 narnus.
1053 245 1113 306 toa

142 383 158 415 a
179 377 242 440 quo
257 357 453 440 presbytero,
468 355 521 438 qui
535 355 608 417 nihil
624 353 706 417 aliud
720 361 829 436 praeter
843 352 917 416 illud
931 352 1113 416 beneficium

144 469 158 504 ι(
179 446 325 522 habebat,
342 445 424 509 unde
439 444 601 508 commode
615 443 776 505 sustentari
791 443 895 523 possit,
911 446 1030 503 tenetur
1043 459 1114 506 eum

144 557 159 594 a
180 533 270 596 alere.
288 555 304 592 n
322 534 353 596 S.
370 535 402 596 G.
419 527 510 596 Cano.

180 612 285 686 Quoad
307 612 427 676 titulum
448 611 626 694 patrimonii
637 611 684 674 vel
696 609 869 694 pensionis,
893 609 1116 676 observandum

142 708 200 764 est:
214 703 245 762 1⁰
260 701 342 782 quod
357 701 400 763 sio
415 701 547 763 ordinari
561 708 728 783 nequeunt,
742 721 756 758 n
771 698 829 760 nisi
843 697 885 758 illi
901 717 977 778 quos
991 700 1117 779 Episco-

146 812 161 848 (ι
181 807 239 870 pus
247 789 426 868 judicaverit
440 788 638 852 assumendos
651 807 707 872 pro
721 787 887 849 necessitate
900 786 947 848 vel
961 788 1118 849 commodi-

147 900 161 936 (ι
184 885 244 956 tate
257 877 460 940 Ecclesiarum
481 896 623 950 suarum;
640 895 676 939 eo
695 894 817 958 quoque
836 875 920 957 prlbs
939 882 1118 957 perspecto,

148 988 162 1024 a
183 965 400 1047 patrimonium
417 965 491 1028 illud
505 966 552 1028 vel
567 966 747 1047 pensionem
761 965 831 1027 verb
853 964 891 1025 ab
912 964 949 1025 iis
968 963 1118 1040 obtineri,

149 1077 163 1112 n
184 1055 314 1135 taliaque
328 1073 393 1116 esse
406 1073 474 1136 quae
487 1054 530 1116 eis
544 1055 581 1116 ad
595 1054 687 1116 vitam
700 1053 927 1118 sustentandam
940 1053 1116 1116 subsint.»

146 1143 253 1220 (Cone.
269 1142 365 1218 urin,
381 1161 455 1204 sess.
471 1146 506 1204 El
521 1189 528 1218 ,
545 1160 611 1222 cap.
628 1143 673 1226 ἓ.)
689 1145 807 1205 —Non
827 1148 925 1223 potest
945 1141 1013 1222 quis
1035 1142 1120 1204 ordi-

147 1231 210 1292 nari
223 1230 261 1292 ad
274 1231 396 1292 titulum
412 1231 540 1312 propriae
550 1230 714 1293 industrias.

187 1318 406 1380 Patrimonium
422 1319 496 1380 illud
513 1319 558 1380 vel
582 1320 707 1400 pensio,
730 1319 795 1382 sine
817 1318 940 1382 licentia
960 1318 1120 1401 Episcopi,

148 1406 272 1468 alienari
287 1413 339 1469 aut
353 1407 500 1488 extingui,
515 1407 560 1468 vel
575 1408 686 1468 remitti
702 1407 874 1469 nullatenus
885 1414 994 1489 potest,
1005 1408 1122 1469 etiamsi

148 1495 331 1557 beneficium
351 1495 501 1557 sufficiens
516 1501 619 1575 postea
640 1496 683 1557 sio
696 1495 852 1557 ordinatus
866 1495 1049 1572 obtinuerit,
1065 1496 1121 1557 nisi

149 1583 207 1645 hoc
219 1582 402 1646 beneficium
417 1583 504 1646 titulo
527 1583 699 1664 patrimonii
719 1583 898 1663 subrogatus
916 1583 954 1644 ab
974 1585 1123 1666 Episcopo

150 1671 250 1749 tuerit,
266 1671 310 1732 vel
326 1671 448 1734 aliunde
461 1670 569 1732 habeat
584 1671 664 1733 unde
678 1671 775 1734 vivere
790 1672 893 1752 possit.
911 1671 1065 1752 Colligitur
1087 1691 1123 1734 ex

150 1761 243 1821 Cone.
260 1759 392 1820 Trident.
407 1758 527 1839 (ibid),
545 1764 575 1820 et
593 1759 732 1821 firmatur
745 1759 835 1821 variis
847 1758 945 1822 Deoia.
963 1761 996 1822 S.
1012 1762 1121 1842 Congr.

192 1848 295 1920 Quoad
305 1848 421 1909 titulum
432 1847 619 1928 paupertatis
629 1848 789 1929 religiose,
800 1847 964 1910 dicendum
977 1849 1058 1930 quod
1068 1849 1124 1912 soll

152 1938 221 1998 vore
231 1935 360 2018 professi
373 1935 488 2018 possint
501 1935 591 1996 hocce
605 1935 692 1997 titulo
706 1935 838 1997 ordinari
853 1955 859 1996 :
876 1937 958 2000 unde
972 1938 1075 2000 novitii
1096 1944 1125 2000 et

151 2025 205 2104 qui
221 2043 282 2086 non
293 2029 364 2086 sunt
379 2024 499 2104 proprie
513 2023 644 2104 religiosi
658 2024 805 2105 professi,
822 2031 978 2106 nequeunt
993 2026 1124 2087 ordinari

152 2113 218 2174 sine
230 2112 318 2174 ritulo
333 2111 494 2189 beneficii,
509 2111 555 2172 vel
568 2111 741 2192 patrimonii
756 2119 807 2175 aut
821 2113 995 2195 pensionis:
1010 2123 1126 2180 constat

152 2219 189 2264 ex
203 2200 397 2282 Pontificuli‚
413 2208 470 2263 eto.

193 2288 369 2370 Excipiendi
387 2296 456 2350 sunt
469 2296 569 2350 tamen
584 2288 751 2352 scholastici
766 2295 795 2351 et
814 2292 916 2352 Patres
930 2290 1048 2353 formati
1071 2293 1124 2355 So-

153 2377 268 2440 cietatis
282 2380 365 2453 Jesu,
379 2377 443 2457 qui,
458 2377 571 2459 absque
588 2378 684 2453 titulo,
698 2379 736 2440 de
750 2378 869 2440 licentia
880 2381 1034 2442 Generalis
1045 2380 1127 2444 Prae·

153 2466 243 2549 positi
258 2465 390 2527 ordinari
404 2473 549 2546 possunt,
565 2466 633 2528 licet
645 2469 708 2529 sola
721 2473 788 2528 vota
800 2467 948 2549 simplicia
960 2469 1127 2547 emiserint,

152 2555 344 2636 quibusque,
359 2552 384 2614 si
397 2555 415 2614 a
429 2554 576 2616 societate
589 2555 797 2632 dimittantur,
814 2555 895 2617 nulla
909 2554 1059 2621 debentur
1072 2558 1127 2620 ali-

155 2648 259 2706 menta
277 2659 334 2704 nec
345 2642 363 2703 a
375 2642 543 2721 Societate,
557 2661 613 2704 nec
623 2643 663 2705 ab
681 2644 830 2726 Episcopo
847 2646 866 2706 a
885 2663 948 2728 quo
969 2645 1008 2708 ad
1027 2665 1129 2710 saeros

154 2730 566 2810 ordinesfueruntpromoti.

195 2830 265 2892 629.
289 2828 412 2901 Quaerit.
434 2830 465 2889 1ο
484 2830 532 2890 An
553 2831 584 2891 in
604 2830 699 2892 Gallia
712 2837 741 2893 et
756 2831 858 2914 Belgio
872 2833 1029 2918 Episcopis
1043 2834 1131 2898 liceat

153 2917 298 2985 ordinare
312 2915 470 2978 saeculares
483 2917 596 3000 absque
611 2920 697 2981 titulo
709 2921 879 2983 canonico?

196 3015 288 3097 Resp.
308 3014 435 3076 Invaluit
449 3015 529 3095 apud
545 3035 616 3088 nos,
639 3025 729 3096 prout
751 3020 839 3080 etiam
860 3019 892 3078 in
911 3019 1033 3100 Belgi0,
1055 3040 1130 3082 con·

158 3103 286 3167 suetudo
296 3102 516 3164 admittendiad
527 3103 768 3184 ordinesabsque
779 3105 927 3168 tituloaut
936 3108 1129 3188 patrimonio.

159 3191 446 3256 Toleratavidetura
456 3191 487 3255 S.
499 3190 666 3253 Sede.Vide
681 3200 818 3255 nostrum
829 3193 1028 3272 Menestam·
1039 3201 1129 3274 2009,

165 3358 174 3371 ’
199 3372 233 3429 ln
248 3377 304 3432 art.
319 3370 357 3429 26
367 3367 453 3448 Legis
467 3369 623 3448 Organieae
638 3368 767 3433 dicitur:
784 3371 849 3431 alls
863 3388 902 3432 ne
916 3380 1063 3451 pourront
1075 3373 1133 3454 (les

164 3478 181 3516 a
200 3444 350 3538 Eaeques)
363 3461 516 3518 ordonner
527 3476 627 3519 aucun
641 3457 886 3539 ecclesiastique,
901 3459 947 3520 s'il
966 3479 1004 3522 ne
1018 3461 1132 3540 J’ustiire
1180 3520 1183 3524 .

164 3565 182 3606 s
202 3545 293 3607 d’une
307 3545 459 3628 propriata}
473 3545 649 3625 produisant
668 3563 707 3606 au
721 3545 821 3607 moins
834 3564 877 3608 un
891 3565 1004 3612 revenu
1021 3552 1132 3613 annuet

165 3655 182 3692 a
200 3632 241 3698 da
253 3636 313 3697 300
326 3633 363 3696 fr.
380 3655 395 3692 n
414 3633 472 3695 Sed
486 3633 535 3694 hic
553 3633 697 3696 articulus
710 3633 765 3696 luit
777 3643 933 3699 revocatus
950 3656 1004 3720 por
1016 3639 1134 3704 artio.2

161 3722 274 3785 decreti
291 3727 330 3788 28
345 3721 419 3785 febr.
437 3725 524 3786 rulo.
