2562 4224
164 275 220 332 rac
434 279 585 324 ausurum
605 269 687 325 snare
709 279 857 324 canonici.

160 399 221 462 que
233 369 399 460 hospitalia,
416 377 447 437 in
462 377 555 438 Gallia
569 377 690 452 saltem,
707 379 877 439 eximantur
892 380 908 438 a
924 377 1144 459 jurisdictione

145 467 321 550 pparochiali
337 485 392 547 pro
407 465 664 527 administratione
680 466 795 536 viatici,
811 473 954 527 extremae
969 468 1142 548 unctioniS,

150 560 281 618 'necnon
297 574 351 636 pro
367 553 553 616 celebrandis
568 553 741 626 funeribus,
760 572 820 615 non
839 560 941 616 tamen
957 573 1013 634 pro
1027 559 1146 618 matria

162 645 271 706 moniis
286 643 358 705 inibi
374 642 571 705 celebrandis,
706 705 709 712 Δ

202 733 299 794 Eximi
318 732 408 795 etiam
428 737 554 811 possunt
571 731 609 792 ab
633 731 792 812 Episcopo,
814 731 914 812 quoad
937 731 1013 805 lraec,
1033 735 1149 798 omnia

161 823 332 894 seminaria,
350 826 384 883 ut
397 825 516 882 constat
532 838 568 882 ex
583 821 693 900 Congr.
711 821 823 896 Cone,
838 820 869 880 in
884 820 977 882 decis.
995 825 1031 882 ta
1046 831 1143 886 mart

163 914 251 984 tran,
272 929 341 991 quae
359 906 402 974 sic
421 925 452 970 se
472 908 581 970 babet:
599 929 615 966 u
630 909 676 969 An
695 909 733 970 sit
755 909 840 970 locus
861 909 1003 970 exercitio
1020 909 1151 990 jurium
1193 965 1199 974 .

166 998 419 1076 «parochialium
444 997 476 1057 in
508 997 670 1059 seminario
688 996 931 1072 .Golimbrieusi,
961 1015 1015 1059 seu
1037 999 1152 1078 potius

150 1071 154 1091 ⁴
168 1107 182 1143 u
196 1094 311 1148 constet
320 1087 358 1147 de
369 1086 502 1147 libertate
511 1085 806 1164 ejusdemscminarii
818 1085 850 1145 in
859 1103 952 1146 casua
963 1087 1010 1160 ,S.
1024 1087 1149 1168 Gongr.

165 1175 317 1256 respondit
335 1194 343 1236 :
363 1174 531 1254 uNagativd
547 1174 585 1236 ad
605 1175 735 1256 primam
751 1180 890 1256 partem;
906 1173 1084 1237 affirmative
1105 1179 1152 1238 ad

167 1287 183 1322 a
205 1265 369 1326 secundam
385 1287 414 1326 n.
1109 1327 1114 1334 ,

204 1353 286 1414 Idam
300 1353 462 1414 dicendum
477 1359 521 1414 est
535 1351 573 1413 de
587 1352 653 1414 aliis
671 1353 940 1417 communitatibus
959 1347 1151 1418 monialium

165 1447 195 1502 et
207 1441 412 1522 religiosorum
428 1459 490 1502 uon
501 1449 723 1521 exemplorum.
1090 1439 1093 1444 ’

575 1585 719 1600 a

523 1703 671 1770 CAPUT
696 1705 758 1772 IV.

165 1864 210 1910 DE
233 1863 370 1909 JURIBUS
393 1863 436 1908 ET
461 1864 747 1910 OBLIGATIONIBUS
772 1865 892 1910 EORUM
918 1864 978 1924 QUI
1001 1862 1150 1917 ΗΑΒΕΝἿ

313 1971 598 2017 JURISDICTIONEM
623 1971 932 2019 ECGLESIASTICAM.

206 2109 274 2168 321.
298 2104 470 2168 Jurisdictic
493 2105 693 2169 ecclesiastica
720 2109 862 2189 supponit
887 2111 1079 2188 necessarid‚
1109 2113 1151 2176 in

164 2196 209 2258 eis
223 2197 274 2278 qui
290 2195 371 2256 illam
383 2195 547 2276 possident,
559 2197 639 2256 varia
646 2196 714 2276 jura
724 2203 753 2258 et
768 2199 989 2278 praerogativas,
1003 2200 1155 2266 videlicet

163 2286 212 2362 jus
230 2285 267 2346 ad
291 2284 488 2346 reverentiam
507 2291 536 2345 et
550 2283 753 2346 obedientiam
776 2304 812 2348 ex
833 2294 916 2366 parte
935 2287 1153 2356 subditorum.

165 2375 241 2434 Cirm
254 2373 377 2454 insuper
384 2373 451 2450 jura
464 2371 649 2452 hujusmodi,
665 2373 696 2434 in
710 2373 886 2437 lutmiorum
900 2376 1099 2458 potiusquam
1116 2382 1156 2446 in

165 2461 355 2540 superiorum
370 2461 507 2540 gratiam,
524 2461 635 2522 tuerint
647 2461 711 2524 istis
724 2463 850 2540 collata,
864 2463 974 2528 exinde
987 2485 1154 2533 enascun-

165 2556 214 2610 tur
228 2549 424 2628 obligationes
442 2549 650 2630 superiorum,
666 2570 735 2632 quae
754 2552 883 2634 duplicis
901 2560 973 2616 sunt
992 2558 1123 2636 generis
1143 2581 1153 2596 ·

161 2637 309 2719 positivae,
327 2639 447 2718 nempe,
464 2657 533 2718 quae
547 2639 679 2702 incertis
697 2641 813 2703 actibus
827 2643 1006 2722 praestandis
1020 2649 1155 2711 consis-

165 2733 242 2801 tunt,
262 2746 290 2788 v.
311 2747 341 2806 g.
359 2727 536 2805 residentia,
552 2736 609 2790 etc.
622 2749 631 2806 ;
645 2731 790 2812 caputium
803 2732 891 2808 verb,
907 2731 1021 2796 scilicet
1040 2735 1073 2796 in
1087 2755 1155 2800 ex-

164 2815 298 2876 cessibus
311 2815 447 2877 vitandis.

205 2905 279 2964 Cbm
297 2904 421 2966 minime
439 2905 526 2968 nobis
539 2907 627 2970 liceat
644 2908 682 2970 de
697 2907 743 2972 his
763 2910 908 2972 omnibus
920 2910 971 2973 hlc
985 2913 1154 2993 sigillatim

165 3000 302 3069 tractare,
318 2992 445 3056 sufficiat
456 3013 631 3058 sermonem
645 2996 743 3060 lacere
757 2999 795 3060 de
806 2999 926 3077 juribus
940 3001 1154 3082 Superiorum

164 3081 434 3144 ecclesiasticorum
454 3082 486 3144 in
507 3102 633 3164 genere,
654 3087 742 3148 etde
766 3088 887 3150 illorum
904 3088 1154 3172 obligationibus

161 3171 318 3252 nepotivis,
332 3171 393 3234 sive
403 3171 441 3233 de
451 3172 622 3235 excessibus
632 3175 670 3236 ab
682 3175 755 3258 ipsis
768 3176 906 3241 vitandis.

583 3336 669 3398 ART.
698 3335 722 3398 Ι.

163 3465 201 3512 DE
220 3465 338 3514 suuldus
357 3466 396 3511 ET
415 3464 632 3512 annodnmvls
649 3467 833 3516 scrumosum
851 3469 1116 3522 acccustasntttoltt
1129 3482 1152 3524 u

555 3555 587 3600 ltt
607 3553 734 3604 Genuum

203 3671 271 3730 322.
294 3671 368 3731 Jura
382 3646 579 3747 Superiorum
599 3669 870 3736 ecclesiasticorum
885 3681 955 3737 sunt
967 3695 1062 3756 gener
1117 3739 1121 3744 .

163 3754 212 3829 ius
225 3756 261 3817 ad
276 3755 479 3818 obedientiam
493 3761 521 3818 et
531 3758 741 3824 reverentiam.
