2548 4216
420 319 432 364 ·.
485 324 570 368 arnna
591 323 707 369 antuus.
1024 317 1076 373 aut
1097 351 1100 356 -

112 441 132 477 α’
149 420 222 482 alias
236 421 383 500 quantiam
396 417 460 481 lieri
474 419 581 499 poterit
595 419 733 481 idoneus.
750 419 780 480 Si
796 438 883 483 secus
896 419 1006 484 lactum
1023 424 1083 485 tire·

112 531 127 567 u
149 508 197 585 rit,
210 508 248 570 ad
261 507 525 588 Metropolitanum
541 506 693 588 deputatio
707 507 881 586 hujusmodi
893 510 1077 587 devolvatur;

111 617 128 655 a
149 597 220 658 etsi
243 595 378 658 Ecclesia
401 595 466 676 ipsa
485 594 716 674 Metropolitana
735 595 836 674 fuerit,
854 603 906 658 aut
933 608 1079 678 exempta,

111 685 401 764 «Capitulumque,
426 688 460 744 ut
489 682 663 762 praefertur,
692 684 849 763 negligens
878 683 982 761 fuerit,
1011 689 1081 748 tund

110 795 128 831 c
149 773 301 852 antiquior
319 772 486 852 Episcopus
503 789 538 833 ex
561 769 775 851 Suffraganeis,
794 771 824 832 in
843 773 1070 853 Metropolitantt

110 883 126 917 α
148 867 179 923 et
192 861 392 942 propinquior
405 859 592 941 Episcopus,
610 861 641 920 in
657 861 812 941 exempta,
827 859 1036 924 OEconomum
1054 867 1081 925 (l

109 973 126 1008 u
151 949 303 1011 Vicarium
318 948 444 1009 idoneos
458 949 551 1029 possit
565 948 756 1010 constituere.
772 969 788 1007 n
809 951 853 1028 (si
869 968 976 1011 omnes
990 953 1080 1012 Vica-

104 1037 188 1098 rium
202 1037 312 1117 eligere
328 1037 523 1118 neglexerint,
535 1055 606 1099 eum
619 1037 772 1098 constituit
781 1039 936 1100 Romanus
945 1040 1081 1102 Pontifex

105 1131 161 1187 aut
180 1127 212 1187 S.
238 1128 385 1206 Congreg.
402 1125 543 1205 Episcop.
564 1133 593 1186 et
608 1125 731 1206 Regul.)
752 1146 767 1183 a
781 1125 946 1207 Episcopus
960 1129 1030 1190 verb
1044 1131 1079 1190 ad

108 1235 127 1273 u
147 1215 286 1275 eamdem
303 1214 469 1275 Ecclesiam
490 1219 645 1274 vacantem
666 1220 840 1293 promotus,
855 1233 891 1276 ex
906 1217 949 1278 eis
964 1237 1032 1298 quae
1044 1221 1078 1278 ad

109 1323 127 1360 c
147 1302 247 1382 ipsum
268 1307 414 1382 spectant,
430 1301 468 1362 ab
487 1301 600 1363 eisdem
621 1303 811 1379 OEcouom0,
828 1304 946 1365 Vinaria
969 1312 999 1367 et
1017 1307 1080 1368 aliis

108 1411 126 1450 a
147 1391 393 1472 quibuscumque
418 1389 601 1452 Officialibus
624 1397 654 1452 et
676 1390 986 1470 administratoribus,
1015 1396 1078 1475 qui,

107 1479 226 1541 «Sede
249 1489 388 1551 vacante,
414 1479 537 1540 luerunt
559 1481 575 1538 a
598 1479 734 1558 Capitulo
752 1478 797 1541 vel
820 1480 859 1540 ab
880 1480 944 1542 aliis
961 1482 992 1542 in
1016 1485 1081 1561 eius

108 1589 126 1625 a
146 1567 247 1629 locum
271 1567 440 1643 constituti,
464 1567 579 1627 etiamsi
605 1567 716 1627 fuerint
736 1585 774 1628 ex
796 1567 903 1629 eodem
931 1570 1077 1650 Capitulo,

108 1679 124 1713 a
145 1657 295 1718 rationem
313 1657 411 1736 exigat
434 1655 613 1729 officiorum,
632 1654 867 1732 jurisdictionis
889 1655 1078 1720 administra-

101 1745 125 1804 '«
139 1745 237 1806 tionis
249 1751 323 1822 ,aut
338 1747 557 1823 cujuscumque
571 1761 678 1804 eorum
694 1745 845 1816 muneris;
861 1746 1014 1826 possitque
1027 1765 1078 1810 eos

105 1855 124 1891 c
144 1832 265 1914 punire,
286 1834 337 1914 qui
357 1834 387 1894 in
406 1850 512 1894 eorum
532 1831 630 1893 officio
652 1850 705 1893 seu
724 1831 981 1896 administratione
1000 1835 1077 1898 deli-

105 1943 122 1980 α
144 1921 285 2003 querint3
300 1922 416 1984 etiamsi
431 1921 564 2002 praedicti
584 1921 746 1995 officiales,
762 1921 886 1984 redditis
899 1922 1075 2002 rationibus

104 2033 121 2068 a
144 2013 162 2072 a
185 2011 320 2091 Capitale
337 2011 381 2072 vel
397 2012 414 2071 a
428 2010 575 2090 deputatis
594 2010 631 2070 ab
650 2009 776 2086 eodem,
792 2011 1012 2074 absolutionem
1027 2025 1078 2075 aut

105 2123 121 2158 u
144 2097 354 2161 liberationem
373 2097 564 2160 obtinuerint.
582 2099 617 2158 Ei
637 2115 759 2178 quoque
779 2099 928 2180 Episcopo
941 2108 1077 2163 teneatur

104 2210 122 2246 e
142 2187 315 2268 Capitulum
336 2187 374 2248 de
395 2186 549 2266 scripturis
563 2186 600 2246 ad
618 2187 783 2248 Ecclesiam
806 2188 1036 2266 pertinentibus,
1050 2191 1074 2250 si

103 2299 121 2335 a
142 2294 212 2355 quaa
224 2276 262 2336 ad
277 2275 445 2355 Capitulum
461 2281 672 2354 pervenerunt,
688 2275 837 2336 rationem
851 2275 986 2338 reddere.
1003 2299 1017 2336 a

141 2367 216 2424 tul.
239 2365 338 2435 Quaer.
354 2369 386 2425 2⁰
408 2362 608 2434 Quandonam
632 2360 720 2422 sedes
741 2362 927 2442 Episcopalis
948 2364 1075 2426 dicenda

98 2453 140 2516 sit
152 2451 283 2514 vacare?

70 2589 74 2595 .
142 2544 234 2622 Resp.
250 2540 343 2603 Sedes
355 2539 415 2602 dici
429 2546 527 2620 potest
541 2557 646 2600 vacare
659 2537 705 2600 vel
717 2538 852 2619 proprii,
864 2538 909 2600 vel
923 2539 1008 2620 quusi
1021 2559 1074 2602 aa·

98 2649 181 2702 care,
198 2629 244 2690 vel
258 2649 359 2691 vacare
371 2628 602 2709 interpretativa.

140 2721 165 2780 l.
183 2717 310 2799 Proprie
325 2727 408 2779 uacat
422 2737 430 2778 ι
447 2721 477 2780 t⁰
487 2736 542 2798 per
556 2721 685 2778 mortem
699 2715 838 2796 Episcopi
849 2735 858 2792 ;
871 2720 903 2778 2ο
914 2735 967 2798 per
980 2718 1074 2799 ipsius

97 2806 329 2869 translationem
352 2806 390 2868 atl
412 2805 501 2867 aliam
525 2805 627 2867 sedem
639 2823 648 2879 ;
674 2807 708 2868 3⁰
730 2821 784 2885 per
802 2805 896 2886 ipsius
918 2809 1073 2870 renuntia-

96 2897 236 2972 tionem3
250 2899 283 2956 4⁰
299 2913 351 2977 per
370 2895 449 2957 illius
467 2894 687 2975 depositionem
697 2911 708 2968 ;
723 2897 755 2956 5⁰
774 2893 896 2975 quando
914 2895 1009 2958 factus
1029 2903 1074 2959 est

97 2985 220 3047 notorie
237 2984 406 3047 haereticus.
422 2986 466 3044 De
480 2990 608 3064 quatuor
624 2982 774 3062 prioribus
794 2983 876 3044 nulla
893 2993 937 3045 est
951 2985 1073 3046 difficul-

95 3082 165 3150 tas;
190 3079 220 3136 et
240 3073 339 3155 quoad
362 3072 504 3154 qrrintum
527 3072 701 3134 communis
724 3077 769 3132 est
790 3071 940 3132 sententia
962 3073 1070 3135 Sedem

96 3170 174 3228 tunc
187 3163 310 3244 proprie
323 3179 440 3224 vacare.

138 3253 175 3313 ΙΙ.
192 3251 283 3325 Orosi
295 3258 393 3323 uacat,
410 3249 532 3332 quando
551 3247 771 3311 administratio
787 3246 923 3310 dioecesis
937 3247 1014 3310 facta
1026 3267 1060 3312 es

97 3339 294 3420 impossibilis
311 3339 472 3420 Episcopo,
486 3340 572 3400 aliter
585 3340 676 3419 quam
691 3337 731 3399 ob
744 3336 839 3418 ipsius
856 3339 1069 3400 excommuni-

97 3431 249 3490 cationem
268 3434 320 3490 aut
334 3428 564 3508 suspensionem
578 3445 586 3486 :
602 3425 740 3488 videlicet
756 3426 781 3487 si
794 3472 802 3502 ,
817 3425 967 3506 Episcopo
980 3425 1071 3507 longa
1114 3495 1116 3499 ,

97 3527 126 3578 ct
140 3519 258 3578 remota
271 3517 404 3578 absentia
413 3516 544 3588 detento,
558 3513 701 3576 moriatur
714 3522 765 3577 aut
775 3513 908 3575 discedat
920 3519 973 3576 aut
986 3514 1071 3577 aliter

98 3605 280 3685 impediatur
301 3606 395 3686 ipsius
415 3604 547 3667 Vicarius
566 3603 731 3678 Generalis,
746 3603 804 3664 alia
820 3621 881 3664 non
900 3602 977 3666 facta
999 3622 1070 3685 pro·

97 3695 213 3758 risione
228 3713 283 3774 pro
299 3694 384 3756 istius
396 3695 484 3756 castis
498 3693 705 3772 contingentia
714 3709 724 3766 3
741 3692 788 3754 vel
803 3692 926 3773 quando
941 3693 1067 3773 Episco-

97 3802 158 3864 pus
183 3792 229 3845 est
250 3788 355 3863 raptus
378 3785 395 3844 lt
420 3781 545 3864 paganis
569 3781 615 3842 vel
637 3779 843 3844 schismaticis.
870 3784 902 3842 ln
928 3781 1068 3842 omnibus
