2548 4216
207 283 265 342 348
465 288 618 332 nunnus
638 285 720 330 runis
742 283 891 329 canonici.

207 392 387 456 sententiam
398 397 572 468 negantem,
588 381 885 467 propterquamdam
899 381 1092 444 decisionem
1107 386 1138 446 S.
1155 387 1185 450 C.

208 485 301 543 Cone.
318 481 348 542 in
363 481 424 560 qua
438 476 547 538 dicitur
561 472 660 555 quod,
673 471 750 534 Sede
767 472 917 548 Vacante,
938 471 1082 533 Vicarius
1102 473 1186 552 Capi-

209 569 311 632 tularis
327 586 388 628 non
405 563 598 647 prohibeatur
615 560 688 622 dare
707 557 893 620 dimissorias
910 556 952 618 od
963 558 1104 639 primam
1128 571 1187 622 toa·

210 678 308 728 turem

250 749 317 808 Non
329 761 418 827 posse
432 747 532 804 autem
546 787 554 816 ,
570 738 661 800 etiam
676 735 777 817 elapso
791 733 890 817 primo
904 752 1006 811 anno,
1022 738 1154 800 concedi
1174 741 1189 799 l

214 835 330 898 Vicario
351 828 511 912 Capitulari
536 825 722 889 dimissorias
739 822 779 884 ad
802 822 924 884 titulum
943 823 1124 903 patrimonii
1149 828 1189 888 rel

211 921 384 1005 pensionis,
401 917 535 1000 eoquod
555 915 629 976 illud
648 918 834 975 reservatum
851 911 889 972 sit
906 913 1061 994 Episcopo
1085 913 1189 995 (Tria,

212 1030 284 1074 sess.
302 1015 336 1071 at
352 1055 360 1080 ,
377 1027 443 1088 cap.
467 1007 512 1087 ⁹2),
533 1003 655 1069 Careias
676 999 804 1063 affirmat
817 997 953 1062 decisum
976 1003 994 1063 a
1019 1003 1052 1065 S.
1082 1004 1189 1084 Congr.

211 1097 348 1162 Concilii.

253 1184 436 1259 Dimissoriae
451 1185 469 1246 a
483 1181 602 1246 Vicarro
615 1177 774 1260 Capitulari
790 1195 942 1240 eoncessae
964 1185 1035 1259 post
1052 1199 1191 1260 annum,

214 1293 276 1336 non
291 1273 429 1354 expirant
442 1291 496 1353 per
509 1271 679 1351 ingressum
692 1265 760 1328 novi
773 1265 925 1346 Episcopi.

254 1361 354 1434 Quaeri
368 1361 417 1423 hic
433 1359 608 1422 subsidiarib
623 1360 720 1436 potest
740 1372 780 1416 an
801 1353 971 1434 Capitulum
989 1357 1038 1418 vel
1057 1359 1192 1421 Vicarius

215 1449 392 1531 Capitularis
407 1447 518 1522 valeat,
536 1451 604 1508 ante
617 1444 752 1524 elapsum
767 1459 894 1518 annum,
906 1445 1079 1508 concedere
1094 1448 1192 1508 dimis

215 1539 329 1617 sorias,
345 1555 407 1599 non
422 1535 532 1619 quibus
545 1532 640 1614 possit
657 1531 798 1597 obtinens
812 1529 934 1592 ordines
947 1533 1128 1615 suscipere,
1144 1535 1191 1596 scd
1209 1557 1214 1572 ¹

216 1627 325 1708 quibus
349 1628 372 1686 a·
387 1623 594 1704 jurisdictione
618 1619 665 1681 sui
685 1617 835 1680 Ordinarii
857 1617 1049 1697 absolvatur,
1078 1642 1135 1686 seu
1156 1643 1190 1684 an

216 1716 311 1777 valeat
323 1715 434 1774 litteras
444 1710 610 1774 concedere
620 1707 699 1787 apud
715 1724 770 1768 nos
783 1706 879 1767 dictas
893 1708 1007 1770 Ereets
1021 1728 1080 1773 seu
1094 1731 1192 1774 aucor-

91 1819 97 1827 ‘
217 1801 408 1885 perationis't
441 1789 446 1798 ⁸

257 1893 345 1969 llesp.
359 1891 402 1950 De
412 1889 448 1951 ed
457 1887 623 1971 quaestiona
634 1883 983 1947 sichabetlleiffenstuol
993 1885 1058 1963 (lib.
1069 1892 1101 1962 3,
1112 1889 1189 1964 tite,

218 1978 316 2059 n0'16)
331 1995 338 2038 :
355 1975 566 2056 «Capitulum,
583 1973 659 2036 Sede
673 1979 809 2050 vacante,
818 1990 881 2034 non
891 1974 1030 2035 concedit
1039 1975 1190 2042 litteras...

221 2089 237 2126 r
256 2067 368 2147 quibus
382 2065 510 2127 clericus
524 2062 686 2124 absolvitur
705 2062 723 2122 a
741 2065 886 2140 potestate
907 2061 953 2122 sui
972 2062 1139 2144 Episcopi,
1161 2085 1191 2128 ac

221 2177 235 2214 o
257 2155 430 2236 perhibetur
443 2152 650 2214 testimonium
666 2150 704 2211 de
718 2149 776 2210 vita
787 2156 817 2210 et
830 2147 936 2211 ordine
950 2149 1067 2230 ipsius:
1083 2173 1149 2236 arg.
1164 2174 1189 2218 o.

221 2265 236 2302 o
257 2241 484 2314 Fraternitotr's,
498 2240 541 2302 De
555 2239 659 2301 clerz'ro
672 2256 730 2300 nou
743 2236 844 2314 resid,
859 2237 892 2299 in
910 2237 1033 2314 Glossa,
1054 2243 1130 2322 quia
1152 2251 1192 2305 est

222 2353 237 2391 e
258 2329 397 2412 quaedam
411 2328 562 2390 alienatio.
577 2348 593 2387 u
611 2330 653 2388 lta
667 2329 816 2406 Fagnan,
832 2331 855 2388 t.
871 2329 886 2387 l
902 2371 910 2402 ,
927 2345 956 2405 p.
978 2329 1050 2402 509,
1079 2335 1115 2390 n·
1135 2336 1191 2403 595

218 2429 247 2482 ct
260 2421 309 2480 alii
324 2417 537 2481 communiter.
546 2417 637 2477 Secus
647 2421 747 2476 tamen
759 2415 894 2476 sentiunt
906 2415 1009 2494 plures
1020 2416 1061 2480 ab
1071 2425 1193 2482 auctore

218 2507 357 2570 Praelect.
373 2506 408 2569 S.
423 2504 556 2587 Sulpr‘tir'
567 2502 646 2566 citati
660 2550 667 2579 ,
683 2502 732 2564 cui
745 2503 834 2564 etiam
847 2503 918 2564 satis
935 2503 1060 2568 lundata
1079 2507 1193 2571 videtur

219 2597 339 2657 illorum
357 2595 524 2670 sententia,
541 2592 581 2652 ita
595 2597 628 2653 ut
637 2593 721 2670 Juxta
733 2591 839 2665 illum,
855 2591 887 2650 in
901 2593 1021 2671 praxim
1035 2597 1101 2656 luta
1121 2616 1192 2660 con-

198 2682 201 2687 '
219 2683 344 2745 scientit
362 2682 457 2763 redigi
470 2680 577 2762 possit,
593 2679 715 2762 quaudo
736 2687 824 2760 urget
840 2679 940 2759 aliqua
962 2681 1039 2744 ratio
1063 2687 1163 2763 gravis
1182 2704 1190 2747 ε

219 2771 304 2852 quia,
320 2771 436 2850 inquit,
451 2785 583 2831 canones
596 2768 761 2848 loquuntur
774 2768 813 2828 de
827 2767 1008 2832 alienatione
1023 2771 1191 2852 bonorum,

220 2875 280 2922 non
293 2859 363 2921 verb
375 2858 413 2920 de
427 2856 606 2920 alienatione
620 2873 830 2938 personarum.

259 2951 329 3012 483.
353 2946 475 3021 Quaerit.
487 2950 519 3007 4ο
530 2944 607 3017 Quid
621 2944 716 3026 possit
728 2943 898 3026 Capitulum
913 2948 1116 3013 autVicarius
1138 2953 1192 3014 Ca·

217 3037 355 3122 pitularis
366 3037 446 3102 circa
459 3033 708 3117 approbationem
722 3032 912 3096 confessariis
931 3034 1067 3119 dandam
1088 3046 1143 3103 aut
1158 3041 1192 3102 ab

219 3123 512 3193 eisretrahendamt
913 3137 915 3142 ·

258 3219 348 3296 Resp.
364 3209 571 3276 Communiter
585 3211 648 3273 uu.
665 3211 814 3273 affirmare
828 3211 911 3293 quod
929 3213 1107 3279 confessarii
1123 3237 1193 3299 pos·

205 3307 280 3369 'sint
292 3301 484 3386 approbarit
503 3298 638 3380 Capitulo
656 3302 702 3363 vel
724 3302 742 3364 b
762 3301 881 3364 Vicario
903 3302 1093 3384 Capitulari,
1118 3307 1192 3369 Sede

221 3400 353 3456 vacante.

258 3484 333 3542 ttem
347 3477 518 3560 Capitulum
532 3482 584 3538 aut
599 3474 736 3540 Vicarius
750 3476 926 3558 capitularis
938 3483 1038 3560 potest
1050 3499 1090 3546 ex
1104 3485 1193 3547 causl

222 3567 379 3630 saeculares
391 3565 599 3640 confessarios,
611 3566 629 3626 a
643 3583 674 3628 se
682 3565 727 3627 vel
741 3565 907 3628 adeluncto
918 3565 1074 3652 Episcopo
1088 3590 1193 3655 appro

222 3653 369 3800 batosbad
387 3669 515 3715 examen
529 3670 684 3725 revocare,
703 3659 733 3717 et
744 3653 768 3717 si
787 3671 848 3716 nou
866 3655 1061 3720 inveniantur
1077 3659 1191 3740 idonci,

223 3759 310 3819 repro
332 3759 391 3800 are.
