2580 4216
228 303 287 361 lat
509 315 660 360 araneam
680 315 762 362 runis
781 316 929 362 canorum

228 431 300 476 cum
315 415 438 494 patena,
453 414 498 475 vel
513 413 600 474 Liber
619 415 844 495 Epistolarumr
861 416 910 479 alii
929 415 1035 477 dicunt
1048 410 1192 474 materiam

229 501 397 582 proximam
413 521 478 564 esse
487 502 582 564 solam
594 502 786 566 traditionem
796 505 898 567 calicis
907 502 993 566 vacui
1002 519 1073 565 cum
1083 501 1191 582 patena,

228 599 259 653 et
272 589 400 653 formam
414 591 504 653 verba
517 591 804 672 correspondentia:
821 580 924 658 Videte
936 591 1030 672 cujas,
1047 595 1131 652 etc...
1143 587 1191 648 Alii
1268 631 1269 686 p

229 680 299 746 verb
308 680 411 743 dicunt
423 681 579 742 materiam
591 681 781 744 essentialem
796 701 862 746 esse
876 684 1000 762 insuper
1011 677 1191 740 traditionem

230 767 308 830 Libri
332 769 555 851 Epistularum,
578 768 649 850 quia
672 787 786 834 munus
806 778 852 833 est
873 767 1052 835 subdiaconi
1075 765 1192 846 speciale
1268 783 1269 834 t

228 859 403 920 solemniter
422 857 568 938 ltpistolas
589 857 698 938 legere.
716 858 749 920 ln
771 861 856 942 praxi
880 861 911 922 S.
934 858 1055 939 Liguor.
1082 854 1143 935 (lib.
1165 858 1191 918 6.
1268 867 1269 912 3

230 956 263 1009 n⁰
277 952 346 1026 rto)
359 947 430 1009 dicit
442 947 638 1028 posteriorem
650 947 728 1010 banc
737 950 918 1011 sententiam
928 965 993 1009 esse
1003 941 1193 1024 sequendam,
1268 977 1269 998 t

230 1042 332 1117 utpote
346 1036 486 1098 tutiorem
503 1042 533 1098 et
544 1053 605 1097 non
621 1037 861 1117 improbabilem.

269 1126 441 1206 Disputatur
454 1125 563 1206 pariter
574 1143 614 1185 an
623 1124 699 1186 calix
711 1131 742 1187 et
753 1134 874 1208 patena,
885 1126 917 1188 in
929 1121 1119 1188 ordinatione
1128 1121 1194 1183 Sub·

229 1216 405 1277 diaconatus
418 1212 602 1288 adhibenda,
618 1221 792 1277 consecrata
803 1233 869 1278 esse
884 1213 1030 1289 debeant3
1044 1212 1125 1273 certb
1137 1213 1193 1292 qui·
1268 1245 1269 1258 ÷

229 1304 299 1366 dem
313 1311 486 1367 consecrata
505 1297 576 1364 esse‘
590 1303 701 1366 debent
718 1323 756 1366 ex
772 1303 947 1367 necessitate
970 1299 1125 1382 praecepti,
1146 1299 1193 1361 sed
1268 1375 1269 1378 Ἴ

229 1392 459 1456 controvertitur
472 1410 511 1452 an
524 1391 594 1454 talia
612 1409 677 1454 esse
691 1391 820 1454 debeant
839 1411 895 1474 pro
914 1390 1063 1454 validitate
1076 1389 1192 1450 ordina-

229 1481 329 1544 tionis.
344 1484 378 1544 ln
393 1479 478 1563 praxi
491 1480 622 1542 tenenda
635 1486 681 1543 est
693 1481 840 1544 sententie
852 1481 1015 1544 affirmans.
1032 1479 1064 1541 S.
1077 1478 1189 1558 biguor.
1268 1503 1269 1510 ¹

228 1574 250 1616 t·
265 1573 283 1584 ¹·
864 1609 867 1616 .

232 1571 337 1724 ‘lbbbb
361 1659 444 1722 Circa
471 1657 679 1739 poenitentiam
706 1659 846 1722 Diaconis
872 1663 901 1721 et
929 1617 1136 1737 ,Subdiaconis
1158 1654 1192 1717 ab

230 1751 378 1830 Episcopo
392 1753 460 1829 post
472 1747 694 1810 ordinationem
707 1747 935 1830 imponendam,
952 1747 1059 1809 dicitur
1073 1747 1104 1808 in
1118 1748 1190 1808 Pon-

229 1837 336 1918 tr‘ficoli
349 1855 357 1898 ε
373 1836 445 1898 and
460 1835 715 1900 Subdiaconatnm
738 1837 784 1898 vel
797 1838 995 1906 Diaconatum
1015 1835 1165 1918 (promoti)
1181 1853 1189 1893 τ

234 1948 248 1983 a
269 1928 458 1988 Nocturnum
477 1925 542 1986 talis
563 1925 661 1989 dici...
685 1926 811 1990 dicite...
836 1927 945 1988 »Cium
959 1925 1031 1988 verb
1052 1925 1091 1986 de
1110 1941 1194 1986 sensu
1268 1999 1269 2002 Ἴ

230 2013 337 2075 borum
351 2013 511 2075 verborum
526 2013 746 2094 disputaretur,
763 2015 944 2097 interrogata
958 2015 989 2076 S.
1011 2013 1071 2074 Rit.
1088 2015 1189 2092 Congr.
1268 2017 1269 2084 t

229 2121 267 2163 nn
280 2102 346 2164 haec
365 2101 452 2163 verba
467 2101 505 2162 de
518 2107 581 2163 toto
593 2101 698 2165 Officio
713 2111 861 2166 nocturno
882 2110 911 2165 et
925 2101 1078 2183 Laudibus
1091 2101 1192 2163 intelli·
1268 2121 1269 2130 ¹

228 2191 326 2271 penda
339 2198 455 2263 essent,
473 2190 519 2251 vel
542 2191 580 2252 de
598 2191 691 2253 unico
704 2191 858 2255 Nocturno
881 2199 910 2254 et
924 2191 1030 2273 quali?
1043 2193 1145 2272 Resp.‚
1158 2193 1186 2250 tl

228 2299 296 2362 aug.
315 2283 403 2356 1860,
419 2279 613 2359 intelligenda
627 2298 692 2342 esse
707 2281 744 2342 de
758 2281 851 2342 unico
863 2283 1019 2342 Nocturno
1033 2278 1137 2356 feriali,
1151 2277 1191 2339 vel

228 2369 377 2451 deprimo
397 2368 563 2430 Dominieae
576 2375 609 2430 ut
627 2369 657 2430 in
673 2369 828 2450 psalterio,
844 2368 875 2431 id
895 2374 939 2430 est
955 2373 992 2430 la
1014 2368 1191 2450 psalmorum

227 2476 297 2520 cum
321 2458 383 2520 suis
402 2456 583 2536 Antiphonis
605 2457 643 2518 de
663 2465 817 2538 tempore,
843 2475 936 2539 quem
957 2459 1124 2540 Episcopus
1144 2455 1191 2518 de·

226 2546 346 2626 signare
359 2552 474 2628 potest,
495 2547 539 2607 vel
561 2545 655 2626 ipsius
669 2545 726 2608 diei
740 2565 802 2627 quo
820 2547 909 2608 babet
918 2547 1138 2608 ordinationem
1151 2544 1192 2606 ret

226 2635 346 2697 alterius
361 2652 414 2715 pro
427 2653 482 2696 suo
496 2633 639 2710 arbitri03
656 2634 696 2696 ita
708 2643 742 2696 ut
757 2654 819 2696 non
834 2637 927 2716 possit
940 2635 1098 2716 designare
1116 2637 1191 2697 Noc-

225 2731 351 2784 turnum
365 2721 454 2783 officii
470 2722 566 2784 tribus
587 2724 704 2785 tanturn
727 2725 850 2804 psalmis
867 2731 1067 2786 constantem.
1084 2725 1114 2786 Si
1127 2725 1192 2785 verb
1268 2729 1269 2806 J

227 2811 392 2891 llpiscopus
407 2811 479 2871 nibil
494 2811 574 2872 aliud
588 2812 769 2893 expresserit
783 2816 875 2894 quam
890 2813 972 2894 quod
985 2813 1077 2875 verba
1097 2812 1190 2875 Ponti·

226 2899 319 2962 ticelis
331 2906 450 2976 sonant,
465 2899 629 2962 dicendum
642 2907 687 2962 est
700 2901 885 2964 Nocturnum
899 2901 1190 2983 sartateconespon-
1268 2947 1269 2956 ,

224 2989 298 3050 dens
319 2988 377 3049 diei
399 2989 512 3068 inquo
533 2993 653 3069 peracta
673 2988 729 3052 tuit
748 2990 907 3053 ordinatio
924 2991 1011 3054 Nulla
1030 2990 1063 3051 nt
1085 2987 1191 3050 mentio
1268 2991 1269 2994 ’

222 3078 260 3139 de
278 3077 467 3152 invitatorio,
491 3076 607 3158 hymno
625 3084 655 3139 et
673 3077 864 3141 lectionibus.
882 3079 956 3142 Vide
979 3077 1134 3151 Analecta,
1156 3079 1186 3136 ll
1268 3165 1269 3168 Ἴ

223 3167 303 3244 tiva,
320 3172 351 3228 et
364 3165 462 3229 Herae
474 3166 521 3228 des
533 3167 657 3230 roteneco
670 3167 754 3248 eccl,
768 3171 808 3231 20
822 3187 891 3250 aug.
908 3171 1008 3234 1861.-

669 3340 688 3420 ς
709 3341 744 3402 ll.

589 3465 634 3530 De
648 3467 823 3529 Diaconotu.
941 3499 944 3502 ·

259 3617 328 3676 582.
351 3615 532 3674 diaconatus
551 3622 594 3675 est
616 3613 755 3694 ordoque
769 3612 924 3694 consertor
943 3615 1042 3678 clienti
1059 3609 1187 3696 specialis

218 3709 343 3782 potestas
357 3703 389 3760 in
402 3703 489 3762 raised
500 3701 622 3762 solemni
633 3701 802 3764 immediate
813 3702 969 3765 assistendi
975 3703 1145 3786 presbytero
1161 3704 1185 3756 et

219 3788 385 3849 solemniter
398 3789 525 3850 canendi
539 3791 569 3850 E
571 3789 750 3870 conpellare.
