2548 4216
487 270 574 316 eroon
595 271 714 316 antuus.
1031 262 1084 322 381

111 363 230 424 cercis
254 366 301 426 ete
324 370 493 450 approuves
517 390 572 453 par
596 371 625 434 le
645 378 923 452 gourernement.a
947 373 1024 456 (Art,
1048 379 1088 439 60

107 450 381 536 Legisorganioae.)
1077 454 1081 462 ’

149 541 236 604 Unde
251 543 418 609 oblationes
434 567 504 630 quae
523 568 585 613 non
604 555 676 613 sunt
694 551 712 614 a
730 548 884 612 Gubernio
903 552 1086 632 approbata,

107 631 140 690 in
163 629 228 691 foro
245 633 379 696 saeeulari
399 636 479 717 apud
501 655 557 701 nos
577 639 655 720 exigi
678 648 844 720 nequeunt.
861 639 919 700 Sed
934 642 1005 702 chm
1024 641 1089 706 haec

107 717 171 780 sint
190 721 272 783 certb
290 720 328 783 de
342 727 544 807 competentia
562 728 771 791 ecclesiasticae
792 727 958 810 potestatis,
972 737 1089 793 certum

107 813 154 870 est
177 813 285 872 statuta
305 812 458 896 Episcopi,
474 816 566 878 etiam
589 823 751 900 antequam
773 818 790 878 a
812 816 965 879 Gubernio
985 837 1089 900 appro

108 895 231 974 bentur,
253 897 315 962 imo
334 901 449 965 etiamsi
474 903 512 966 ab
531 905 640 968 eodem
659 906 867 986 rejicerentur,
888 905 1009 986 plenam
1027 907 1088 970 rim

108 984 221 1050 habere
236 1007 290 1069 pro
305 991 501 1056 conscientia.

150 1076 310 1148 Quomodo
332 1086 433 1142 autom
458 1083 630 1148 obtineatur
651 1084 797 1148 Gubernii
826 1084 1003 1165 approbatio
1034 1103 1088 1166 pro

108 1164 211 1245 tarr'ffd
223 1166 421 1245 oblationum,
437 1171 505 1234 vide
519 1175 701 1254 explicatum
718 1173 809 1236 abb.
827 1173 918 1247 Affre,
931 1172 1089 1256 Abreptus

108 1251 371 1318 l'admr'nr'strotion
385 1267 509 1342 tempor.
521 1262 568 1324 des
579 1265 722 1344 parsisses
736 1266 777 1344 (p.
794 1262 917 1344 91-99).

150 1343 231 1405 litote
245 1346 327 1426 quod
342 1365 380 1409 ex
395 1347 509 1430 lageas
526 1351 597 1413 maii
613 1355 701 1429 1838,
718 1359 773 1414 art.
790 1351 806 1410 1
826 1370 834 1412 :
856 1373 870 1410 a
884 1353 940 1414 Les
950 1349 1039 1433 juges
1050 1352 1089 1415 de

113 1455 129 1491 a
151 1433 222 1512 pair
233 1435 427 1498 contraissent
437 1437 475 1500 de
490 1445 587 1502 tontes
601 1441 716 1503 actions
731 1440 938 1521 personnelies
952 1448 979 1502 et
992 1441 1088 1502 mobi-

113 1545 130 1581 a
152 1523 240 1584 lieres
258 1541 296 1586 en
309 1523 429 1587 dernier
443 1537 550 1589 ressmt
569 1529 691 1607 jusqu’a
708 1529 735 1590 la
749 1529 851 1591 raleur
864 1528 902 1590 de
918 1531 975 1592 too
989 1527 1044 1607 ir.,
1060 1535 1090 1592 et

119 1633 137 1672 ι
151 1613 167 1673 a
182 1611 292 1694 charge
305 1613 424 1696 d‘appel
433 1615 556 1699 jusqu'a
570 1617 598 1678 la
614 1617 715 1678 raleur
729 1616 767 1679 de
785 1621 845 1680 200
858 1617 921 1680 fr.»

273 1755 492 1815 1V.-brruns
511 1769 629 1814 rlaocur
647 1771 739 1821 ouolo
758 1771 923 1816 screnum.

151 1877 221 1936 511.
245 1876 300 1936 lus
319 1873 394 1936 illud
412 1875 468 1937 tria
486 1875 696 1957 complectitur
714 1895 721 1938 :
739 1879 770 1938 l⁰
786 1877 837 1956 jus
857 1877 1021 1958 sepeliendi
1032 1899 1041 1956 ;
1054 1883 1088 1941 2⁰

107 1964 158 2044 jus
179 1963 336 2025 funeribus
356 1964 592 2041 interveniendi;
609 1969 642 2028 3⁰
657 1967 707 2045 jus
722 1967 927 2028 emolumenta
946 1987 983 2031 ex
1001 1967 1088 2032 iuua-

110 2051 196 2114 ribus
212 2053 419 2132 provenientia
434 2054 631 2135 percipiendi.

151 2143 175 2204 l.
191 2142 247 2203 dus
258 2141 427 2224 sepeliendi.
443 2143 592 2224 Eaceptr's
605 2143 717 2205 casibus
729 2144 904 2225 quibusdum
919 2146 936 2206 d
952 2146 1025 2228 jure
1036 2145 1089 2208 de-

111 2230 293 2307 terminatis,
314 2230 364 2312 jus
378 2231 543 2312 sepeliendi
557 2232 768 2313 parochianos,
789 2235 918 2314 pertinet
941 2234 978 2294 ad
1001 2253 1090 2316 paro·

110 2319 215 2383 chum.
237 2319 270 2381 ld
283 2325 399 2382 constat
413 2338 451 2382 ex
467 2338 533 2403 cap.
551 2320 606 2382 Ec
615 2330 719 2402 perte,
737 2321 781 2385 De
793 2321 961 2404 sepulturd,
978 2330 1007 2385 et
1020 2341 1087 2405 cap.

109 2409 144 2472 Is
153 2409 217 2490 qui,
232 2407 276 2470 De
286 2407 457 2491 sepulturis,
476 2409 507 2469 in
521 2412 567 2472 6⁰.
1042 2441 1044 2453 ·

150 2501 226 2562 lure
239 2498 396 2560 communi
411 2497 561 2580 parochus
573 2498 625 2582 jus
638 2499 730 2563 habet
743 2500 906 2582 sepeliendi
923 2520 993 2564 suos
1007 2520 1091 2582 paro

110 2587 252 2662 chianos,
267 2585 337 2648 licet
350 2591 433 2649 extra
448 2585 623 2668 parochiam
637 2587 795 2666 decedant,
806 2589 834 2650 si
844 2589 949 2672 ubsque
957 2591 1090 2672 periculo

110 2676 153 2740 ud
172 2676 269 2757 ipsum
279 2674 452 2757 parochiam
465 2676 586 2738 valeant
600 2676 767 2758 deportari,
790 2685 823 2740 ut
838 2677 877 2739 ait
890 2697 956 2760 cap.
979 2680 1010 2741 Is
1023 2679 1088 2762 qui.

111 2764 252 2828 Generali
263 2769 365 2826 autem
376 2783 446 2841 usu,
470 2762 502 2826 in
517 2765 623 2844 Gallia,
638 2767 695 2830 loci
707 2767 848 2830 decessus
861 2767 1010 2849 parochus
1020 2768 1091 2832 lacit

111 2854 321 2936 sepulturam:
337 2859 470 2917 attamen
489 2853 670 2918 familiarum
685 2857 809 2920 arbitrio
826 2857 884 2919 hoc
898 2859 1089 2940 relinquitur.

154 2943 281 3016 Quando
303 2943 371 3024 quis
393 2943 506 3006 habitat
530 2943 562 3006 in
582 2945 718 3008 continio
740 2947 870 3009 duarum
893 2947 1091 3009 ecclesiarum

112 3031 352 3115 parochialium,
376 3039 516 3096 censetur
535 3034 737 3115 parochianus
758 3034 838 3096 iltius
854 3034 886 3095 in
907 3035 968 3116 qut
981 3033 1091 3097 domus

112 3123 231 3186 aditum
244 3119 340 3202 magis
353 3120 576 3203 frequentatum
591 3121 691 3185 habet.

153 3210 279 3274 Occisus
290 3229 344 3274 seu
355 3229 428 3274 casu
442 3210 575 3272 moriens
587 3210 619 3272 in
634 3209 768 3274 continio
787 3209 917 3274 duarum
932 3211 1091 3292 parochia-

113 3318 210 3378 rum,
230 3300 253 3362 si
270 3300 355 3382 prihs
379 3318 441 3362 non
463 3299 587 3381 elegerit
607 3299 663 3361 sibi
682 3299 890 3381 sepulturam,
907 3319 963 3362 nec
984 3299 1093 3364 habeat

114 3388 311 3471 sepulchrum
321 3388 737 3470 majorum,sepeliendusest
747 3390 779 3451 in
789 3388 931 3471 parochis
941 3388 997 3450 sub
1006 3391 1093 3469 cujus

114 3478 229 3540 finibus
244 3478 392 3560 reperitur
409 3483 500 3560 caput
521 3476 694 3555 cadaveris,
718 3479 790 3558 quia
811 3483 939 3560 estpars
959 3479 1094 3561 corporis

114 3567 259 3630 nobilior.

156 3656 279 3719 Dictum
293 3656 349 3720 luit
362 3656 491 3739 exceptis
507 3655 679 3740 quibusdem
698 3656 811 3721 casibus
830 3658 849 3720 ἀ
860 3657 935 3740 jure
952 3659 1094 3723 determi-

114 3745 197 3810 natis
213 3763 222 3807 s
238 3746 375 3828 namqui
393 3745 485 3810 habet
503 3747 654 3826 majorum
668 3764 794 3811 suorum
817 3746 1010 3831 sepulchrum
1024 3749 1095 3813 alibi
