2562 4224
486 280 570 322 arnan
594 279 707 323 ennius.
1046 273 1082 330 tll

108 398 125 432 a
150 395 212 436 non
228 376 338 438 suffieit
351 377 455 439 titulus
467 378 567 452 lictus,
579 377 631 438 sed
645 378 809 458 requiritur
821 379 934 454 titulus,
950 381 1003 460 qni
1018 381 1083 446 licet

107 485 129 519 a
148 463 186 524 sit
197 467 315 526 tantiam
331 466 480 545 putativus
495 464 578 546 (quia
592 463 668 526 sorte
678 471 724 526 est
737 483 774 526 ex
789 466 886 546 aliqutl
901 471 992 528 causa
1006 469 1072 533 inva

108 574 126 608 a
151 550 243 630 lidus)
261 601 269 628 ,
291 560 393 615 tanmn
416 555 454 616 sit
469 555 573 616 rever‘a
585 552 713 615 collatus
725 555 742 614 a
756 553 888 631 legitimo
903 557 1080 636 superiore,

107 661 126 699 a
148 641 204 701 etsi
220 641 294 702 huic
306 642 430 702 vetitum
441 642 480 703 sit
492 641 615 704 aliunde
628 641 715 704 illurn
727 642 901 704 conterre.»
916 645 1009 706 Porri)
1019 647 1082 709 talis

107 728 233 802 titulus,
248 729 301 791 ubi
315 749 399 791 error
412 736 457 791 est
469 729 657 806 eommunis,
672 735 718 791 est
730 730 833 792 titulus
846 731 1003 798 coloratus.

148 817 231 880 Hinc
243 822 293 879 l⁰:
311 819 341 880 Si
357 836 439 880 mors
452 817 594 900 Episcopi
608 817 707 879 adhuc
717 818 882 900 ignoretur,
891 834 1090 895 perseverant
1158 841 1162 852 ¹
1214 812 1217 824 ’

105 903 267 968 facultates
280 907 390 968 vicarii
405 907 571 983 Generalis,
587 906 659 988 quia
676 908 870 986 cognoscitur
880 909 984 970 titulus
997 912 1082 973 inde·

107 993 195 1056 finite
205 1013 410 1075 perseverans,
426 997 583 1077 ignoratur
596 995 669 1058 verb
679 995 775 1076 ipsius
788 997 942 1061 extinctio.
958 999 1083 1080 ltajudi-

107 1085 192 1145 cavit
205 1089 280 1145 ltota
295 1087 440 1147 Romana.

148 1179 183 1236 2⁰
205 1175 334 1250 Vateret,
350 1193 379 1235 v.
392 1193 422 1254 g.
447 1173 671 1236 Matrimonium
686 1173 711 1235 si
725 1173 843 1235 licentia
855 1175 999 1238 sacerdoti
1013 1177 1081 1241 data

104 1281 295 1324 eonsensum
322 1262 485 1343 recipiendi
503 1312 510 1336 ‚
531 1263 648 1325 occulte
668 1262 773 1324 fuisset
794 1273 953 1340 revocata,
985 1273 1081 1328 stante

104 1352 267 1413 communi
281 1352 478 1414 revocationis
493 1351 670 1432 ignorantia.

149 1444 220 1502 188.
234 1475 272 1486 -
284 1443 317 1502 3⁰
328 1441 358 1502 Si
374 1459 458 1501 error
473 1441 510 1502 sit
523 1441 561 1502 de
571 1442 700 1521 persona
713 1440 888 1524 delegantis,
899 1443 969 1524 quia
979 1462 1080 1507 errore

105 1529 269 1591 communi
293 1529 480 1592 existimatur
507 1548 596 1592 serus
623 1529 789 1607 Praelatus,
817 1533 889 1593 einn
916 1539 1018 1594 tamen
1043 1534 1080 1594 sit

106 1619 226 1698 absque
241 1618 405 1700 superioris
419 1618 595 1680 auctoritate
611 1617 756 1693 intrusus,
765 1624 847 1697 gesta
857 1637 910 1698 per
923 1619 989 1699 ejus
998 1620 1079 1682 dele·

107 1719 214 1780 cairan
230 1713 303 1770 sunt
316 1708 408 1785 irrita,
420 1708 507 1785 iuxta
522 1705 655 1768 Sanchez
666 1705 732 1782 (it,
745 1709 845 1784 n⁰5l);
856 1706 909 1768 sed
923 1707 989 1768 vide
1004 1708 1080 1770 intra

103 1799 117 1882 ζ
148 1889 184 1942 4⁰
206 1883 237 1944 Si
250 1891 390 1965 peccetur
404 1885 435 1945 in
449 1882 604 1946 electionis
617 1883 732 1960 forma,
747 1883 784 1946 eb
802 1883 885 1964 quod
905 1885 1080 1948 solemnitas

105 1974 178 2051 jure
191 1974 363 2054 praescripta
377 1973 530 2035 omittatur
544 1972 575 2033 in
595 1971 742 2034 electione
752 1972 796 2033 vel
810 1973 983 2046 collatione,
998 1981 1079 2054 gesta

108 2081 166 2142 per
180 2063 309 2124 electum
325 2067 386 2124 n'on
400 2061 521 2123 valent:
545 2060 616 2142 quia
630 2060 733 2123 titulus
748 2059 858 2123 deficit.
876 2061 985 2124 Saneh.
1003 2061 1077 2142 tib,

106 2153 176 2234 53).
193 2151 260 2212 Vid.
278 2149 355 2212 intra
370 2149 466 2230 (189).

148 2244 186 2302 5ο
206 2241 237 2302 Si
252 2241 321 2321 quis
334 2239 516 2320 approbatus
525 2257 580 2321 pro
593 2257 656 2301 uno
670 2258 770 2314 anno,
784 2257 821 2302 eo
833 2239 934 2317 elapso
943 2286 950 2311 ,
960 2244 1080 2318 putetur

107 2347 215 2392 errore
241 2326 398 2391 communi
421 2326 520 2389 adhuc
542 2327 744 2408 approbatus,
770 2326 842 2388 dicit
856 2325 988 2388 Sanebez
1006 2325 1079 2406 (ib,

108 2427 145 2479 n⁰
160 2419 226 2500 58),
241 2417 339 2478 valere
351 2414 555 2477 absolutiones
569 2414 608 2476 ab
618 2433 655 2476 eo
664 2415 748 2476 datas
763 2432 772 2475 ε
787 2413 840 2476 sed
854 2414 960 2474 merito
973 2413 1079 2474 obser·

107 2514 158 2568 vat
175 2509 211 2568 D.
227 2501 616 2582 CarriereldeMotm'm.,n⁰
632 2502 716 2584 135),
728 2502 760 2564 in
770 2521 806 2565 eo
818 2520 902 2579 casu,
915 2519 976 2563 non
986 2501 1079 2564 rideri

107 2594 216 2657 adesse
229 2593 347 2655 titulum
360 2591 532 2654 coloratum.
547 2592 631 2654 Idem
646 2597 752 2672 putant
769 2591 873 2653 Collat.
890 2590 1006 2672 Andeg.
1023 2637 1032 2668 ,
1048 2595 1079 2652 6·

106 2683 221 2764 confer.
236 2701 289 2744 aur
302 2681 495 2742 lesaeremcnt
508 2679 542 2743 de
555 2679 652 2742 Pe'nit.
671 2727 680 2757 ,
708 2699 738 2762 p.
755 2683 813 2742 att
828 2701 836 2757 ;
856 2686 886 2742 ct
899 2679 1011 2742 Pontes
1025 2727 1034 2754 ,
1050 2683 1080 2740 v·

106 2771 326 2855 Approbotion,
341 2787 370 2833 c.
385 2774 416 2832 ⁵1.
432 2769 500 2832 Vid.
517 2788 603 2832 num.
617 2788 682 2851 seq.

150 2863 222 2925 189.
246 2857 482 2921 Controvertitur
495 2865 599 2921 utrum
618 2857 792 2936 hujusmodi
811 2857 916 2920 titulus
935 2857 1080 2920 coloretur

107 2951 149 3014 sit
162 2949 291 3012 omuino
307 2946 504 3010 necessarius.
523 2946 628 3009 Plures
652 2947 756 3009 dicunt
784 2947 919 3009 sufficere
946 2966 1099 3010 errorem.

110 3054 306 3102 communem
320 3036 386 3100 sine
400 3035 485 3098 titulo
495 3055 505 3113 3
516 3042 545 3098 et
558 3035 636 3098 hanc
650 3035 830 3098 sententiam
848 3043 881 3097 ut
895 3035 1079 3116 probabilem

108 3124 199 3194 babet
216 3128 249 3190 S.
267 3126 388 3206 Lignor.
411 3123 500 3205 (ib),
520 3127 592 3206 quia
613 3125 704 3186 etiam
728 3125 760 3184 in
780 3123 837 3186 hnc
851 3142 923 3186 casu
937 3123 1079 3203 praesumi

107 3220 208 3297 potest
221 3213 352 3278 Ecclesia
364 3213 503 3295 supplere
515 3260 523 3288 ,
535 3231 590 3294 pro
604 3212 685 3274 bono
699 3214 882 3285 animarum,
893 3210 1079 3290 jurisdictio-

109 3322 181 3367 nem
199 3303 369 3380 ;contreria
381 3308 483 3364 tamen
494 3301 640 3363 sententia
654 3307 700 3363 est
706 3299 889 3370 communior
898 3300 982 3376 juxta
993 3316 1079 3359 enm-

107 3392 193 3468 dem,
209 3398 240 3454 et
253 3393 354 3454 revera
366 3392 400 3453 L.
416 3389 582 3453 Barbarius
595 3397 625 3452 et
635 3408 701 3472 cap.
717 3388 846 3470 Infamia
858 3387 977 3450 titulum
998 3386 1078 3450 culu-

107 3489 210 3544 ratum
223 3485 410 3562 supponunt.

150 3575 220 3634 190.
244 3569 400 3631 Existimat
414 3569 445 3631 S.
459 3567 602 3649 Lignum,
620 3565 717 3649 quud,
731 3566 764 3628 in
778 3583 848 3628 casu
863 3566 960 3648 gravis
976 3585 1079 3629 neces·

107 3659 205 3722 sitatis
218 3658 264 3721 vel
279 3676 398 3740 magnae
413 3656 565 3734 utilitatis,
590 3654 790 3718 confessarius
805 3655 897 3735 possit
913 3655 955 3718 uti
974 3655 1080 3733 hujus·

108 3747 193 3812 modi
218 3745 366 3830 probabili
380 3744 587 3825 iurisdictione
605 3761 708 3806 errore
721 3743 877 3808 communi
895 3744 1002 3806 collata
1015 3744 1080 3803 sinu

923 3844 955 3889 3..
