2590 4214
485 213 570 258 crasa
592 214 711 258 ramus.
1028 203 1087 262 189

117 309 339 394 ειςνιιθιηθηι,Ι
363 319 393 375 et
417 315 502 392 Juxta
531 314 624 394 ipsius
648 315 789 396 Episcopi
816 315 1037 379 ordinationem
1061 322 1090 378 et

115 422 133 459 u
153 402 332 464 mandatum
353 420 414 463 non
437 401 617 475 detulerint,
638 421 692 484 per
707 399 938 483 suspensionem
953 404 991 465 ab
1012 404 1091 465 ordi·

115 510 134 548 a
154 489 264 568 nibus,
280 509 315 552 ac
328 490 428 554 edicio
443 496 473 552 et
486 491 672 553 beneticio...
687 512 695 568 3
716 509 856 570 necnon,
872 493 895 554 si
908 493 1009 573 ¹semel
1023 512 1089 555 cor-

117 599 135 634 «
154 579 251 658 repti,
267 579 370 642 denub
382 581 414 641 in
435 579 493 642 boc
507 578 706 659 deliquerint,
723 581 813 642 eliam
827 598 881 660 per
893 581 1090 661 privationem

118 687 136 724 a
156 665 326 730 officiorum
341 674 370 730 et
392 667 612 731 beneficiorum
633 668 809 746 hujusmodi
826 669 959 730 coerceri
975 669 1091 750 possint

118 775 135 811 a
155 773 191 817 ac
216 755 368 834 debeant,
390 757 641 819 Constitutionern
664 757 827 819 Clementis
847 759 883 832 V,
905 757 936 818 in
955 756 1090 820 Concilio

119 865 136 900 a
158 843 319 907 Viennensi
339 845 466 920 editam,
482 865 550 928 quae
572 845 679 925 incipit
694 846 859 922 maniam,
875 844 1049 909 innovando
1062 851 1091 907 et

119 953 137 989 a
157 932 375 1012 ampliando».

158 1021 331 1082 Cavendum
345 1028 448 1083 tamen
463 1027 508 1082 est
523 1023 540 1083 a
556 1023 651 1084 nimio
665 1023 780 1103 rigore,
797 1023 963 1103 praesertiru
984 1025 1000 1084 a
1019 1041 1091 1086 ccn·

114 1109 195 1170 suris
222 1120 292 1192 apro
317 1109 395 1189 sueto
419 1109 629 1173 decernendis.
659 1110 747 1174 Unde
774 1113 866 1173 Sacra
894 1113 1092 1192 congregatio

115 1197 254 1274 Concilii,
275 1198 306 1258 in
319 1200 410 1261 causa
422 1197 590 1280 Spoletund,
608 1203 645 1262 16
657 1199 787 1282 januarii
804 1204 893 1276 1161,
909 1200 1087 1263 declaravit:

120 1307 136 1344 a
158 1286 204 1354 Ab
218 1286 324 1348 Edicto
339 1288 479 1370 Episcopi
496 1287 639 1350 delendas
659 1306 724 1350 esse
738 1294 843 1351 contra
861 1288 1068 1351 inobedientes

121 1397 137 1433 n
155 1374 295 1437 videlicet
322 1375 421 1458 quoad
450 1377 637 1447 sacerdotes,
666 1394 771 1456 poenas
796 1377 1003 1456 suspensionis
1029 1378 1093 1457 ipso

122 1462 235 1526 «facto
261 1463 475 1539 incurrendae;
496 1465 595 1545 quoad
620 1463 763 1540 clericos,
787 1482 909 1544 poenam
928 1464 1011 1545 qubd
1032 1484 1092 1526 non

119 1554 273 1633 «possint
300 1552 470 1634 promoveri
496 1552 534 1614 ad
551 1551 678 1624 Ordines
693 1570 816 1627 sacros,
841 1571 896 1614 nec
921 1552 1037 1614 admitti
1055 1555 1093 1615 ad

121 1664 136 1699 u
156 1641 341 1705 beneficia...
355 1662 364 1718 ;
381 1648 411 1703 et
425 1641 491 1704 loco
505 1641 718 1722 praedictarum
731 1659 889 1721 poenarum
904 1641 1093 1706 mulctandos

120 1753 136 1788 a
156 1749 258 1793 esse...
282 1737 312 1793 et
326 1731 358 1792 in
377 1729 547 1792 subsidium
566 1731 657 1811 poend
677 1729 883 1810 suspensionis
896 1736 925 1792 et
943 1730 1091 1793 interdicti

122 1841 137 1878 a
159 1818 290 1882 lerendae
306 1820 462 1882 sententiae
476 1841 506 1880 u.

156 1909 278 1981 Quaerit.
296 1912 327 1969 2⁰
357 1907 549 1988 Angraviter
575 1912 701 1988 peccent
718 1905 820 1969 clerici
847 1907 983 1969 habitum
1004 1905 1083 1970 cleri·

118 1997 216 2058 calam
228 2015 289 2058 non
300 1995 495 2059 deferentes?

156 2088 248 2167 Resp.
264 2089 295 2148 1ο
308 2087 398 2149 Juxta
413 2086 593 2147 sententiam
605 2084 870 2158 communiorem,
882 2092 1089 2166 nonpeocant,

115 2174 208 2236 eliam
233 2174 399 2248 venialiter,
426 2173 527 2236 clerici
556 2174 717 2246 minores,
745 2172 798 2234 sed
824 2172 1013 2253 privilegium
1036 2174 1090 2238 lori

115 2262 275 2335 amittunt,
299 2262 324 2324 si
336 2269 493 2324 tonsuram
510 2267 540 2324 et
551 2270 668 2324 vestem
686 2260 854 2323 clericalem
867 2267 983 2342 gestare
998 2263 1092 2344 negli-

117 2360 200 2433 gant.

156 2443 188 2502 2⁰
212 2439 369 2502 Constituti
391 2441 462 2502 verd
485 2439 516 2502 in
536 2439 693 2501 ordinibus
711 2438 822 2513 sacris,
848 2445 900 2500 aut
924 2437 1091 2502 beneficiati

116 2530 199 2592 certe
215 2535 341 2610 peccant
356 2529 485 2609 graviter
502 2548 509 2589 :
525 2529 569 2590 uti
582 2534 679 2608 potest
693 2526 792 2607 colligi
807 2546 845 2589 ex
858 2527 956 2589 verbis
969 2527 1091 2590 Concilii

116 2618 286 2680 Tridentini
302 2616 395 2680 modd
409 2617 508 2680 relatis
522 2623 552 2679 et
566 2616 668 2678 multis
678 2616 754 2677 aliis.

155 2707 298 2768 Limilant
322 2711 423 2768 tamen
438 2708 501 2767 DD.
526 2711 554 2767 et
568 2705 692 2786 quidem
703 2703 962 2787 probabilissime:
978 2709 1009 2766 1ο
1022 2707 1045 2768 si
1061 2707 1091 2769 id

115 2797 168 2859 liat
183 2795 220 2858 ad
236 2795 325 2857 breve
340 2803 461 2876 tempus
473 2814 480 2856 :
493 2794 549 2855 nisi
563 2794 631 2875 quis
645 2792 713 2856 ided
723 2793 859 2855 habiturn
871 2792 1038 2857 dimitteret
1046 2796 1090 2859 vel

113 2885 278 2949 occultaret
295 2882 333 2945 ad
353 2883 427 2946 alios
447 2881 665 2965 decipiendos,
688 2881 732 2944 vel
752 2887 786 2944 ut
803 2882 895 2944 liber'e
911 2902 963 2964 per
978 2885 1091 2964 plateas

112 2972 332 3036 deambularet.

154 3063 296 3124 Limitant
308 3065 354 3136 2⁰,
369 3060 394 3122 si
408 3059 483 3121 adsit
495 3061 575 3138 Justa
587 3076 689 3136 causa,
700 3075 729 3120 v.
743 3078 787 3139 g,
799 3058 837 3119 ad
846 3058 997 3120 vitandam
1008 3079 1089 3122 mor-

113 3161 196 3229 tam,
211 3151 258 3213 vel
274 3168 364 3231 grave
379 3149 538 3211 damnum.

153 3240 296 3301 Limitant
317 3243 360 3317 3⁰,
381 3239 405 3300 si
427 3238 510 3298 sitin
531 3236 649 3313 itinere,
666 3235 758 3298 modb
776 3235 896 3298 habitus
910 3236 946 3298 sit
960 3237 1086 3316 decens3

107 3328 186 3405 sed,
202 3329 293 3390 etiam
307 3327 339 3388 in
357 3328 485 3403 itinere,
506 3345 568 3388 non
589 3326 679 3388 debet
697 3324 837 3387 sacerdos
857 3324 1009 3388 celebrare
1024 3329 1088 3390 sind

110 3423 194 3481 veste
208 3417 305 3479 talari.

152 3509 222 3569 651.
234 3508 319 3567 -11,
340 3505 385 3568 De
400 3504 530 3568 tonsuret.
551 3507 716 3567 «Tonsura
730 3504 911 3567 clericorum
921 3504 1088 3586 antiquitus

112 3616 130 3653 a
153 3593 243 3656 tiebat
253 3613 322 3657 raso
337 3594 468 3675 desuper
478 3594 575 3674 eapite
590 3594 622 3654 in
637 3593 1088 3676 modumspherae,etinlerii1s

112 3705 129 3739 ι
151 3701 301 3765 quoque:
322 3683 364 3745 ita
381 3690 432 3759 ut,
455 3683 627 3765 patentibus
648 3682 793 3761 auribus,
818 3683 881 3746 sola
909 3685 1087 3766 capillorum
