2526 4210
171 313 227 367 :tt0
444 320 593 366 scaurum
613 320 696 368 runis
716 303 862 365 cuuo'rncr.

176 445 189 478 n
214 421 377 502 gubernem
394 420 637 482 Orientisautem
648 419 786 500 Episcopi
797 420 889 482 solius
903 419 1147 482 Orientiscurant

177 533 191 567 r
215 517 345 592 gerant..
364 529 372 570 ι
388 508 440 570 scd
454 515 483 569 et
506 507 624 568 Asianae
638 506 778 568 dioecesis
791 509 932 589 Episcopi
947 526 982 569 ea
996 525 1067 588 quae
1081 511 1154 568 'sunt

178 621 192 654 a
217 600 249 660 in
264 598 330 659 AsiA
342 602 370 658 et
381 613 449 675 quaa
460 595 498 658 ad
510 595 650 656 Asianam
661 597 874 658 tantummodo
888 595 1155 676 Ecclesiamperti·

179 711 193 742 r
218 693 307 760 nent,
323 685 509 766 gubernent,
524 689 614 746 etc.»

219 773 387 836 Dicendum
405 775 437 834 3⁰
457 771 620 853 Episcopos
638 789 703 833 usse
726 789 915 834 successores
940 773 1156 853 Apostolorum
1253 833 1254 850 p

180 864 280 944 quoad
294 868 469 943 potestatem
482 859 606 932 ordinis.
620 861 663 920 De
677 860 734 922 hoc
747 861 830 922 nulla
840 869 886 923 est
899 862 1118 923 controversia.
1253 851 1254 862 ¹

220 951 387 1014 Dicendum
407 949 528 1011 taudem
543 953 575 1009 t⁰
588 949 754 1030 Episcopos
774 967 840 1011 esse
854 969 1047 1012 successores
1065 955 1156 1030 Apos-

182 1043 333 1116 tolorum,
361 1057 422 1098 non
449 1036 549 1117 quoad
569 1036 787 1117 aequalitatem,
813 1037 866 1100 sed
886 1038 1035 1100 duntaxat
1060 1037 1156 1119 quoad

182 1127 409 1192 similitudinem
422 1125 637 1206 jurisdictionis
654 1144 662 1186 ι
678 1125 710 1185 ἰη
724 1125 783 1188 hoc
797 1126 879 1188 enim
890 1125 1061 1206 jurisdictio
1075 1127 1156 1207 Epis·

185 1234 331 1295 coporum
351 1214 456 1275 similis
470 1219 516 1274 est
525 1213 725 1295 jurisdictioni
743 1215 972 1296 Apostolorum,
987 1215 1073 1296 quod
1087 1215 1157 1276 sicut

189 1305 321 1386 Apostoli
341 1308 409 1383 post
430 1304 551 1364 Petrum
564 1309 649 1364 erant
663 1302 767 1382 primi,
789 1302 829 1364 ita
842 1303 985 1385 Episcopi
1009 1303 1042 1364 in
1057 1304 1158 1364 dioece

186 1395 270 1456 sibus
284 1393 339 1454 sibi
354 1390 523 1453 commissis
540 1395 612 1452 sunt
626 1391 796 1471 superiores
819 1392 1021 1472 presbyteris,
1038 1393 1159 1473 reliquis

187 1481 304 1544 clericis
315 1487 345 1542 et
358 1479 450 1551 laicis,
468 1486 499 1540 et
512 1478 651 1540 Ecclesiae
665 1477 817 1559 principes
832 1481 941 1542 meritd
952 1489 1113 1543 vocantur.

228 1569 397 1643 Quaeritur
414 1571 460 1628 An
475 1568 492 1628 a
507 1568 570 1628 Deo
582 1565 629 1629 vel
643 1567 660 1627 A
674 1567 755 1646 PapA
769 1566 908 1647 Episcopi
920 1567 1159 1646 jurisdictionem

190 1659 361 1723 immediate
374 1652 547 1736 accipienti

229 1748 309 1809 Nota
330 1746 379 1806 hic
401 1747 448 1826 agi
469 1743 507 1804 de
529 1748 674 1823 potestate
695 1742 912 1822 iurisdictionis
935 1761 1030 1825 quam
1055 1745 1161 1808 habent

120 1829 122 1836 '
191 1835 329 1916 Episcopi
345 1841 432 1915 prout
446 1838 517 1894 sunt
529 1832 644 1913 stupuit
653 1880 663 1906 ,
681 1849 743 1894 uon
757 1842 859 1892 autem
872 1832 910 1893 de
924 1837 961 1894 ed
975 1853 1045 1914 quaa
1059 1835 1131 1915 ipsis
1147 1837 1163 1892 i.

191 1923 371 2006 quibusdam
391 1920 531 1982 tribuitur
547 1927 697 2001 qtrateuus
711 1920 871 2001 collepium
885 1938 939 1983 seu
960 1940 1069 2004 corpus
1082 1923 1157 2004 Epis

191 2011 293 2092 copule
307 2008 450 2072 conllant.

232 2101 321 2180 ltesp.
346 2098 429 2160 Circa
450 2096 529 2159 hauc
543 2097 739 2178 questionem
756 2095 908 2178 duplicem
929 2096 1037 2160 adesse
1051 2106 1154 2162 senten

192 2189 290 2251 llam:

232 2278 339 2343 Primo
363 2282 447 2336 tenet
472 2271 943 2354 Episcoporumjurisdictionem
967 2292 1033 2337 esse
1059 2275 1165 2337 immo·

192 2367 271 2428 diate
294 2369 310 2426 A
335 2364 468 2438 Christo,
492 2361 550 2423 hoc
573 2378 683 2440 nempe
705 2378 797 2422 sensu
817 2380 825 2423 ε
848 2361 1035 2424 instituendo
1058 2364 1092 2425 in
1114 2371 1166 2426 suri

193 2455 326 2517 Ecclesitt
339 2452 560 2533 episcopatum,
577 2449 709 2510 Christus
723 2448 846 2529 quidem
861 2451 1000 2512 creandis
1021 2454 1166 2533 usquead

195 2543 287 2603 linem
312 2541 417 2602 mundi
441 2539 595 2620 Episcopis
607 2537 703 2598 voluit
713 2537 950 2616 jurisdictionem
965 2540 1125 2612 conferre,
1139 2553 1168 2604 et

195 2632 252 2692 hoc
265 2631 296 2690 in
311 2630 374 2710 ipstt
388 2646 493 2690 eorum
506 2626 706 2701 ordinatione,
725 2626 778 2687 sed
792 2626 831 2688 ita
845 2635 947 2689 minen
962 2638 994 2690 ut
1005 2630 1073 2692 haec
1083 2632 1168 2711 iuris·

196 2711 1168 2796 dictioligataremaneret‚neclorotodactumreducibilis,douec

197 2811 227 2869 S.
243 2805 377 2867 Pontilex
393 2804 557 2884 approbato
575 2803 755 2884 Episcopatu
777 2803 962 2866 territorium
985 2813 1018 2868 et
1035 2809 1169 2872 subditos

196 2895 387 2976 assignasset.
519 2919 522 2926 Α
696 2929 699 2934 -
1251 2901 1252 2906 ’

236 2981 371 3048 Secunda
383 2981 531 3042 sententia
541 2980 680 3043 concedit
689 2979 839 3044 Christum
853 2982 892 3043 ita
903 2982 1069 3048 instituisso
1088 2988 1168 3068 lpis·

197 3091 288 3154 copos
297 3079 329 3135 ut
341 3073 370 3132 iu
385 3071 481 3132 varias
492 3076 591 3151 partes
600 3069 740 3131 Ecclesiae
752 3070 882 3132 debeant
896 3071 1025 3151 praelici3
1037 3082 1070 3136 at
1082 3076 1168 3136 simul

200 3161 352 3240 contendit
373 3159 613 3238 jurisdictionem
646 3158 773 3237 singulis
808 3159 964 3240 Episcopis
997 3163 1170 3226 immediati

203 3249 343 3324 ronlerri,
366 3266 427 3310 noo
450 3250 467 3307 A
488 3246 602 3309 Christo
620 3253 650 3309 et
672 3248 703 3307 in
728 3245 792 3327 ipsd
807 3265 913 3310 eorum
927 3254 1156 3317 consecratione

202 3340 250 3402 sed
265 3339 283 3400 A
297 3341 434 3400 Romano
447 3334 604 3411 Pontifice,
621 3341 652 3397 et
665 3353 718 3416 per
732 3343 832 3398 actum
847 3357 908 3418 quo
920 3337 1001 3419 Papa
1014 3342 1059 3403 eis
1071 3359 1161 3424 regau

202 3428 253 3488 das
265 3427 409 3488 dioeceses
431 3423 602 3486 committit.
619 3425 691 3486 Haec
704 3428 905 3488 controversia
924 3445 1038 3508 niagno
1051 3431 1170 3494 animo-

203 3533 270 3578 rum
280 3522 352 3575 aestu
364 3515 470 3594 agitata
486 3513 516 3574 in
528 3513 650 3593 Synodo
660 3511 833 3576 Tridentiut
847 3533 927 3577 anno
939 3521 1027 3593 1562,
1040 3519 1169 3584 indecisa

204 3604 354 3666 renransit.
372 3602 483 3664 Derred.
500 3600 803 3682 X1V‚despn.‚lib.
822 3607 849 3678 t,
861 3622 927 3686 cap.
944 3609 974 3681 t,
991 3616 1027 3667 n⁰
1040 3613 1070 3669 A.

241 3692 312 3751 Haec
338 3689 469 3750 secunda
493 3689 640 3751 sententia
667 3691 685 3750 a
712 3691 746 3752 D.
775 3691 871 3754 Bouix
895 3693 999 3756 validis
1026 3697 1170 3759 stabilitur

207 3779 388 3856 argumentis
404 3794 412 3835 ε
430 3794 539 3855 nempe
562 3779 583 3836 l.
608 3778 652 3836 Er
667 3776 832 3857 scripturus
854 3781 978 3843 vorbis:
999 3781 1041 3844 Tu
1062 3803 1091 3846 es
1114 3787 1169 3843 1²⁴·-
