2526 4210
186 188 286 250 ilina
468 204 625 249 nusunuru
644 204 725 250 ruere
745 203 897 255 errorum.

189 347 200 381 ι
225 323 291 403 guli
316 324 349 385 in
372 322 436 383 suis
450 318 641 384 dioecesibus
666 319 869 400 interdicant,
892 340 932 384 ne
957 326 1009 386 oui
1038 344 1119 406 vago
1142 338 1168 388 et

190 414 334 493 «ignoto
358 409 510 473 sacerdoti
535 407 643 470 blissas
675 407 836 472 celebrare
872 410 976 473 liceat.
1002 413 1168 477 Neminem

189 508 374 579 «praeterea
392 499 446 580 erui
471 495 597 578 publice
623 506 653 558 et
676 497 798 558 notorib
821 499 1013 563 criminosus
1039 504 1091 579 sit,
1122 519 1171 566 aut

190 612 202 644 ι
224 597 333 651 saneto
348 587 439 650 altari
462 585 650 659 ministrare,
667 594 721 646 aut
740 586 837 648 sacris
866 587 1018 652 interesse
1046 594 1171 670 permit-

189 700 203 733 ι
227 685 307 755 tant;
322 695 401 738 neve
415 675 576 756 patiantur
591 673 721 753 privatis
736 673 769 734 in
787 674 937 740 domibus
951 686 1051 760 atque
1066 681 1168 743 omni·

191 791 203 822 ι
228 766 269 829 nd
297 775 384 827 extra
400 763 585 839 Ecclesiam,
614 772 644 823 et
663 762 703 824 ad
728 762 873 826 divinum
902 767 1030 829 tantum
1053 771 1171 833 cultum

191 879 206 916 n
226 854 370 918 dedicata
380 852 528 925 oratoria,
545 851 585 912 ab
599 850 716 912 eisdem
734 849 907 916 Ordinariis
921 854 1126 934 designanda
1138 860 1172 920 'et

191 969 203 1000 ι
228 942 397 1020 visitanda,
414 949 558 1002 sanctum
577 939 637 1002 hoc
652 937 847 1004 Sacriliciurn
864 961 881 1003 a
897 945 1109 1008 saeeularibus
1123 958 1173 1009 aut

190 1031 425 1114 «regularibus
453 1028 709 1110 quibuscumque
739 1032 897 1112 peragi...
921 1033 1112 1111 Postremo,
1137 1057 1173 1098 ne

189 1147 204 1182 α
229 1119 445 1203 superstitioni
462 1119 549 1180 loeus
564 1117 680 1198 aliquis
694 1117 798 1194 detur,
811 1121 915 1184 edicto
934 1130 965 1182 et
977 1125 1086 1202 poenis
1107 1145 1172 1206 pro

192 1236 204 1266 ι
227 1209 337 1292 positis
350 1215 491 1286 caveant,
506 1225 546 1268 ne
561 1205 737 1268 sacerdotes
760 1207 830 1268 aliis
844 1213 941 1290 quam
955 1209 1077 1274 debitis
1092 1213 1171 1276 horis

180 1297 205 1355 'a
228 1298 400 1374 eelebrent,
424 1314 503 1358 neve
515 1296 593 1358 ritus
613 1295 703 1370 alios,
735 1303 790 1357 aut
817 1296 895 1360 alias
915 1302 1127 1363 caeremonias
1145 1309 1173 1363 et

192 1405 337 1468 «preces
363 1385 396 1446 iu
421 1385 585 1446 blissarum
607 1383 819 1447 celebratione
843 1385 1031 1464 adhibeant,
1064 1400 1172 1470 praeter

194 1499 210 1536 n
230 1494 282 1538 eas
298 1494 369 1556 quae
381 1475 420 1536 ab
439 1471 578 1535 Ecclesia
593 1472 734 1552 probatee
751 1489 787 1534 ae
800 1471 959 1552 frequenti
976 1484 1008 1535 et
1022 1476 1169 1540 laudabili

193 1589 207 1621 «
232 1583 291 1627 usu
304 1573 437 1647 receptae
452 1560 607 1623 fuerint...
629 1558 697 1621 Non
714 1559 815 1623 solum
828 1579 877 1636 ea,
888 1563 942 1624 sed
961 1583 1173 1647 quaecumque

196 1654 295 1715 nalia
310 1653 374 1715 hnc
400 1645 560 1732 pertinere
577 1648 643 1710 visa
672 1647 776 1724 luerit,
795 1649 868 1730 ipsi,
893 1654 1048 1732 predata
1075 1653 1133 1715 sibi
1157 1674 1172 1714 a

195 1767 209 1798 a
231 1741 437 1804 sacrosancta
452 1738 578 1820 synodo
603 1743 768 1818 potestate,
800 1757 837 1800 ac
858 1739 953 1800 etiam
984 1751 1020 1802 ut
1038 1742 1173 1822 Delegatr

196 1855 211 1886 c
233 1831 323 1892 Sedis
336 1828 516 1911 apostolieae
525 1826 722 1909 prohibeant,
745 1829 908 1906 mandent,
921 1828 1095 1910 corrigant,
1119 1842 1175 1892 sta·

198 1941 213 1978 e
234 1927 336 1995 tuant3
363 1927 457 1998 atque
472 1919 512 1978 ad
532 1935 567 1977 ea
583 1915 733 1977 inviolate
754 1917 905 1978 servanda
920 1921 1066 1980 censuris
1081 1925 1175 1982 eucle-

197 2031 211 2062 «ι
235 2007 368 2068 siastiei's
383 2007 516 2086 aliisque
541 2005 643 2086 poenis
668 2022 739 2084 quae
763 2005 890 2067 illorum
912 2006 1046 2070 arbitrio
1061 2011 1176 2072 consti-

198 2121 211 2152 ι
234 2104 373 2169 tuentur,
393 2095 514 2157 fidelem
528 2093 683 2174 populum
699 2094 934 2174 compellant.»

233 2185 399 2266 Episcopo
428 2181 585 2264 quatenus
609 2182 762 2253 Pontifici,
790 2182 927 2263 pertinet
939 2183 991 2265 jus
1011 2188 1174 2268 proprium

196 2273 439 2335 administrandi
455 2279 650 2333 sacramenta
665 2268 789 2332 Ordinis
806 2278 837 2331 ot
849 2271 1120 2347 confirmationis,
1141 2277 1177 2336 de

196 2363 310 2445 quibus
323 2361 471 2424 suoloco.
657 2367 660 2371 '

236 2451 268 2514 2⁰
283 2451 458 2532 Episcopus
473 2457 518 2511 est
531 2449 646 2528 pariter
661 2450 692 2508 in
710 2455 765 2510 sua
780 2450 918 2511 Ecclesia
937 2449 1055 2513 Ductor
1072 2473 1081 2529 ;
1096 2453 1178 2515 uadi·

197 2559 262 2601 non
275 2539 397 2602 tautum
409 2539 502 2599 debet
513 2537 682 2618 invigilare
694 2545 728 2598 ut
744 2537 839 2600 verbo
848 2557 932 2600 sauae
942 2539 1098 2604 doctrinae
1114 2560 1177 2621 pas·

198 2635 310 2688 cantur
321 2645 394 2689 oves
406 2625 464 2687 sibi
477 2627 665 2702 commissae,
682 2634 712 2686 et
732 2644 773 2687 ne
789 2627 865 2706 quid
881 2627 1059 2688 doceantur
1072 2638 1177 2690 eontra
1256 2665 1257 2696 2

199 2717 293 2779 iidem
318 2726 348 2777 et
361 2734 474 2792 mores3
498 2715 606 2777 verum
623 2716 718 2776 etiam
734 2716 801 2795 ipse
815 2714 908 2776 debet
926 2717 1111 2796 praedicare.
1125 2717 1166 2777 Ex
1255 2729 1257 2854 1

201 2804 305 2887 presse
315 2803 583 2866 enimConcilium
599 2804 816 2866 Tridentinum
830 2802 919 2886 (Sess.
930 2805 998 2880 V,e.
1009 2805 1040 2881 2,
1052 2806 1180 2888 defles.)
1256 2859 1257 2872 ,

200 2898 320 2958 notavit
347 2893 603 2976 praedicationem
618 2894 706 2956 verbi
728 2893 828 2954 divini
843 2911 910 2955 esse
940 2916 954 2952 n
983 2897 1178 2975 praeeipuum
1255 2877 1257 2980 i

202 2984 465 3067 «Episcopornm
491 3001 664 3058 munus»,
702 2983 774 3044 dein
803 2983 1175 3046 estatuitetdeerevit...
1256 2983 1257 3068 l

203 3099 218 3133 «
239 3092 349 3136 omnes
373 3071 577 3152 Episcopos...
592 3079 623 3132 et
644 3070 792 3134 Praelatos
820 3073 918 3132 teneri
937 3091 991 3152 per
1011 3075 1142 3154 seipsos,
1157 3073 1178 3132 si
1256 3071 1257 3150 l

203 3189 216 3219 ι
240 3163 379 3244 legitime
393 3162 537 3244 impediti
553 3179 617 3222 non
645 3160 773 3234 luerint,
788 3159 827 3222 ad
840 3161 1083 3242 predicandum
1096 3180 1178 3224 sanc·
1256 3157 1257 3190 ³

205 3279 218 3310 n
243 3253 392 3315 tumlesu
407 3249 520 3313 Christi
538 3249 756 3329 Evangelium.
775 3247 805 3312 Si
822 3247 896 3312 verb
915 3249 1179 3331 contigeritEpis-

205 3361 375 3426 «copus...
408 3341 548 3422 legitimo
574 3339 707 3401 detineri
731 3339 970 3421 impedimento,
1007 3342 1092 3403 viros
1116 3341 1179 3402 ido·

163 3425 166 3432 ⁴
205 3458 219 3490 «
242 3451 318 3494 neos
332 3451 492 3494 assumere
503 3437 681 3504 teneantur,
698 3429 737 3490 ad
753 3428 936 3508 hujusmodi
950 3429 1181 3510 predicationis

208 3546 220 3579 ι
244 3524 383 3584 officium
408 3519 576 3584 salubriter
597 3520 847 3600 exsequendum.
862 3519 893 3581 Si
909 3518 981 3599 quis
1005 3528 1109 3581 autern
1125 3517 1182 3580 hoc

209 3635 222 3668 α
245 3610 418 3691 adimplere
433 3609 665 3690 contempserit,
683 3607 831 3672 distrietae
854 3607 1013 3690 subjaceat
1028 3607 1151 3670 ultioni.
1170 3629 1182 3658 ι

193 3759 195 3792 5
245 3698 525 3762 3⁰llemi1mdebet
543 3691 719 3781 Episcopus
737 3698 799 3780 qul
813 3708 901 3780 paler
917 3705 1063 3762 eleustos
1071 3695 1185 3779 gregis,
