2562 4224
485 288 634 339 EthlENTh
656 287 738 332 JUlllS
759 285 906 330 canuntur.

618 491 703 551 ΛΒΤ.
726 491 775 552 Ill.

351 660 389 708 DE
410 661 548 708 SUBJECTO
564 661 791 708 tuatsutcrlonrs
804 661 1044 710 EGCLESIASTIGAE·

253 841 322 902 i73.
347 839 521 913 Suhjectum
535 837 750 915 jurisdictionis
764 837 877 918 duplici
891 838 983 900 modo
998 837 1124 918 intelligi
1135 858 1181 920 po

212 934 292 990 test:
312 926 428 1009 possint
448 927 492 984 vel
517 925 618 986 active.
643 926 817 1006 subjectum
835 925 1045 1006 passionnem
1066 927 1116 988 ille
1134 929 1182 1006 qui

212 1016 346 1096 subjacet
363 1015 580 1093 iurisdictioni;
602 1015 728 1076 activum
749 1022 850 1076 autem
869 1015 917 1076 ille
938 1015 971 1076 in
992 1033 1056 1096 quo
1075 1015 1184 1078 residet

213 1111 343 1186 potestas
354 1103 582 1181 jurisdictionis·

252 1194 347 1254 Perrh
363 1197 394 1254 10
411 1212 418 1252 :
435 1194 547 1254 Omnes
560 1200 588 1253 et
603 1194 658 1254 soli
671 1193 807 1275 baptizati
819 1191 1184 1272 subjacentjurisdictioni

211 1283 418 1344 ecclesiastieae
436 1301 443 1341 ε
461 1301 554 1342 carnes
572 1282 710 1361 quidem,
731 1301 765 1344 ac
784 1283 911 1363 proinde
928 1282 1018 1342 etiam
1039 1281 1182 1351 haeretici,

212 1371 410 1440 schismatici,
432 1371 703 1447 excommunicati,
727 1377 804 1445 etc.;
829 1371 995 1450 siquidem,
1019 1389 1056 1432 ex
1081 1370 1183 1450 regula

209 1461 285 1540 juris
303 1461 333 1522 ff.
355 1461 448 1522 Nemo
464 1481 501 1520 ec
519 1480 569 1521 sao
589 1457 694 1522 delicto
713 1459 864 1522 meliorem
885 1479 965 1522 suam
985 1459 1181 1521 conditionem

210 1550 308 1623 facere
320 1559 429 1631 potede
448 1549 504 1609 soli
518 1551 606 1621 verri,
619 1550 689 1629 quia
704 1567 740 1610 ex
754 1549 866 1610 Concil.
882 1549 1016 1610 Trident.
1034 1551 1120 1626 (sess,
1132 1551 1181 1621 et,

210 1659 237 1701 c.
253 1641 305 1720 2):
324 1663 338 1697 o
357 1639 488 1700 Ecclesia
504 1639 534 1698 in
559 1639 712 1699 neminem
729 1637 876 1717 Judicium
899 1645 1036 1713 exercet,
1052 1637 1106 1717 qui
1122 1655 1181 1698 non

214 1749 229 1786 n
250 1729 334 1808 prihs
352 1729 382 1788 in
398 1731 492 1806 ipsam
508 1746 561 1806 per
575 1727 720 1807 Baptismi
732 1728 855 1802 januam
873 1726 1026 1805 ingressus
1042 1725 1144 1788 fuerit.
1163 1747 1178 1784 a

213 1837 228 1873 o
249 1817 326 1886 Quid
342 1815 426 1885 mihi,
443 1816 539 1893 inquit
556 1816 715 1894 Apostolus
731 1817 757 1892 (1
775 1817 856 1888 Con,
872 1833 899 1876 c.
916 1819 949 1887 5,
967 1835 996 1875 ν.Δ
1015 1814 1076 1896 tu),
1093 1814 1131 1875 de
1148 1813 1182 1874 iis

213 1927 229 1962 a
249 1906 301 1984 qui
318 1903 389 1964 foris
407 1913 475 1964 sunt
490 1902 645 1983 judicare?
666 1905 723 1964 Eos
742 1903 795 1984 qui
812 1903 883 1964 foris
902 1909 971 1964 sunt
994 1905 1077 1964 Deus
1096 1901 1181 1980 judi·

212 2016 227 2052 o
248 1993 375 2054 cabillo

249 2086 317 2143 171.
340 2085 372 2141 2⁰
385 2083 402 2143 J
406 2079 558 2142 urisdictio
573 2079 783 2154 ecclesiastica,
792 2081 824 2140 in
835 2080 869 2140 iis
884 2079 954 2140 solis
967 2079 1060 2141 active
1072 2079 1181 2142 residet

210 2171 260 2251 qui
278 2169 359 2230 illam
382 2188 435 2248 per
453 2170 515 2230 vias
533 2168 694 2230 canonicas
715 2180 908 2247 receperunt,
926 2168 986 2228 sive
1005 2167 1182 2247 accipiendo

208 2257 355 2341 officinm,
372 2265 400 2318 et
417 2257 482 2316 talis
493 2255 661 2334 jurisdictio
675 2261 720 2317 est
733 2256 906 2332 dediderim
921 2257 982 2318 sive
996 2274 1050 2336 per
1062 2255 1182 2337 delega-

207 2347 319 2409 tionem
335 2347 372 2408 ah
382 2345 510 2407 habente
524 2345 660 2407 officium
673 2343 790 2423 datam,
805 2350 836 2406 et
849 2345 915 2406 talis
924 2345 1096 2423 jurisdictio
1107 2345 1182 2408 dici·

207 2444 256 2499 tur
268 2435 411 2517 delepota.

193 2525 196 2531 '
246 2525 302 2594 Qui
317 2525 381 2584 sine
402 2523 544 2584 missione
558 2521 720 2599 canonica,
736 2540 772 2582 ex
791 2521 1067 2603 propalandam,
1084 2523 1182 2586 velex

206 2613 348 2672 mandato
372 2611 519 2688 Principis
535 2610 705 2688 emuniens,
726 2610 872 2672 invadunt
887 2617 1066 2690 potestatem
1081 2611 1182 2674 eccle·

206 2701 377 2769 aestiuum,
398 2699 538 2760 dicuntur
564 2699 685 2784 intonsi.
709 2699 769 2763 Illis
795 2699 974 2780 applicanda
997 2707 1070 2762 sunt
1091 2701 1183 2762 rerba

207 2787 314 2849 Christi
337 2791 451 2866 (loon,
471 2807 497 2848 c.
516 2791 571 2864 tc,
591 2807 619 2851 v.
637 2787 667 2870 1)
685 2805 693 2849 :
712 2809 728 2848 o
746 2788 802 2860 Qui
819 2807 879 2849 non
894 2789 984 2848 intrat
1001 2807 1055 2867 per
1068 2790 1180 2856 ostium

209 2875 277 2936 oin
299 2877 375 2937 ovile
398 2877 515 2950 ovium,
538 2875 590 2938 sed
614 2876 749 2938 ascendit
771 2877 909 2953 aliunde,
934 2877 984 2960 itte
1011 2875 1059 2937 sur
1079 2885 1126 2940 est
1149 2887 1179 2940 et

209 2985 224 3024 o
244 2963 330 3026 latro.
347 2987 361 3022 a
388 2965 513 3025 litorum
534 2971 618 3026 actus
637 2973 707 3027 sunt
726 2965 816 3045 pleno
831 2966 898 3043 jure
920 2964 1003 3025 irriti.
1031 2967 1066 3026 V.
1085 2967 1182 3028 Breve

206 3053 249 3114 Pii
261 3055 301 3118 lli
309 3101 317 3130 ,
333 3055 369 3114 13
384 3073 447 3133 apr.
466 3057 552 3114 1191.
569 3053 764 3134 Exponendee
778 3062 850 3114 sunl
861 3053 952 3134 igitur
966 3053 1022 3114 riae
1037 3053 1182 3134 legitime

204 3141 240 3204 ad
251 3141 474 3222 adipiscendam
487 3141 745 3220 jurisdictionem,
757 3143 795 3202 sit
807 3161 905 3222 ergo:

605 3455 761 3473 ³—-
