2590 4214
478 277 564 323 staua
585 279 702 324 ramus.
1019 271 1075 326 411

104 379 228 462 parochi
241 377 484 443 contrahentium
499 396 507 438 τ
520 377 565 438 vel
577 376 659 440 enim
670 376 823 440 licentiam
837 377 993 441 assistendi
1006 397 1080 461 pras·

103 469 164 533 fato
177 467 370 533 Matrimonio
379 467 502 548 praebet,
514 467 585 547 quia
595 465 744 546 parochus
753 467 908 549 delegatus
917 469 1079 550 specialem

102 558 194 620 habet
205 557 353 618 radonem
367 557 393 617 ei
409 554 577 632 assistendi,
588 575 617 617 v.
635 575 664 635 g.
678 555 748 638 quia
763 563 808 618 est
822 557 952 636 partium
967 577 1079 638 cogna-

103 654 152 708 tuo
167 669 173 707 :
190 653 221 708 et
233 652 307 708 tunc
321 644 470 726 parochus
484 643 638 724 delegatus
653 663 714 706 non
729 644 804 706 valet
824 662 914 707 suum
933 647 1079 708 vicarium

101 734 134 795 in
161 735 257 797 vicem
276 752 361 796 suam
386 733 571 813 implendam
588 733 751 814 deputare,
767 752 805 794 ex
825 733 974 814 principio
998 736 1079 814 qudd

103 821 249 905 delepotus
270 842 330 884 non
342 830 439 904 potest
455 820 650 903 subdelepore.
675 821 705 883 Si
727 822 799 884 vero
817 821 934 883 nullum
953 822 991 884 sit
1013 840 1075 885 mo«

100 913 197 974 tivum
211 911 340 995 speciale
354 931 409 973 cur
423 911 573 992 parochus
588 910 687 991 potilrs
708 912 800 991 quam
815 911 944 972 vicarius
964 910 1099 973 assistat·

99 1000 306 1076 Matrimoni0,
327 1000 380 1062 sed
395 999 513 1060 licentia
534 999 600 1060 ideo
618 997 708 1059 luerit
726 999 795 1060 data
818 999 855 1060 ad
874 999 1008 1061 vitandas
1034 1018 1078 1061 ex·

97 1107 212 1167 pensas
230 1089 275 1150 vel
293 1089 350 1150 alia
367 1087 582 1163 incommoda,
605 1094 679 1149 tunc
697 1087 813 1150 videtur
831 1105 919 1168 posse
942 1088 1078 1170 deputari

98 1178 259 1254 vicarium,
274 1178 345 1257 quia
354 1176 500 1256 delegans
514 1175 655 1256 praesumi
670 1181 767 1257 potest
779 1176 810 1236 in
824 1175 882 1238 lroc
896 1179 1075 1240 consentire.

140 1269 211 1328 558.
229 1265 349 1337 Quaerit.
365 1269 397 1325 4⁰
413 1263 572 1336 Quomodo
583 1271 679 1327 cesset
690 1264 859 1342 jurisdictio
873 1266 1078 1328 vicariorum?

140 1355 232 1436 Resp.
250 1353 315 1416 Non
330 1358 426 1415 cessat
437 1352 606 1431 jurisdictio
619 1351 720 1414 vicarii
734 1353 915 1434 parochialis
932 1373 986 1435 per
1001 1375 1075 1416 rnor-

97 1451 163 1505 tem
175 1449 228 1504 aut
246 1442 502 1523 qualemcumque
519 1442 717 1502 mutationem
731 1443 778 1502 sui
798 1442 940 1522 parochi,
956 1444 1077 1522 quiade

96 1551 138 1594 eo
151 1551 214 1593 non
226 1537 270 1592 est
280 1531 361 1591 idem
374 1529 538 1591 dicendum
550 1547 586 1590 ac
595 1528 632 1590 de
645 1528 764 1590 Vicario
775 1529 913 1590 Generali
927 1549 934 1589 :
950 1531 1077 1593 vicarius

96 1621 183 1682 enim
197 1619 375 1701 parochialis
395 1637 456 1679 non
477 1617 617 1679 camdem
632 1635 794 1698 personam
814 1617 883 1678 lacit
899 1636 970 1680 cum
988 1637 1076 1698 paro-

95 1709 177 1784 ch03
194 1708 328 1789 alioquin
347 1711 524 1787 potestatem
543 1705 728 1767 ordinariam
747 1704 871 1767 haberet
884 1713 974 1786 prout
987 1707 1076 1769 habet

97 1797 238 1860 Vicarius
260 1795 433 1868 Generalis3
456 1795 538 1875 atqui
561 1801 663 1855 tamen
684 1793 815 1855 vicarius
836 1794 1014 1874 parochialis
1033 1803 1075 1858 est

95 1884 293 1948 solummodo
307 1883 477 1964 delegatus,
494 1888 524 1944 et
537 1881 661 1964 quidem
679 1881 717 1942 ad
736 1882 958 1944 universitatem
978 1903 1075 1962 causo

96 1993 184 2045 rum;
202 1972 282 2035 unde
301 1971 396 2052 ipsius
409 1971 569 2050 delegatio,
584 1971 656 2032 chm
675 1969 713 2030 sit
731 1970 825 2051 gratia
839 1969 927 2046 iacta,
946 1989 1008 2034 non
1027 1973 1075 2034 eir-

98 2063 182 2144 pirat
195 2069 293 2123 morte
314 2058 518 2122 concedentis.
533 2057 680 2120 Praeterea
695 2057 851 2120 facultates
871 2059 981 2121 vicario
1001 2080 1074 2128 con-

95 2169 205 2227 cessae,
231 2167 293 2212 non
321 2148 419 2210 sollrm
452 2147 469 2208 ὲ
493 2146 636 2227 parocho,
656 2146 708 2207 sed
733 2146 771 2208 ab
793 2146 952 2208 Ordinario
973 2150 1076 2212 venire

97 2240 208 2304 solent.
226 2241 307 2320 Ergo
326 2255 388 2298 non
409 2241 536 2316 possunt
557 2253 674 2297 cessare
696 2253 750 2316 per
768 2234 862 2296 solam
883 2245 1010 2298 mortem
1025 2244 1073 2301 aut

96 2328 301 2392 mutationem
316 2323 449 2405 parochi.

139 2418 223 2480 Idem
238 2413 402 2477 dicendum
415 2419 460 2474 est
471 2431 525 2492 pro
534 2430 607 2474 casu
621 2411 727 2474 mortis
736 2418 788 2474 aut
802 2413 976 2475 mutationis
988 2416 1073 2496 Epis-

93 2507 172 2588 copi
185 2511 308 2586 propter
321 2501 461 2564 eamdem
477 2501 635 2562 rationem.

142 2594 218 2656 Vide
233 2593 357 2672 insuper
372 2597 509 2652 nostrum
524 2588 678 2664 Manuale,
692 2587 733 2652 u¹·
749 2593 895 2654 190-191.

139 2695 211 2755 559.
235 2689 316 2752 Noto
332 2708 339 2748 :
357 2687 503 2748 Salutaris
521 2687 634 2750 Concil.
658 2687 883 2750 Suessionensis
903 2690 975 2752 anni
998 2695 1075 2757 1819

96 2781 216 2846 monita
228 2779 267 2840 ob
281 2777 387 2840 oculos
400 2793 518 2855 semper
531 2775 642 2837 habere
656 2774 801 2840 deberent
814 2777 917 2840 vicarii
933 2797 941 2839 r
964 2801 979 2839 a
996 2781 1074 2844 Vica·

100 2895 118 2932 c
140 2870 189 2944 rii,
204 2867 302 2949 inquit
316 2865 430 2928 Goncil.
443 2865 498 2942 (tit.
516 2868 565 2940 15,
581 2883 647 2946 cap.
661 2868 693 2941 2,
708 2886 739 2947 p.
758 2869 838 2946 118),
849 2867 880 2927 in
893 2867 1075 2948 adjutorium

100 2982 118 3020 a
140 2955 300 3022 ministerii
313 2953 489 3036 parochialis
505 2953 630 3016 instituti
644 2963 751 3016 sunt...
767 2956 997 3035 :quamobrem
1013 2979 1074 3022 non

100 3072 119 3108 a
140 3046 264 3130 proprio
280 3044 404 3106 nomine
417 3061 523 3106 curam
537 3042 650 3103 habent
663 3042 852 3118 animarum,
865 3044 918 3106 sed
931 3053 1074 3126 tanquam

101 3163 117 3198 «
142 3133 311 3217 parochum
333 3137 595 3214 repraesentautes.
625 3130 743 3191 Debent
769 3131 861 3211 igitur
891 3151 963 3194 cum
991 3153 1075 3198 reve·

98 3250 117 3286 a
140 3222 239 3286 rentit
259 3227 289 3284 et
305 3221 493 3302 sthectione
513 3236 585 3300 erga
607 3236 678 3281 eum
698 3236 731 3280 se
753 3218 881 3292 hebere3
898 3220 989 3297 nihil,
1010 3223 1075 3303 ipso

101 3339 117 3373 «
140 3312 253 3383 invito,
278 3310 413 3372 muneris
430 3308 515 3370 obire
538 3307 596 3369 nisi
618 3307 658 3369 ob
682 3325 787 3388 graves
806 3327 913 3371 causas
936 3310 1020 3371 aliter
1038 3313 1076 3374 ab

102 3427 116 3460 a
141 3400 291 3483 Episcopo
305 3405 449 3460 statutum
464 3396 563 3459 luerit.
577 3397 705 3472 Curent,
722 3399 870 3477 quantum
885 3397 949 3459 lieri
966 3406 1073 3479 potest,

104 3521 117 3546 a
142 3497 174 3551 ut
189 3489 374 3552 uniformem
395 3503 468 3548 cum
489 3483 625 3547 Parocho
642 3485 751 3565 agendi
771 3488 920 3547 rationem
936 3494 1073 3567 teneant;

102 3607 116 3636 a
143 3579 235 3640 nimia
266 3576 348 3639 enim
373 3575 451 3636 inter
476 3581 656 3654 utrumque,
686 3573 787 3654 quoad
816 3575 891 3636 sacri
918 3576 1074 3641 ministerii

101 3692 118 3726 a
142 3666 279 3748 prraxim,
295 3663 513 3744 discrepantia,
530 3663 561 3723 in
576 3661 810 3723 destructionem
827 3665 927 3745 potilrs
941 3675 1074 3746 vergeret

101 3780 120 3817 a
140 3757 236 3835 quam
255 3754 286 3815 in
303 3750 545 3815 aedificationem.
568 3752 768 3828 summopere
784 3753 874 3814 etiam
895 3765 1019 3816 caveant
1038 3774 1074 3818 ne
