2562 4224
455 289 541 335 erenn
556 289 674 335 remus.
1036 270 1098 336 tto

105 415 186 467 ante
209 404 438 468 exhibitionem
475 405 650 468 litterarum
677 405 940 484 Apostoliearum,
972 425 1097 470 excom·

105 493 289 557 munieatio
319 494 431 574 major,
446 513 570 558 necnon
596 496 730 578 privatio
753 495 914 558 nortuum
936 497 1098 559 ecciesias-

106 585 249 646 tieorum
287 582 516 646 beneficiorum
554 602 852 666 quorumcumque,
886 603 957 665 quoe
995 603 1100 668 poenae

109 675 148 734 tt.
168 672 201 733 P.
220 681 441 748 reservantur;
466 673 500 734 in
526 681 730 755 praesentatos
754 692 829 736 vero
843 691 899 736 seu
920 677 1100 736 nominatos

108 763 157 824 sio
183 761 326 842 accipere
345 772 570 843 praesumentes
584 763 723 842 regimen
749 763 966 838 ecclesiarum,
998 781 1098 844 poenae

108 849 243 922 effidem,
270 850 386 932 pariter
409 862 584 923 reservatae,
611 862 642 913 et
668 853 803 932 privatio
824 853 893 932 ipso
914 851 997 914 iacto
1019 851 1098 933 juris

109 939 159 1002 eis
175 938 300 1020 quaesiti
326 958 381 1020 per
408 941 658 1004 nominationem
682 949 713 1003 et
740 943 1041 1022 praesentationem
1064 940 1100 1002 ln

109 1029 237 1110 eosqui
253 1027 287 1090 in
314 1030 487 1109 praemissis
503 1032 677 1109 paruerint,
707 1029 757 1092 vel
774 1029 929 1092 auxilium
944 1039 998 1091 aut
1012 1029 1101 1092 savo·

110 1136 182 1180 rem
215 1119 439 1198 praestiterint,
475 1119 705 1200 cujuscumque
740 1127 858 1196 statos,
894 1118 1097 1194 conditionis,

112 1207 361 1288 praeeminentia
394 1217 424 1270 et
461 1209 623 1286 dignitatis
652 1209 795 1283 -fuerint,
835 1226 937 1289 poenae
965 1210 1099 1271 eaedem.

112 1296 261 1370 Domum,
278 1297 303 1360 si
327 1298 381 1379 qui
397 1317 432 1359 es
450 1297 607 1377 praedictis
621 1297 797 1378 episcopali
826 1299 1008 1360 charactere
1036 1300 1103 1360 sint

111 1385 270 1466 insigniti,
288 1387 454 1467 suspensio
465 1387 533 1467 ipso
547 1385 629 1449 sacto
645 1387 684 1447 air
697 1386 846 1448 exercitio
857 1385 1112 1468 pontificalium,

111 1486 143 1540 et
153 1475 357 1538 interdictum
371 1479 411 1538 ab
426 1477 568 1553 ingressu
582 1476 732 1543 ecclesiae,
745 1473 776 1537 S.
789 1473 860 1536 Sedi
873 1477 990 1556 pariter
1005 1495 1101 1538 reser-

112 1575 214 1640 vata3
239 1565 368 1647 insuper
396 1583 606 1646 quaecumque
630 1565 711 1626 asic
734 1565 865 1626 intrusis
891 1565 982 1637 fiant,
1014 1582 1104 1625 man·

112 1655 244 1730 dentur,
273 1672 346 1716 cum
373 1654 524 1717 omnibus
551 1653 626 1715 inde
654 1653 766 1732 quovis
796 1652 891 1714 modo
920 1651 1034 1714 secutis
1048 1661 1105 1714 aut

100 1743 284 1821 secuturis,
295 1743 429 1806 omnino
442 1743 529 1806 nulia
545 1750 623 1804 sunt
636 1751 666 1804 et
679 1741 782 1803 irrita.

154 1832 227 1896 238.
254 1856 265 1889 ι
291 1827 386 1896 Porro
407 1832 561 1896 hactenus
576 1829 876 1912 dicta,procodunt,
900 1830 1005 1912 inquit
1023 1831 1104 1894 Reii·

116 1949 132 1986 α
152 1921 445 1996 tonstnel,etiamin
462 1921 839 2002 eoquianteelectionem
852 1922 1013 1983 exstiterat
1026 1939 1102 2003 pro·

116 2039 130 2074 a
153 2024 293 2085 curator,
316 2012 365 2074 vel
388 2029 572 2074 oeconomus
600 2011 766 2074 ecelesiae:
791 2029 863 2072 nam
888 2010 914 2072 si
938 2011 1106 2090 contingat

114 2131 128 2163 a
154 2120 359 2168 oeconomum
388 2101 528 2164 ecclesiae
554 2101 627 2183 eligi
660 2102 691 2162 in
724 2100 891 2163 Praeiatnm
917 2099 1102 2180 (ejusdem),

114 2219 129 2252 ι
147 2193 257 2256 statim
280 2209 297 2253 a
312 2201 454 2271 tempore
474 2190 640 2253 electionis
657 2200 784 2252 tenetur
806 2190 873 2271 ipse
888 2188 1047 2251 abstinere
1062 2191 1107 2252 ab

116 2311 128 2342 ι
157 2281 429 2346 administratione
443 2282 630 2342 oeronorniae
651 2304 664 2336 a
688 2279 786 2360 (ibid,
804 2279 868 2359 to).

157 2367 1107 2451 SecussentitnonsoiiuuLequeux(n⁰82),sedetiamauctor

112 2464 252 2530 erraret.
267 2460 302 2523 S.
318 2458 452 2540 Sulpitii,
468 2475 502 2520 n0
520 2460 576 2522 133
600 2461 630 2520 in
650 2459 723 2520 srne.
743 2457 832 2520 Ratio
860 2459 929 2538 ejus
947 2467 995 2520 est
1016 2455 1101 2538 quod

112 2574 187 2636 cap.
206 2550 367 2626 Avaritiae,
384 2550 478 2630 sopri
497 2551 645 2623 relatum,
670 2547 820 2628 loquatur
836 2549 992 2610 duntaxat
1006 2548 1045 2610 de
1057 2547 1108 2606 eis

113 2642 578 2726 quiseingererepraesumunt
588 2637 698 2719 qualos
710 2655 772 2698 non
781 2646 855 2698 sunt
870 2639 924 2718 qui
932 2638 998 2719 jam
1011 2635 1106 2698 electi

113 2731 234 2798 vicarii
253 2729 444 2810 capitulares
457 2738 564 2810 postea
577 2728 615 2790 ad
631 2727 774 2788 eamdem
789 2727 895 2788 sedem
914 2727 930 2788 d
958 2727 1107 2808 Principe

113 2821 325 2887 nominantur
339 2818 496 2898 Episcopi.
519 2817 551 2880 ln
568 2817 679 2879 eodem
695 2833 804 2884 sensu,
830 2834 915 2878 anno
932 2815 1021 2888 1832,
1036 2833 1107 2878 res·

114 2910 267 2996 pondisse
282 2907 409 2989 Gregor.
424 2905 491 2968 XVI
514 2907 550 2968 ad
565 2903 720 2967 Blanoard
738 2906 777 2966 de
797 2904 928 2967 Bailieui
941 2905 1102 2968 Vicarium

114 2997 301 3065 Generadern
323 2997 466 3059 dioecesis
488 2995 692 3059 Versaiiensis
721 2996 830 3057 asserit
862 2993 945 3056 idem
977 3003 1107 3070 auctor,

114 3095 191 3174 post
216 3087 277 3149 tto.
311 3085 373 3147 BD.
405 3084 601 3159 Bourier,in
632 3090 766 3145 tractatu
793 3082 837 3146 De
866 3083 991 3157 Ordine,
1020 3099 1047 3144 c.
1072 3082 1104 3158 7,

114 3188 193 3244 sect.
210 3177 239 3238 ἲ.
253 3176 328 3249 Quae
351 3175 505 3238 sententia
522 3174 655 3255 proinde
665 3172 697 3233 in
713 3174 800 3251 praxi
819 3180 887 3234 tuta
903 3181 964 3254 est.
1028 3245 1032 3250 Ι

156 3265 229 3331 239.
263 3263 410 3340 Qoaedam
437 3264 506 3325 aliae
537 3262 736 3342 exceptiones
768 3267 843 3322 sunt
871 3257 1106 3322 admittendae:

116 3363 149 3421 {⁰
170 3359 197 3420 si
219 3355 304 3419 dicta
319 3353 553 3418 administratio
574 3352 661 3414 fieret
679 3352 717 3411 de
732 3352 893 3428 {consensu
908 3347 1077 3433 Superioris
1093 3376 1107 3412 τ

115 3449 200 3514 notio
236 3451 333 3525 patet.
361 3441 450 3506 Unde
484 3451 584 3524 potest
616 3441 734 3502 electus
774 3439 995 3502 administrare
1031 3449 1110 3504 ante

114 3535 407 3608 confirmationem,
423 3534 449 3596 si
462 3533 522 3595 hoc
543 3531 658 3594 habeat
672 3547 710 3591 ex
730 3527 894 3610 privilegio
923 3541 955 3592 ut
986 3530 1106 3593 hahent

115 3627 351 3700 cistercienses,
381 3631 459 3686 teste
491 3622 621 3699 Abnate,
642 3637 712 3701 cap.
744 3615 821 3682 Ciam
848 3621 1037 3700 venerabilis,
1062 3619 1111 3682 De·

114 3714 290 3782 renueret.

158 3804 229 3868 240.
241 3803 389 3866 torturas
397 3799 561 3882 excipiunt
573 3799 664 3862 vaide
672 3809 810 3862 remotos
821 3799 838 3861 a
851 3799 945 3861 Curid
962 3797 1109 3860 Romana.
