2590 4214
498 291 583 335 arnan
606 289 722 344 inatus.
1043 287 1097 338 ror
1211 351 1213 357 Ι

104 439 109 443 .
164 391 313 452 Probatur
332 408 368 451 ex
384 408 450 470 cap.
470 388 583 450 Petitio
603 398 663 460 tao,
681 387 725 448 lle
737 386 896 448 homicidio
912 391 1099 452 eolrcntnrr'o:

119 479 196 560 quia
211 477 345 539 Ecclesia
356 477 496 539 abhorret
509 478 526 538 a
541 475 699 557 sanguine.

164 573 281 638 Dicitur
302 577 333 634 l⁰
358 573 416 648 (ini
441 573 567 656 propriu
595 571 692 647 monn}
710 571 848 633 occidunt
867 571 915 632 oet
933 573 1099 635 mutirent:

122 660 208 726 unde
232 661 406 742 irregularis
429 680 491 723 non
515 668 593 722 esset
611 659 738 722 clericus
761 658 922 721 exhortans
936 660 973 721 ad
989 658 1099 737 fortiter

122 749 326 831 pugnandum
350 749 381 810 in
396 749 476 811 bello
489 751 570 829 iusto
589 749 680 810 etiam
699 746 845 810 offensivo
861 768 869 822 3
894 766 981 810 secus
1000 754 1095 815 lamet

122 839 148 899 si
163 837 202 898 ad
212 837 415 900 occidendum
430 837 512 900 bunc
526 836 571 897 vel
586 835 671 898 illum
689 835 720 896 in
742 835 932 916 particulari,
950 835 1018 898 licet
1035 854 1098 916 prc.

123 924 264 986 babiliter
287 926 318 986 in
340 924 399 988 hoc
417 924 623 987 contradicant
641 923 799 998 Salmant,
826 942 874 1005 ap.
900 925 931 984 S.
958 923 1098 1005 Lignor..

123 1014 179 1075 lib.
192 1019 222 1088 7,
236 1023 269 1073 n⁰
282 1017 355 1076 tou:
372 1014 443 1094 quia
457 1033 523 1094 cap.
536 1012 648 1074 Petilio
661 1023 722 1082 tuo,
735 1010 779 1074 De
788 1011 957 1085 homicidio,
969 1013 1101 1092 loquitur

123 1102 245 1162 tantum
260 1102 297 1164 de
310 1101 455 1164 occidente
464 1101 510 1164 vei
520 1101 684 1173 mutilante,
704 1119 766 1162 non
777 1101 847 1162 verd
861 1100 899 1162 de
913 1101 1097 1163 exhortante.

122 1189 210 1250 ldem
225 1196 270 1252 est
287 1189 451 1252 dicendum
465 1191 503 1252 de
522 1190 600 1252 duce
614 1189 778 1266 exercitbS,
793 1188 940 1264 tubicine,
956 1195 1031 1266 etc,
1047 1193 1100 1252 sert

120 1276 210 1338 addit
222 1279 253 1340 S.
270 1277 391 1358 Liguor.
409 1278 472 1356 (lib.
488 1283 519 1354 7,
540 1276 630 1358 459),
648 1277 784 1339 Clericus
804 1277 838 1338 in
855 1278 949 1338 saeris
963 1278 1009 1340 vel
1021 1279 1100 1340 bene·

120 1365 244 1445 firiotns
258 1365 389 1427 militans
402 1365 434 1427 in
448 1365 545 1443 bello,
560 1365 594 1425 tit
607 1365 791 1443 irregularis,
806 1366 830 1426 si
843 1365 1007 1444 aliquando
1021 1368 1099 1428 sclo-

122 1471 199 1532 pum
222 1453 392 1515 adhibuerit
413 1453 445 1515 in
468 1453 569 1534 aliquo
592 1453 747 1530 conflictu,
764 1453 818 1520 etsi
839 1453 956 1531 iuraret
981 1455 1098 1519 nullum

121 1541 249 1603 laesisse.
898 1573 901 1577 ·

166 1639 279 1702 Dicitur
297 1644 331 1701 2⁰
359 1639 397 1700 In
417 1639 492 1701 bello
509 1640 611 1720 josto;
637 1657 726 1716 nam,
752 1638 776 1700 si
798 1638 912 1700 bellum
934 1645 1011 1700 esset
1033 1643 1098 1702 eri-

119 1726 230 1788 denter
249 1727 410 1806 injustum,
436 1745 497 1789 non
519 1728 637 1788 tantum
652 1727 704 1804 qui
723 1728 844 1807 propria
861 1745 954 1788 manu
975 1730 1097 1790 occide-

119 1821 191 1877 rent
204 1815 251 1878 vel
265 1816 438 1878 mutilarent
453 1821 554 1876 essent
563 1815 753 1894 irregulares,
768 1815 821 1876 sed
835 1815 936 1877 omnis
946 1817 1098 1890 exercitus

116 1911 152 1966 et
174 1905 360 1984 quicumque
381 1903 453 1966 huic
472 1903 576 1964 luisset
598 1910 805 1985 cooperatus:
829 1903 951 1966 sedilia
977 1903 1096 1986 irregu-

119 1993 224 2054 laritas
233 1998 277 2054 est
288 2012 326 2055 en
338 1992 455 2054 delicto.

163 2089 278 2152 Dicitur
292 2093 324 2152 3⁰
340 2089 376 2151 ln
392 2089 467 2150 bellu
481 2090 618 2170 offensivo
633 2109 640 2150 :
656 2089 679 2150 si
694 2091 778 2152 enim
793 2089 907 2151 bellum
922 2094 1001 2150 esset
1014 2095 1097 2152 mere

116 2177 319 2258 defensienm,
338 2197 398 2239 non
422 2177 507 2238 fieret
526 2177 717 2256 irregularis,
734 2177 824 2238 eliam
843 2177 895 2257 qui
918 2177 1067 2240 occideret
1088 2201 1094 2238 :

117 2285 158 2327 ox
173 2285 239 2347 cap.
252 2265 333 2341 2,De
347 2266 499 2327 lmmnnit.
516 2267 629 2340 eccles,
641 2271 669 2326 et
681 2265 826 2326 Clement.
841 2265 941 2341 unica,
951 2263 995 2326 De
1008 2266 1097 2328 honri·

117 2353 211 2416 eirlio.
230 2355 344 2416 Dicitur
356 2357 433 2416 mere
446 2353 625 2434 defensionne
637 2372 644 2412 :
657 2371 728 2414 nam
744 2354 768 2414 si
783 2353 821 2414 ad
835 2353 973 2434 praelium
989 2367 1096 2434 sponte
1188 2374 1190 2379 ·

119 2443 232 2504 milites
250 2443 388 2504 venirent
401 2442 504 2504 animo
519 2440 692 2522 praeliandi,
712 2441 826 2503 bellum
842 2459 903 2502 non
918 2449 995 2504 esset
1011 2447 1095 2505 mere

115 2530 327 2607 defensitant,
342 2537 371 2592 et
385 2532 589 2593 incurreretur
600 2529 813 2610 irregularitas

162 2626 315 2690 Alortiori
333 2645 395 2688 non
415 2626 448 2686 lit
463 2627 635 2708 irregularis
656 2628 707 2707 qui
731 2627 849 2688 mutilat
864 2626 912 2687 vel
934 2627 1043 2690 occidit
1063 2630 1093 2690 in

115 2715 331 2778 defensionem
344 2716 528 2796 inculpatam
541 2714 677 2793 honoris,
692 2715 771 2793 vitae,
788 2715 946 2787 castitatis,
962 2723 992 2777 et
1005 2717 1093 2780 etiam

118 2803 262 2886 proximi,
275 2821 346 2866 cum
360 2804 398 2866 de
415 2803 452 2865 iis
466 2803 550 2866 sileat
561 2805 611 2883 jus
624 2804 875 2886 irregularitatem
894 2805 1091 2869 constituens.

159 2911 332 2973 Paucostrto
346 2913 376 2972 2.
393 2942 431 2957 -
446 2909 634 2992 Irrepnlorcs
646 2910 726 2992 finnt
739 2911 801 2992 qni,
824 2911 857 2972 in
864 2909 984 2990 jndicio
991 2913 1092 2992 justo,

117 2999 159 3061 ud
169 3007 291 3060 mortem
305 2997 349 3059 vel
357 2999 579 3060 mutilationem
593 3009 790 3079 cooperantur
800 2999 976 3072 voluntarie,
990 3002 1092 3071 natiue,

116 3087 276 3167 effictueiter
293 3095 321 3147 et
337 3087 487 3167 proximi,
507 3105 566 3168 per
585 3088 725 3148 actionem
744 3105 783 3148 en
801 3085 910 3146 naturai
930 3086 984 3146 scd
1004 3087 1044 3146 od
1063 3089 1094 3148 id

114 3173 300 3236 ordinatum.
563 3195 565 3200 ·

158 3281 305 3348 Probatur
315 3300 351 3344 ex
362 3281 508 3344 Clamant.
521 3281 621 3354 unica,
635 3279 674 3342 Si
678 3278 822 3360 furiosus,
834 3280 877 3341 De
889 3279 1010 3353 domic,
1020 3287 1089 3351 etc..

114 3389 185 3449 cap.
202 3369 338 3446 Clericis,
350 3388 417 3450 cap.
435 3369 631 3444 Sententiam,
648 3369 694 3430 Ne
704 3367 809 3429 elerici
820 3368 866 3429 ael
879 3387 972 3444 mon„
983 3377 1013 3430 et
1023 3387 1088 3450 cap.

115 3459 173 3522 En
190 3457 315 3532 litteris,
333 3458 488 3519 Deceress.
506 3458 636 3532 Praelut,
652 3463 709 3518 etc.

157 3565 275 3626 Dicitur
301 3567 332 3624 l⁰
347 3564 383 3625 In
390 3563 508 3645 jndicio
516 3563 600 3643 justo
612 3581 620 3623 :
634 3563 659 3624 si
673 3562 757 3624 enim
772 3561 930 3625 manifeste
944 3562 1089 3644 injustum

114 3661 196 3716 essct
213 3643 379 3732 judicium,
395 3652 575 3732 irregulares
595 3670 632 3712 ex
651 3650 761 3712 delicto
788 3649 896 3712 tierent
918 3652 970 3732 qui
998 3657 1090 3715 modo

114 3743 276 3805 enuntiato
290 3747 523 3822 cooperarentur
538 3739 575 3801 ad
590 3747 720 3802 mortem
735 3744 787 3801 aut
799 3739 1032 3804 mutilationem.
