2590 4214
479 267 565 312 crona
586 267 704 313 ruinius.
1021 250 1080 307 tir

99 364 321 447 irregularitate
331 363 516 444 dispensare,
531 399 571 412 —·
585 363 679 425 Valde
689 369 791 424 autem
805 359 1000 442 probabiliter
1010 377 1082 420 cen·

98 462 168 517 sent
182 454 284 535 plures
298 453 380 533 quod
394 453 418 514 si
435 453 503 534 quis
517 453 644 516 alterum
659 455 802 533 provocet
812 449 911 511 verbis
925 456 975 510 aut
989 447 1074 510 facto.

99 542 270 624 praevidens
284 561 316 604 sc
337 541 478 604 facillime
500 541 756 624 aggrediendum,
777 537 828 600 frat
849 535 1039 616 irregularis,
1055 535 1079 596 sl

98 631 319 713 postmodum,
340 630 380 691 ob
400 633 447 693 sui
470 631 692 706 defensionem,
718 644 926 708 aggressorem
949 624 1077 698 occidat3

99 722 176 802 quie
196 726 271 782 tunc
292 718 344 780 dat
368 739 491 801 operam
519 721 562 782 rei
586 720 696 782 illicitae
725 716 861 797 proxime
885 713 1078 794 periculose,

100 829 192 872 secus
219 809 289 871 verb
312 809 337 870 si
365 826 426 869 non
443 809 621 892 prevideat.
641 809 724 870 Idem
746 813 790 866 est
811 802 974 866 dicendum
989 801 1027 862 de
1045 819 1086 862 eo

101 898 156 980 qui
181 897 297 960 accedit
320 897 513 960 rid-uxorem
533 898 673 974 alterius,
701 893 895 977 praevidenda
914 891 1087 973 periculum

101 1005 172 1050 esse
186 1005 226 1048 ne
239 987 356 1049 occidat
369 987 511 1048 maritum
525 995 745 1068 aggressorem.

146 1087 195 1146 An
220 1083 300 1146 idem
326 1085 363 1146 sit
388 1084 552 1146 dicendum
576 1084 664 1146 deco
689 1082 740 1164 qui
764 1083 892 1143 alterum
906 1078 1016 1143 occidit
1033 1086 1084 1141 ant

103 1173 248 1248 mutilat,
264 1173 304 1234 ob
317 1172 525 1266 defensionem
541 1172 702 1248 libertatis,
717 1171 851 1246 honoris,
874 1168 1024 1250 pudicitiae
1038 1167 1089 1230 vel:

104 1263 258 1324 bonorum
269 1261 492 1342 temporalium,
503 1258 873 1342 expenditurinMunuuli,
885 1261 1081 1334 notemur.
1111 1264 1112 1268 ’

148 1353 240 1422 Juxta
257 1360 456 1433 sententiam,
474 1379 543 1440 quae
561 1361 577 1421 a
595 1361 626 1421 S.
645 1359 768 1438 Liguor.
785 1357 858 1435 (ih,
875 1367 909 1417 n⁰
924 1359 993 1434 394)
1014 1375 1084 1437 pro·

107 1449 238 1512 habilior
253 1448 382 1522 dicitur,
398 1448 597 1511 homicidium
610 1447 823 1528 inrepentintt
833 1446 898 1506 rixi
916 1452 1082 1524 patratum,

104 1537 213 1601 haberi
225 1537 313 1600 debet
326 1543 359 1598 nt
370 1537 571 1598 voluntarium
586 1542 616 1598 et
628 1555 689 1598 non
703 1535 822 1598 casuale
835 1553 842 1594 :
854 1533 925 1613 quia
935 1533 1091 1595 homicida

113 1651 129 1687 r
150 1628 206 1688 sni
218 1626 368 1688 voluntate
382 1631 413 1686 et
425 1643 461 1687 ex
474 1625 627 1706 proposito
641 1621 762 1698 occidit,
785 1628 815 1684 et
833 1641 894 1684 non
913 1639 950 1682 ex
970 1639 1040 1684 casu
1053 1644 1083 1685 n.

108 1715 187 1776 Vide
202 1715 293 1776 (lonc.
313 1713 468 1787 Trident,
485 1732 558 1775 sess.
576 1717 612 1774 ll
627 1759 634 1788 ,
650 1731 716 1793 cap.
734 1717 764 1773 Ἰ.
782 1712 876 1773 Secus
891 1717 993 1772 temen
1014 1729 1085 1773 sen-

108 1807 192 1867 tiunt
208 1802 381 1864 Salmantic.
408 1808 437 1862 et
457 1801 581 1882 quidem
601 1801 666 1876 alii3
683 1801 831 1882 quianon
857 1799 974 1861 censeri
998 1799 1086 1862 debet

110 1891 312 1954 voluntarium
336 1889 555 1966 homicidium,
582 1889 636 1952 sed
653 1889 768 1950 curuata
792 1893 906 1950 tautum
932 1890 1061 1950 mr'rctum
1076 1939 1090 1967 ‚,

109 1979 235 2063 quando
249 1979 358 2054 subito,
373 1979 458 2059 quasi
475 1980 588 2060 absque
600 1979 826 2056 deliberatione,
843 1978 875 2039 in
889 1978 981 2041 aliurn
996 1980 1087 2041 insilit

108 2068 274 2131 homicida.
338 2123 340 2128 .

152 2195 221 2253 illl.
245 2189 419 2251 Phorostrm
439 2193 469 2250 d.
487 2224 524 2234 -
539 2187 711 2250 incurritur
723 2187 811 2248 etiam
826 2187 1039 2268 irregularitas
1052 2187 1094 2246 nh·

109 2279 327 2342 mutilationem
342 2277 475 2339 membri.
1017 2285 1019 2290 '

152 2408 195 2466 lta
213 2421 279 2483 cap.
296 2399 501 2482 Significasti,
515 2400 560 2462 De
575 2397 754 2472 homicidio,
768 2410 799 2461 et
814 2399 962 2462 Clement.
979 2401 1017 2464 Si
1034 2400 1087 2482 su-

109 2495 219 2563 riosus,
235 2490 343 2553 eodem
355 2490 452 2552 titulo

154 2595 282 2669 Quidam
300 2612 371 2655 curn
391 2595 478 2654 Suar.
495 2593 602 2656 dicunt
618 2592 743 2654 nomine
756 2592 882 2654 membri
895 2611 961 2656 esse
978 2594 1085 2658 intelli·

111 2684 251 2768 gendum
274 2701 336 2744 non
361 2683 459 2744 solitm
477 2683 619 2757 oculum,
647 2700 792 2760 manum,
817 2688 894 2753 ete,
918 2683 970 2745 sed
998 2685 1095 2748 etiam·

112 2791 236 2852 nasum,
250 2771 359 2852 digitos
368 2777 397 2832 et
410 2771 588 2843 auriculam,
601 2771 671 2851 quia
686 2789 740 2852 per
753 2789 861 2834 eorum
874 2771 1096 2836 abscissionem

112 2863 249 2928 aufertur
267 2858 401 2940 corporis
415 2861 585 2941 integritas;
607 2859 660 2921 sed
672 2860 868 2940 probabilius,
880 2863 978 2942 inquit
992 2865 1023 2924 S.
1040 2865 1089 2925 Li·

114 2971 217 3037 gnon,
237 2949 489 3011 communissime
507 2952 569 3011 Db.
586 2955 690 3009 tenent
706 2950 830 3010 nomine
849 2951 974 3010 membri
987 2953 1097 3015 venire·

114 3043 234 3106 tanthm
245 3045 345 3121 partes
356 3037 421 3098 illas
432 3037 567 3117 corporis
581 3055 649 3118 quae
664 3039 821 3118 proprium
831 3038 965 3100 officium
979 3039 1089 3103 habent

114 3133 154 3196 ah
168 3129 234 3191 eliis
245 3126 393 3202 divisum,
409 3131 443 3186 ut
457 3125 563 3187 oculus
573 3125 610 3186 ad
622 3125 786 3186 videndum
799 3173 806 3201 ,
819 3143 929 3188 manus
942 3130 980 3188 ad
994 3146 1087 3208 agen,-

115 3221 203 3294 dum,
219 3235 271 3298 pes
281 3215 318 3277 ad
333 3214 568 3289 ambulandum,
584 3219 642 3275 etc.
660 3213 748 3277 Unde
762 3213 1014 3294 irregularitatem
1028 3236 1096 3280 non

115 3305 243 3372 incurrit
261 3303 314 3385 qui
333 3309 502 3384 amputaret
521 3302 689 3364 auriculam
714 3321 722 3363 ε
742 3302 834 3384 quia,
852 3305 887 3364 ed
901 3304 1009 3378 ablate,
1030 3325 1096 3367 non-

115 3397 231 3462 tollitur
243 3411 335 3455 omne
347 3391 481 3454 odicium
498 3392 658 3462 audiendi;
676 3410 732 3454 nec
746 3392 797 3473 qui
812 3390 919 3453 dentes
933 3393 1090 3470 evelleret,

117 3483 238 3567 necqui
253 3483 382 3545 auferret
393 3481 478 3542 alteri
490 3482 637 3562 digitum:
653 3482 709 3541 nisi
720 3481 788 3555 sibi,
800 3487 883 3542 extra
896 3499 1000 3543 casum
1013 3482 1094 3545 infir·

116 3575 230 3639 miletis
246 3572 293 3635 vel
318 3570 516 3645 necessitatis,
538 3569 668 3650 digitum
682 3569 729 3629 vel
749 3576 865 3649 partem
880 3569 965 3651 digiti
981 3590 1092 3653 ampu-

118 3669 194 3728 taret
210 3682 218 3724 2
234 3662 306 3742 qula
321 3679 388 3740 cap.
403 3657 461 3733 Qui
468 3667 586 3740 purtem
601 3662 630 3732 6,
647 3657 717 3719 dist.
736 3662 774 3720 55
788 3705 796 3736 ,
810 3661 950 3740 expresse
964 3660 1098 3723 declarat
1190 3681 1195 3688 ·

117 3755 151 3817 in
164 3753 223 3816 hoc
237 3750 342 3812 adesse
356 3748 616 3826 irregularitatem.
636 3750 711 3807 Item
727 3747 900 3827 irregularis
915 3752 1023 3829 estqui
1040 3754 1099 3810 sue
