2548 4216
500 273 586 318 nmen
608 272 725 318 narnus.
1042 261 1101 320 393
1157 305 1159 310 .

128 368 205 430 ultra
228 369 392 443 bimestre,
408 369 460 431 sed
487 368 598 431 suflicit
621 387 707 450 aequa
731 388 779 430 eeu
807 367 1015 448 rationabilis,
1040 368 1101 433 int

125 457 235 520 suflicit
249 459 445 520 recreationis
459 477 551 521 causa
565 456 611 518 vel
626 457 742 520 similis.

166 551 236 608 536.
262 547 384 619 Quaerit.
404 552 437 607 l⁰
456 548 502 608 An
528 551 637 626 praeter
661 545 827 626 legitimam
850 565 993 623 causam,
1013 547 1103 612 eliam

123 633 246 696 licentia
266 634 429 714 superioris
443 634 614 716 requiratur
628 653 683 716 pro
697 634 831 697 absentia
847 635 993 717 parochi?
1009 645 1037 698 et
1052 657 1102 701 cu·
1212 723 1214 730 s

121 721 246 799 jusnam
260 722 451 802 Superioris?
463 729 492 786 et
506 742 543 784 an
560 722 591 784 in
605 722 745 804 scriptis?

165 814 256 892 Resp.
276 811 321 872 Ad
344 811 527 892 Episcopum
550 811 677 892 pertinet
698 811 834 892 judicare
853 813 891 874 de
916 813 1101 892 legitimitate

123 916 236 976 causae,
248 900 309 962 sive
323 899 360 960 ad
375 899 629 974 bimestre‚etiarn
641 899 784 963 adunam
798 901 1031 978 hebdomadam,
1041 903 1102 965 sira

123 987 163 1048 ad
178 987 321 1068 longioris
335 988 479 1068 temporis
492 988 669 1051 absentiam.
685 989 728 1049 Ab
741 989 890 1070 Episcopo
900 997 1000 1051 tamen
1013 990 1102 1054 datur

123 1094 267 1138 recursus
292 1077 330 1138 ad
354 1076 568 1157 Superiorem,
583 1077 626 1137 uti
640 1076 798 1139 declaravit
813 1080 844 1142 S.
861 1079 893 1140 ll.
915 1079 1005 1141 Conc.
1024 1071 1102 1142 Sunt

123 1169 226 1226 autem
240 1171 376 1226 auctores
389 1165 440 1246 qui
450 1165 488 1226 ad
501 1165 668 1226 absentiam
679 1165 852 1229 bimestrem
867 1186 928 1228 non
941 1169 1101 1249 requirunt
1132 1163 1134 1166 ’

122 1252 276 1315 licentiam
292 1254 516 1336 Episcopalem‚
525 1258 559 1316 ut
572 1253 671 1318 videre
685 1259 731 1317 est
741 1274 790 1338 ap.
803 1257 834 1318 S.
850 1257 986 1338 Lignor.‚
999 1257 1050 1320 lib.
1067 1263 1097 1334 1,

123 1350 159 1403 n·
176 1346 245 1420 123,
258 1343 330 1404 dub.
343 1345 399 1405 11¹.

166 1433 222 1492 Pro
237 1431 372 1493 absentia
391 1431 555 1512 perpetua,
579 1432 773 1512 quantumvis
797 1434 895 1514 gravis
910 1433 987 1496 adsit
1000 1434 1097 1513 ratio,

120 1535 185 1580 non
211 1519 319 1581 suflicit
343 1519 483 1600 Episcopi
508 1519 636 1591 licentia,
654 1521 706 1582 sed
732 1522 894 1602 requiritur
918 1523 1098 1602 Apostolicau

121 1607 210 1669 Sedis
233 1609 396 1670 lndultum.
419 1608 452 1669 ld
473 1612 591 1669 constat
604 1627 640 1670 ex
655 1609 789 1671 Concilio
809 1610 943 1672 Trident.
961 1613 1044 1686 (sess.
1065 1615 1096 1687 6,

117 1713 150 1758 c.
162 1699 202 1775 2),
212 1697 263 1759 ubi
278 1697 389 1759 dicitur
403 1715 411 1758 ι
430 1719 446 1755 a
459 1697 600 1777 Nullique
613 1697 784 1778 privilegia,
797 1717 850 1761 seu
863 1699 979 1760 indulta
987 1717 1097 1781 perpe-

124 1806 143 1842 «
164 1795 216 1846 tac
239 1785 274 1846 de
288 1805 345 1846 uon
358 1785 522 1861 residendo,
539 1784 741 1866 suffragentur
754 1807 791 1864 »3
809 1805 871 1848 nou
885 1793 986 1850 tamen
999 1789 1098 1852 solent

119 1873 268 1936 Romanae
283 1874 538 1955 congregationes
552 1880 697 1956 perpetua
716 1875 766 1938 illa
780 1875 895 1938 indulta
908 1877 1094 1956 concedere,

117 1961 174 2022 sed
198 1961 351 2024 facultates
376 1963 522 2025 duntaxat
545 1962 582 2024 ad
610 1982 662 2026 sex
685 1982 815 2026 menses.
831 1965 896 2026 lmd
911 1967 939 2026 S.
958 1965 1094 2048 Lignea,

119 2045 174 2115 lib.
190 2056 220 2124 1,
236 2063 268 2111 n⁰
279 2056 332 2114 lul
346 2098 353 2128 ,
366 2051 440 2114 dicit
452 2052 483 2114 in
496 2052 554 2114 hoc
568 2055 729 2114 Summum
743 2053 918 2116 Pontificem
935 2071 997 2116 non
1009 2073 1096 2134 posse

117 2137 315 2220 dispensare,
332 2140 383 2202 sed
404 2143 520 2203 tantum
544 2140 697 2204 declarare
715 2142 764 2220 jus
787 2141 924 2203 divinum
942 2147 1016 2204 tunc
1032 2161 1095 2207 non

80 2274 83 2278 .
116 2225 272 2308 obligare,
284 2229 372 2308 justis
384 2229 653 2291 intervenientibus
665 2229 773 2291 causis.

161 2315 249 2380 Unde
271 2318 311 2379 ob
331 2317 503 2379 inimicitias
517 2317 573 2397 ipsi
590 2317 720 2396 parocho
734 2317 926 2398 personales,
942 2317 1093 2382 licentiam

118 2412 297 2488 perpetuam
306 2425 367 2469 uon
380 2405 532 2468 residendi
541 2405 708 2487 Episcopus
718 2405 883 2468 concedere
898 2407 1020 2487 nequit;
1033 2408 1093 2472 imd

117 2495 150 2557 in
173 2495 233 2558 hoc
253 2514 341 2573 casu,
357 2514 415 2558 nec
437 2497 527 2558 etiam
548 2495 701 2556 licentiam
723 2495 760 2556 ad
783 2502 914 2576 tempus.
938 2499 978 2557 lta
1003 2497 1034 2558 S.
1059 2498 1091 2560 C.

115 2585 227 2660 Cone,
253 2603 335 2647 anno
359 2588 457 2660 1589,
475 2585 507 2646 in
522 2583 696 2646 Fauentina.
717 2585 895 2645 «rraeuxtn
920 2583 1093 2647 inimicitia·

123 2693 140 2731 a
159 2691 229 2736 rum
241 2672 368 2736 minime
381 2672 558 2736 eximendos
567 2690 633 2736 esse
643 2671 828 2754 (parochosa
839 2671 1025 2756 residentia),
1036 2673 1092 2736 nisi

120 2782 139 2819 c
158 2761 345 2824 obtinuerint
358 2761 470 2826 litteras
484 2763 502 2824 a
519 2762 668 2843 Congreg.
685 2761 821 2824 Concilii.
838 2761 898 2826 Ubi
914 2768 1016 2824 autem
1031 2761 1092 2824 ini-

118 2873 137 2929 p
158 2850 280 2912 micitiae
302 2856 374 2914 sunt
394 2849 596 2914 uerisimiliter
610 2849 783 2928 duraturae,
799 2850 841 2912 ait
863 2851 1042 2932 Fagnanus‚
1059 2855 1094 2914 ut

120 2961 137 2996 a
156 2939 331 3002 consulatur
343 2957 424 3003 curae
435 2939 824 3016 animarunr‚inducendus
839 2947 885 3002 est
898 2939 1045 3020 parochus
1054 2940 1092 3002 ad

113 3051 136 3102 ,c
156 3027 385 3109 resignandum,
395 3029 441 3092 vel
453 3028 700 3110 permutandum.
711 3049 727 3086 u
740 3027 816 3090 Vide
824 3028 914 3090 etiam
927 3027 957 3090 S.
967 3027 1090 3108 Lignor.

112 3115 229 3197 11111,
245 3127 278 3178 n⁰
291 3117 362 3201 lut)
373 3117 427 3200 qui
439 3117 513 3179 dicit
524 3117 583 3180 hoc
595 3115 662 3178 lieri
675 3114 786 3177 debere
798 3123 946 3177 transacto
959 3135 1049 3192 auno,
1060 3122 1094 3200 ct

110 3211 191 3268 tunc
205 3203 354 3286 parochus
365 3203 433 3284 cogi
447 3203 537 3266 debet
549 3202 588 3265 ad
601 3201 849 3266 renuntiandum.

151 3407 206 3459 'lie
221 3405 260 3458 his
277 3407 368 3474 prodiit
384 3405 492 3459 edictum
510 3405 628 3458 Gubernii
644 3404 670 3456 in
688 3404 765 3457 Gallil
782 3405 813 3457 ta
830 3404 911 3456 martii
928 3405 1002 3466 1832,
1019 3406 1089 3473 juxta

114 3481 185 3546 quod
202 3477 318 3544 Episcopi
335 3494 385 3529 nou
398 3483 503 3544 possunt
515 3477 654 3528 concedere
665 3476 790 3528 licentiam
806 3476 938 3528 abessendi
950 3478 1002 3528 suis
1014 3493 1090 3545 paro·

113 3551 169 3602 clris
186 3550 250 3600 ultra
271 3557 328 3602 octo
347 3550 409 3600 dius.
425 3549 471 3600 Pro
483 3547 595 3600 absentil
607 3563 685 3600 uuum
695 3562 805 3599 mensem
816 3562 866 3600 nou
879 3547 1014 3600 excedente
1030 3565 1090 3616 pra·

114 3620 213 3673 moneri
238 3621 311 3672 debet
331 3620 474 3680 Praelectus,
491 3619 603 3672 Minister
622 3618 680 3673 verb
701 3617 813 3671 cultuum
837 3635 881 3687 pro
898 3618 1009 3672 absentia
1026 3622 1089 3674 ultre

113 3709 236 3746 mensem.
255 3693 304 3744 Sed
320 3692 372 3743 haec
386 3691 448 3758 legis
466 3690 595 3758 dispositio
614 3705 665 3745 uon
678 3696 771 3757 potest,
786 3690 822 3742 uti
837 3689 937 3742 evidens
961 3699 1010 3754 est,
1025 3708 1090 3746 conr

113 3765 244 3816 scientiam
259 3763 344 3827 ligare.
