2526 4210
204 341 262 398 ato
472 349 622 394 aceruum
645 347 728 392 aunis
748 347 897 392 ornrrnrcr.

208 473 224 510 e
245 449 346 524 liniret,
372 455 404 512 ul
424 467 489 510 eam
509 453 647 510 exerceat
665 465 718 527 per
740 444 856 506 Primos
870 445 1028 522 Pastores,
1043 444 1084 506 de
1102 463 1169 506 cou-

207 558 221 595 a
241 555 331 599 sensu
346 537 452 600 saltem
466 543 649 618 praesumpto
664 534 758 616 ipsius
770 532 916 614 corporis.
931 554 946 590 a
1057 549 1059 554 ·

241 626 361 688 Constat
377 625 483 699 thesis,
498 623 590 686 modo
606 643 614 684 ε
630 627 661 686 10
676 623 708 686 S.
729 621 834 684 Petrus
848 619 987 684 habuerit
1005 619 1025 682 a
1043 617 1170 697 Christo,

204 729 263 773 non
278 712 403 774 honoris
416 714 550 786 tantum,
563 711 616 774 sed
629 711 721 772 etiam
737 709 903 770 Primatum
914 707 1134 787 iurisdictionis
1144 710 1172 768 in

205 807 294 862 totum
308 801 494 872 Ecclesiam3
512 805 543 862 2⁰
562 801 725 862 duraturus
743 798 780 860 sit
800 797 850 858 ille
865 797 1015 858 Primatus
1029 815 1126 876 usque
1138 795 1173 858 ad

204 888 295 949 finem
308 889 413 952 mundi
426 909 434 964 ;
449 897 479 952 et
489 891 521 950 3⁰
534 887 670 949 Pontifex
683 889 840 948 Romanus
853 887 941 946 Petro
954 884 1132 946 successerit
1144 883 1173 945 in

203 975 282 1039 huuc
296 977 471 1038 Primatum.
490 981 588 1057 Atque
606 976 670 1037 haec
684 975 739 1036 tria
753 973 919 1036 certissima
933 979 1017 1036 sunt.
1036 1027 1044 1042 ‚
1124 972 1127 978 '

240 1067 263 1126 l.
280 1064 350 1124 Non
364 1064 483 1124 honoris
495 1066 622 1137 tantam,
636 1063 687 1124 sed
690 1061 914 1144 jurisdictionis
928 1061 960 1120 fn
972 1070 1064 1122 totam
1079 1059 1174 1122 Eccle-

203 1152 276 1212 siam
289 1151 398 1212 Petrus
409 1154 547 1234 accepite
563 1153 684 1216 Clrrfsto
696 1151 877 1213 Primatum.
895 1183 934 1196 -
945 1149 1066 1210 Probat.
1091 1155 1122 1210 l‘
1133 1151 1173 1212 Ex

204 1242 234 1302 S.
251 1241 404 1321 Scriptum
420 1259 427 1302 :
445 1242 564 1322 Legitur
583 1239 666 1302 enim
682 1240 763 1321 apud
778 1241 808 1301 S.
831 1238 1022 1313 Matthaeum,
1039 1257 1107 1320 cap.
1128 1242 1172 1315 16,

204 1347 230 1389 v.
248 1331 285 1391 l8
305 1347 312 1388 :
337 1350 352 1388 a
371 1332 417 1392 Tu
432 1347 464 1391 es
477 1331 600 1404 Petrus,
614 1333 652 1390 'et
666 1346 756 1409 super
778 1327 858 1388 hanc
880 1333 997 1407 petram
1021 1324 1174 1388 aedificabo

207 1437 222 1474 a
241 1417 406 1479 Ecclesiam
427 1436 569 1478 meam.»
589 1417 642 1478 His
653 1417 751 1478 verbis
765 1415 899 1481 Christus
913 1415 1042 1476 instituit
1056 1418 1173 1478 Petrum
1238 1471 1241 1480 .

203 1511 345 1585 tanquam
368 1505 509 1568 Ecclesiae
529 1504 777 1581 fundamentum,
802 1521 855 1565 seu
869 1503 1128 1582 sustentaculum,
1148 1510 1176 1565 et

203 1588 326 1674 quidem
340 1593 380 1655 ila
394 1593 524 1656 solidum
538 1600 590 1665 ut,
606 1599 712 1656 contra
728 1591 891 1654 Ecclesiam
905 1592 948 1652 sic
963 1597 1174 1668 sustentatam,

203 1688 295 1762 portae
310 1681 413 1758 inferi,
427 1700 479 1744 seu
494 1688 657 1762 potestates
668 1680 828 1742 infernales
843 1697 1002 1760 nunquam
1026 1680 1087 1741 sint
1100 1700 1174 1760 prae·

203 1769 345 1832 valiturae.
371 1769 431 1831 Sed
445 1787 536 1830 nemo
556 1768 674 1832 aetlifioii
693 1767 827 1845 socialis,
854 1772 945 1849 prout
963 1772 1009 1829 est
1026 1769 1173 1840 Ecclesia.

204 1855 347 1918 fulcimen
362 1857 579 1920 inconcussum
590 1876 657 1920 esse
671 1865 785 1938 posset,
802 1857 859 1918 nisi
874 1875 928 1936 per
940 1856 1063 1938 plenam
1075 1865 1174 1920 auoto-

203 1945 321 2006 ritatem
335 1965 387 2008 seu
399 1947 654 2025 jurisdictionem,
671 1953 764 2028 quam
785 1945 898 2007 ineam
916 1963 1058 2006 exercere
1081 1947 1172 2022 valet;

203 2033 374 2096 auctoritate
391 2037 473 2096 enim
495 2035 573 2096 mala
593 2041 786 2097 removentur
802 2039 831 2096 et
845 2039 1064 2114 promoventur
1078 2034 1157 2096 bona
1166 2055 1173 2110 ;

203 2121 305 2203 sicque
317 2122 481 2184 aedificium
495 2123 604 2184 sociale
617 2127 812 2185 sustentatur.
830 2125 910 2202 Ergo
924 2141 959 2183 ex
973 2140 1010 2183 oo
1026 2123 1109 2202 quod
1123 2123 1174 2186 Pe·

203 2214 267 2271 trus
281 2209 370 2272 fuerit
383 2213 398 2272 a
415 2210 530 2274 Christo
542 2212 721 2274 constitutus
734 2217 818 2292 petra
833 2210 1068 2272 fundamentalis
1081 2213 1177 2276 'Eccle

203 2298 269 2376 siae,
283 2317 320 2362 eo
334 2299 399 2380 ipso
414 2300 452 2360 ab
470 2319 508 2362 eo
526 2301 643 2383 aceepit
655 2300 821 2362 Primatum
832 2298 1051 2378 jurisdictionis
1066 2301 1175 2363 ineam

203 2389 388 2450 exercendae.

241 2476 278 2534 Et
292 2477 361 2536 vero
375 2495 436 2538 non
451 2477 550 2538 solirm
568 2476 701 2538 Christus
709 2475 844 2546 ¹instituit
857 2478 978 2538 Petrum
993 2476 1175 2540 fundamen·

203 2567 266 2622 tum
281 2563 437 2642 Ecclesiae,
453 2565 505 2626 sed
525 2565 566 2625 illi
581 2565 718 2645 promisit
737 2563 832 2626 claues
853 2563 938 2644 regni
960 2563 1115 2640 culorum,
1139 2567 1179 2628 ila

203 2657 237 2710 ut
255 2651 450 2733 quodcumque
470 2652 607 2732 ligaverit
626 2661 843 2733 superterram
863 2652 924 2712 erit
943 2651 1072 2732 ligatum
1092 2664 1125 2715 ct
1146 2657 1180 2716 in

119 2745 123 2754 “
202 2737 298 2814 eoelt's,
312 2749 341 2800 et
357 2739 554 2822 quodcumque
567 2741 688 2802 solverit
704 2759 792 2822 snper
806 2749 917 2802 terrum
930 2743 989 2802 erit
1007 2741 1181 2806 salutemet

203 2826 233 2886 iu
248 2827 325 2888 celis
337 2826 380 2908 (S.
396 2829 513 2904 Matth.‚
528 2847 556 2890 c.
574 2833 623 2904 16,
639 2847 667 2890 ν.
686 2829 734 2910 19)
753 2847 761 2889 :
780 2829 892 2908 quibus
910 2828 1009 2890 verbis
1022 2830 1104 2893 aliud
1117 2851 1179 2896 nou

203 2922 298 2994 potest
311 2916 436 2997 intelligi
451 2917 506 2978 nisi
521 2917 609 2998 plena
623 2923 753 2998 potestas
771 2917 860 2978 Petro
877 2915 986 2977 tradita
1002 2917 1135 2982 faciendi
1148 2923 1179 2982 in

204 3003 335 3066 Ecclesit
348 3005 494 3086 quidquid
513 3005 585 3066 utile
595 3003 741 3084 judicabit
753 3025 760 3078 ;
777 3005 830 3066 sed
851 3005 918 3066 talis
932 3010 1065 3087 potestas
1079 3011 1179 3072 mani·

202 3089 275 3154 feste
294 3092 421 3155 includit
437 3092 602 3156 Primatum
623 3091 839 3173 jurisdictionis
853 3094 886 3168 iu
905 3093 1046 3155 eamdem
1070 3098 1161 3161 Eccle

202 3179 287 3244 nam.
304 3184 399 3263 Ergo,
412 3189 468 3245 etc.

240 3269 361 3350 Legitur
381 3270 505 3352 insuper
525 3289 574 3352 ap.
597 3271 628 3333 S.
644 3272 798 3334 ¹loannem
814 3273 857 3352 (o.
873 3273 930 3346 21,
951 3290 980 3334 v.
998 3275 1036 3336 15
1051 3280 1081 3337 et
1095 3277 1153 3360 17)
1169 3296 1179 3338 ι
1254 3269 1255 3276 '

204 3375 219 3414 ι
240 3357 344 3418 Simon
354 3360 490 3432 loannis,
501 3359 600 3438 diligis
610 3375 659 3420 me
668 3358 936 3442 plushis't..Pasce
946 3378 1042 3441 agnos
1053 3381 1179 3444 meos..,

205 3464 219 3501 α
240 3462 328 3523 pasce
342 3463 411 3508 oves
424 3465 516 3508 ineas.
532 3468 548 3506 n

240 3534 295 3592 Per
307 3551 399 3614 ugnos
412 3554 476 3596 scos
490 3543 519 3596 et
533 3554 596 3596 oves
609 3553 690 3608 euos,
706 3537 787 3598 certe
800 3536 935 3600 Christus
955 3555 1018 3600 non
1031 3537 1185 3604 intellexit

200 3617 256 3678 nisi
271 3635 342 3680 suos
356 3620 478 3700 fideles,
494 3622 547 3704 qui
560 3622 636 3684 ovile
650 3623 792 3687 Ecclesiae
806 3625 934 3706 ingressi
948 3626 994 3688 vol
1009 3627 1183 3708 ingressuri

199 3712 279 3766 sunt.
295 3707 376 3788 Ergo
392 3706 526 3776 Christus
545 3709 697 3773 commisit
710 3715 797 3774 Petro
816 3731 921 3776 curam
936 3715 1081 3796 pascendi
1100 3715 1183 3781 fide-

202 3789 243 3884 les
257 3811 339 3868 suos,
355 3801 384 3854 et
397 3797 519 3874 quidem
530 3816 637 3864 omnes
651 3799 716 3862 sine
731 3802 928 3882 restrictione,
943 3804 1058 3887 quippe
1073 3805 1183 3870 nullos
