2526 4210
156 306 211 363 268
426 314 575 360 nisurum
595 311 677 357 runis
698 309 844 357 ennomus.

153 415 303 496 explicant
323 416 499 495 interpretes
515 433 523 474 :
539 413 589 474 alii
611 412 712 487 enim,
733 411 819 490 juxta
839 410 959 473 allatam
977 411 1010 472 in
1036 411 1136 492 prima

154 503 323 584 objectione
336 502 445 564 Petavii
457 500 697 582 responsionem,
710 499 813 560 volunt
828 499 859 560 S.
874 501 1038 560 Ductorem
1056 500 1138 562 loeu-

156 599 218 654 tum
231 591 322 652 luisse
332 591 369 651 de
380 591 561 672 presbyteris
570 589 635 670 qui,
647 595 678 649 ut
690 587 830 669 primitiis
840 586 957 648 solebat
966 587 1047 662 fieri,
1059 587 1139 650 ordi·

157 680 217 741 nati
234 687 319 741 erant
340 681 430 740 etiam
452 679 613 760 Episcopi;
632 677 682 737 alii
696 683 797 737 autem
817 675 1007 738 contendunt
1027 677 1137 738 Hiero·
1240 679 1241 710 l

159 787 284 848 nymum
299 770 430 830 locutum
444 767 547 841 luisse,
560 783 620 826 non
631 765 668 825 de
681 782 717 825 eo
729 763 810 844 quod
825 770 910 824 erant
922 763 954 824 in
964 764 1035 842 iure
1050 781 1136 846 pres·

157 857 271 936 byteri,
288 858 340 918 sed
354 858 392 918 de
415 874 452 917 eo
470 853 551 936 quud
569 858 655 914 erant
674 852 812 934 primitlrs
835 869 873 931 ex
886 854 1135 916 consuetudine:

157 947 296 1024 quaruvis
312 947 393 1006 enim
415 961 535 1024 semper
549 941 587 1003 de
602 943 670 1020 jure
684 941 823 1022 Episcopi
838 940 950 1002 luerint
964 943 1136 1023 superiores

157 1033 355 1113 presbyteris,
378 1039 481 1093 tamen
500 1049 536 1092 ex
560 1029 794 1104 consuetudine,
817 1029 956 1110 primitiis
979 1031 1137 1092 cornmudi

157 1121 404 1200 presbyterorum
418 1119 544 1181 consilio
559 1118 768 1198 gubernabant
782 1117 941 1178 Ecclesias.
958 1118 1085 1192 «Unde,
1099 1119 1136 1180 ait

163 1231 178 1264 u
200 1211 235 1267 D.
253 1208 367 1283 Bouix‚
383 1209 427 1269 De
440 1207 607 1288 Episcopo,
624 1212 697 1268 tom.
718 1210 748 1281 l,
764 1225 794 1287 p.
812 1209 862 1281 29,
879 1205 910 1265 iu
925 1204 984 1267 hoc
998 1225 1064 1268 uno
1077 1214 1135 1268 tan.

163 1320 179 1353 c
199 1296 268 1358 dem
282 1298 411 1377 aequales
424 1296 508 1357 initio
523 1295 684 1376 Episcopus
698 1301 729 1356 et
746 1294 938 1374 presbyteros
952 1297 1134 1374 pronuntia-

165 1408 180 1440 «
200 1386 241 1446 vit
254 1386 468 1467 Hieronymus,
489 1386 518 1445 in
533 1385 650 1444 nomine
661 1383 775 1445 scilicet
789 1390 819 1444 et
833 1382 863 1443 in
877 1382 1022 1445 eccrcitc’o
1037 1391 1133 1464 potes-

165 1475 267 1534 statis
291 1473 544 1535 administrandae.
569 1495 585 1531 u
615 1475 653 1532 Et
677 1473 735 1534 hoe
761 1470 884 1552 quidem
909 1471 1074 1553 contigisse
1100 1492 1133 1536 cx

163 1562 366 1624 Ecclesiasticd
380 1562 573 1645 dispositione
586 1561 774 1622 existimavit.

201 1654 270 1713 400.
295 1651 416 1726 Quaerit.
443 1655 476 1713 2⁰
501 1650 564 1712 Sub
586 1667 721 1730 quonam
747 1654 885 1728 respectu
910 1647 1055 1731 Episcopi
1079 1651 1135 1712 siut

163 1740 344 1820 presbyteris
366 1738 557 1820 superiores?
572 1771 609 1784 -
631 1738 742 1799 Ordine
760 1734 901 1797 tautirm?
919 1767 958 1783 -
981 1739 1029 1798 An
1047 1741 1134 1802 etiam

160 1827 392 1906 jurisdictione?

109 1951 111 1956 -
203 1917 294 1995 Resp.
308 1915 448 1991 Certum,
463 1915 525 1978 imd
540 1913 649 1978 deiide
667 1921 712 1975 est
724 1933 776 1974 eos
790 1930 855 1973 esse
869 1912 1040 1993 superiores
1054 1935 1134 1997 pres-

165 2003 275 2083 byteris
289 2005 402 2065 ratione
414 2003 539 2080 ordinis,
555 2003 681 2084 proinde
695 2021 731 2063 cx
746 2001 931 2062 institutione
944 2001 1057 2065 divina,
1073 2005 1136 2066 Etc-

167 2092 229 2152 nim
239 2091 534 2173 habentpotestatem
549 2090 708 2153 ordinandi
720 2098 747 2151 et
762 2089 961 2151 confirmandi
972 2109 1067 2171 quam
1078 2111 1136 2155 uon

167 2181 275 2242 babent
298 2182 449 2262 simplices
473 2180 650 2260 presbyteri.
680 2180 801 2240 Constat
822 2196 889 2238 can.
919 2183 951 2252 7,
979 2197 1054 2242 sess.
1078 2185 1134 2258 23,

166 2270 257 2331 Cone.
273 2270 420 2345 Trident,
440 2269 603 2349 multisque
622 2267 687 2328 aliis
702 2266 917 2328 monumentis.
939 2267 1074 2331 Sufficiat
1090 2269 1136 2332 bic

167 2359 338 2420 meminisse
360 2359 429 2420 ideo
449 2358 670 2420 ordinationem
690 2355 810 2417 lschirae
833 2354 923 2416 luisse
947 2354 1082 2420 habitam
1105 2365 1137 2421 ut

168 2447 278 2509 nullam
302 2450 320 2509 b
344 2448 477 2509 Concilio
499 2445 701 2508 Alexandrino
719 2454 749 2506 et
771 2446 789 2505 b
812 2445 842 2505 S.
866 2442 1045 2522 Athanasio,
1068 2447 1136 2528 quir

167 2536 319 2616 presbyter
330 2537 425 2598 luerat
434 2536 587 2597 ordinatus
596 2536 613 2595 a
621 2531 757 2596 Gollutbo
767 2533 830 2613 qui,
842 2532 999 2613 presbyter
1008 2537 1135 2612 tantiam,

166 2629 198 2686 sd
212 2624 339 2685 tinxerat
361 2626 553 2705 Episcopum.
573 2625 648 2685 item
667 2625 698 2685 S.
720 2623 871 2702 chrysost.
894 2619 1023 2700 (Hamil.
1042 2629 1091 2702 lt,
1106 2626 1135 2686 in

168 2712 265 2793 Epist.
290 2712 330 2772 od
353 2713 490 2790 umori,
507 2724 540 2773 n⁰
555 2714 583 2790 l)
602 2711 639 2772 de
652 2712 810 2791 Episcopis
827 2709 871 2771 sic
884 2708 974 2779 babet
993 2729 1001 2771 ε
1021 2735 1036 2771 n
1052 2715 1135 2776 urdi-

169 2823 185 2858 ι(
207 2801 327 2861 natione
350 2801 412 2862 sold
435 2801 603 2882 superiores
617 2805 686 2860 subt
702 2820 710 2861 :
725 2809 815 2879 atque
833 2798 904 2860 hinc
927 2800 1047 2864 tantluu
1061 2809 1135 2886 patei

170 2913 185 2948 c
206 2907 258 2951 eos
273 2889 453 2970 presbyteris
467 2895 618 2970 praestare.
634 2909 650 2947 n

205 2977 308 3052 Quoad
318 2975 685 3058 jurisdictionem,patebit
694 2993 731 3037 ex
740 2974 912 3037 dicendisin
922 2977 1136 3057 questionibus

165 3067 436 3148 subsequentibus,
451 3066 616 3147 Episcopus
629 3064 720 3126 luisse
735 3065 843 3145 pariter
858 3065 874 3125 a
893 3063 1010 3129 Christo
1021 3068 1134 3132 institu-

165 3163 212 3216 tos
226 3163 258 3217 ut
280 3154 468 3235 simplicibus
490 3154 671 3235 presbyteris
691 3152 808 3214 clericis
828 3170 863 3214 ac
886 3152 970 3216 laicis
989 3156 1135 3220 ordinarit

166 3252 338 3323 praeessent.
1238 3271 1239 3302 2

205 3336 275 3394 401.
299 3332 420 3404 Quaerit.
440 3334 473 3392 3ο
489 3333 536 3390 An
550 3336 579 3391 et
590 3335 739 3411 quatenus
749 3329 889 3411 Episcopi
901 3331 962 3393 sint
977 3333 1133 3414 Apostolo-

166 3437 235 3482 rum
250 3419 464 3482 Successores?

206 3511 297 3589 Resp.
321 3516 350 3571 l⁰
372 3511 493 3571 Certum
513 3526 578 3570 esse
601 3508 766 3590 Episcopus
780 3508 811 3569 in
834 3508 936 3591 aliquo
958 3529 1051 3576 sensu
1070 3514 1133 3576 vere

169 3597 319 3677 Apostolis
342 3597 542 3658 successisse:
559 3601 675 3658 constat
687 3615 725 3658 ex
737 3614 808 3658 sess.
825 3599 875 3675 23,
890 3615 957 3680 cap.
971 3604 1005 3674 l,
1022 3600 1130 3664 Concil.

163 3684 299 3746 'trident

209 3771 297 3849 ltesp.
321 3776 351 3831 2⁰
375 3773 411 3834 Ut
425 3771 606 3846 intelligatur
625 3791 759 3848 quonam
782 3791 873 3837 sensu
888 3776 1028 3858 Episcopi
1045 3783 1129 3861 Apus·
