2548 4216
164 241 223 304 illo
436 253 587 300 recusum
608 254 690 298 runis
709 253 883 300 canonius,

165 357 221 417 trio
236 354 402 430 confertur,
417 355 631 435 diversumque
645 355 683 416 ab
696 355 839 434 Episcopi
854 359 907 415 aut
920 354 1018 435 ipsius
1033 354 1147 416 Vicarii

165 443 318 504 Generalis
332 443 460 505 tribunal
477 443 576 506 habet.
592 442 723 504 Proinde
743 442 815 504 vitio
835 441 981 502 nullitatis
995 441 1149 504 laboraret

165 531 324 610 appellatio
347 532 385 592 ab
407 533 474 611 eJus
496 531 644 592 sententia
665 530 703 592 ad
726 529 1008 610 Metropolitanum,
1034 531 1150 592 omisso

165 619 304 700 Episcopi
325 627 378 682 aut
396 620 491 699 ipsius
512 618 621 680 Vicarii
642 617 796 680 Generalis
817 617 974 693 tribunali,
999 635 1061 680 nec
1082 619 1151 682 licet

166 707 401 788 Archiepiscopo
413 707 587 786 hujusmodi
601 707 835 788 appellationem
849 705 998 786 recipere.

207 797 508 858 VicariusForaneus
520 815 582 857 non
595 801 641 857 est
654 796 685 856 in
696 795 847 875 Dignitate
857 795 1057 873 constitutus,
1074 815 1151 877 prae-

167 885 362 946 eminentiam
377 903 439 946 non
454 884 554 961 habet,
568 903 625 946 nec
639 890 682 946 est
697 881 872 963 delegabilis
887 883 905 943 t
921 883 953 945 S.
968 883 1064 948 Sede.

211 995 226 1031 «
247 973 439 1052 Praecipuum
458 972 568 1034 Vicarii
589 970 718 1034 Eoranei
738 989 852 1033 munus
871 975 916 1032 est
930 971 1090 1054 Episcopo
1105 993 1153 1035 re-

172 1084 187 1118 «
208 1061 348 1122 nuntiare
369 1079 470 1123 mores
498 1061 691 1136 clericorum,
711 1065 801 1140 atque
824 1059 856 1120 in
884 1077 993 1120 corum
1023 1063 1154 1123 crimina

173 1171 186 1205 u
209 1148 381 1227 inquirere,
397 1149 616 1210 observantiam
635 1147 891 1210 constitutionum
906 1147 1112 1227 synodalium
1127 1156 1155 1212 et

164 1259 188 1320 Ι1(
210 1239 407 1297 Decretorum
427 1237 566 1318 Episcopi
585 1236 690 1298 sedulo
708 1253 901 1317 promovere,
918 1243 948 1296 et
961 1237 1154 1318 Episcopum

174 1344 190 1382 ι
210 1342 347 1399 monere,
360 1325 385 1386 si
399 1343 468 1406 quae
483 1325 559 1387 torte
574 1324 605 1386 in
621 1325 683 1386 suis
697 1323 833 1404 oppidis,
848 1323 995 1384 adversus
1011 1325 1109 1387 fidem
1127 1333 1155 1388 et

175 1435 189 1468 u
210 1411 305 1474 bonos
320 1431 421 1474 mores
435 1419 488 1474 aut
501 1415 555 1476 Dei
568 1414 694 1484 cultum,
707 1412 893 1492 templorum
909 1414 1155 1492 venerationem,

175 1521 190 1556 u
210 1499 355 1564 festorum
371 1501 488 1563 dierum
508 1502 729 1562 observantiam
750 1508 780 1560 et
802 1499 999 1560 christianam
1019 1501 1156 1582 discipli·

176 1609 190 1644 u
212 1607 282 1650 nam
294 1597 543 1672 perpetrentur.»
562 1589 685 1669 (Soglia,
700 1589 774 1650 lost.
784 1587 852 1666 jur.
867 1587 961 1667 polu,
976 1587 992 1668 ἕ
1010 1593 1077 1668 15.)

107 1703 115 1711 ·
211 1677 341 1739 Multiun
359 1679 466 1758 ergoa
487 1677 607 1739 Vicario
623 1675 761 1738 Generali
780 1675 878 1736 differt
899 1676 1042 1738 Vicarius
1061 1681 1156 1742 Fora·

173 1783 264 1826 neus:
278 1768 308 1827 1ο
321 1769 378 1828 Iste
388 1766 566 1846 delegatam,
579 1765 707 1827 illeverd
717 1763 900 1826 ordinariam
909 1764 1157 1842 jurisdictionem

172 1853 272 1914 habet.
295 1859 327 1914 2⁰
341 1855 524 1917 Universalis
548 1855 700 1915 moraliter
724 1852 823 1932 quoad
846 1871 953 1913 causas
973 1860 1004 1914 et
1029 1855 1098 1918 loca
1117 1863 1158 1919 est

173 1941 281 2001 Vicarii
302 1943 455 2004 Generalis
475 1950 604 2022 potestas
617 1963 625 2015 ;
640 1941 752 2003 Vicarii
771 1941 841 2000 vero
855 1940 1002 2016 Forauei,
1020 1948 1157 2022 particu-

174 2028 253 2090 laris.
270 2035 301 2092 3⁰
317 2034 338 2091 Α
356 2032 505 2094 sententia
520 2031 628 2112 prioris
641 2049 701 2091 non
718 2029 885 2110 appellatur
900 2027 938 2088 ad
952 2031 1156 2114 Episcopum,

174 2117 347 2182 benevent
376 2122 394 2180 a
421 2121 569 2180 sententit
596 2117 780 2200 posterioris.
807 2121 840 2176 1ο
864 2115 984 2178 Vicario
1016 2121 1157 2184 Generali

173 2209 345 2287 compotita
358 2209 426 2288 iure
440 2212 522 2270 certa
538 2213 567 2269 et
581 2205 779 2268 determinata
794 2203 966 2286 jurisdictio
981 2209 1138 2272 ordinaria
1147 2230 1157 2286 ;

176 2294 310 2358 vicarius
326 2304 428 2358 autem
448 2297 599 2358 Foraneus
614 2295 689 2358 nihil
707 2293 785 2356 valet
799 2292 857 2354 nisi
872 2291 957 2374 quod
970 2295 1000 2356 ei
1015 2301 1158 2380 expresse

175 2385 326 2446 commisit
338 2385 517 2468 Episcopus.

578 2544 663 2604 ART.
696 2544 745 2604 Vl.

273 2673 312 2720 uu
332 2673 603 2722 uourmsraurrouu
623 2673 781 2732 urucasrs,
805 2674 877 2720 sunu
897 2673 1054 2724 vucuurr.

626 2831 693 2913 §r

178 2955 225 3024 Ad
242 2975 326 3040 quem
344 2963 371 3017 et
390 2955 532 3037 quomodo
548 2955 721 3018 devolvatur
732 2965 860 3038 potestas
882 2955 1031 3020 dioeresim
1052 2961 1158 3043 pudeo

483 3045 587 3119 modi,
610 3044 687 3108 Sede
707 3053 840 3108 vacante.

207 3194 277 3252 173.
290 3191 390 3262 Ouaer.
406 3192 439 3251 1⁰
449 3189 527 3262 Quid
534 3189 670 3252 statuerit
676 3189 755 3253 circa
765 3196 948 3271 praesentem
957 3195 1158 3275 quaestionem

177 3279 343 3342 Concilium
358 3277 591 3340 Tridentinum‘l

216 3371 306 3448 Resp.
328 3369 399 3428 Haec
419 3367 521 3429 statuit
539 3366 653 3430 Concil.
672 3367 805 3430 Trident.
828 3366 915 3448 (sess.
931 3374 983 3449 at,
1000 3391 1028 3436 c.
1046 3378 1098 3451 16,
1114 3377 1157 3439 De

178 3456 349 3534 reformet.)
368 3475 375 3515 :
398 3455 616 3537 «Capitulum,
633 3456 710 3519 Sede
732 3465 895 3522 vacante...
916 3459 1086 3524 Officialem
1103 3483 1156 3528 scu

181 3565 196 3600 u
218 3543 382 3617 vicariurn,
398 3543 475 3604 intra
489 3551 556 3606 octo
569 3544 635 3606 dies
649 3551 717 3625 post
728 3552 857 3608 mortem
869 3547 1024 3630 Episcopi,
1037 3553 1156 3614 consti-

182 3651 197 3687 «
217 3635 318 3702 tuere,
331 3630 378 3690 vel
390 3631 567 3693 eristentem
581 3633 763 3696 confirmare
781 3635 908 3698 omnino
927 3644 1088 3717 teneatur,
1103 3643 1156 3724 qui

98 3787 101 3792 ,
182 3738 197 3774 a
218 3716 323 3776 saltem
343 3716 376 3776 in
394 3718 462 3798 iure
483 3721 630 3783 canonico
653 3722 690 3783 sit
711 3722 816 3785 doctor
838 3725 885 3788 vel
904 3723 1086 3805 licentiatus,
1108 3731 1153 3794 rel
