2526 4210
182 229 260 300 ‚3218
474 241 626 292 numurus
646 240 729 286 rums
749 239 898 315 aaronica.

195 340 226 400 S.
244 336 397 411 Pontifex,
414 336 446 398 in
460 339 589 418 persona
607 337 696 412 Petri,
719 336 784 398 sina
799 335 979 398 limitatione
993 337 1050 399 luit
1068 341 1172 402 constr

195 432 275 490 tutus
289 428 456 508 Supremus
470 425 618 488 Ecclesiae·
626 427 740 487 Pastor.
755 427 847 506 Ergo,
863 434 922 486 etc.

231 515 378 576 Probatur
399 519 433 575 2⁰
454 533 491 575 ex
514 514 685 576 Traditione
702 533 709 574 τ
726 517 757 576 S.
781 516 842 576 Leo
864 514 969 595 (serm.
991 518 1027 588 3,
1059 515 1104 578 m
1126 519 1174 580 sut

189 602 532 685 desumptasichabet:
553 605 620 665 aDe
632 609 695 666 toto
706 603 821 666 mundo
831 621 911 666 unus
922 605 1031 666 Petrus
1041 605 1171 686 eligitur,

189 701 211 755 u
231 691 284 774 qui
298 699 328 754 et
342 693 551 754 universarum
567 693 704 772 gentium
715 692 864 754 vocationi
875 700 905 754 et
919 691 1066 754 omnihus
1080 699 1171 775 Apos-

196 801 212 840 a
230 781 299 842 totis
309 781 487 862 cunctisque
497 781 639 843 Ecclesiae
651 781 788 842 Patribus
800 789 1007 862 praeponatur,
1019 789 1052 844 ut
1068 777 1189 864 quaml

190 891 211 934 a
230 870 274 931 ris
288 871 319 930 in
341 869 453 952 populo
473 871 526 932 Dei
546 870 633 932 multi
647 870 816 932 sacerdotes
830 870 891 930 sint
905 869 1058 950 multique
1074 881 1169 952 pasto·

196 980 211 1016 a
231 977 290 1034 res,
307 978 413 1020 omnes
426 965 528 1020 tamen
548 957 673 1040 proprii»
689 968 773 1040 regat
787 961 904 1033 Petrus,
921 977 998 1038 quos
1014 959 1170 1042 principa-

195 1067 210 1106 a
230 1046 297 1108 liter
324 1049 400 1128 regit
426 1053 455 1110 et
483 1047 616 1109 Christus
634 1069 664 1109 u.
687 1048 772 1109 Certa
795 1047 846 1127 qui
874 1047 966 1108 habat
990 1055 1170 1126 potestatem

190 1135 310 1216 proprii
321 1136 444 1217 regendi
454 1154 561 1198 omnes
575 1136 838 1216 etiam'apostolos
850 1143 879 1196 et
893 1136 996 1196 Patres
1012 1138 1167 1216 Ecclesia,

191 1223 392 1286 immediatam
400 1224 489 1286 habet
498 1224 529 1285 in
539 1224 855 1303 eosjurisdictionen13
868 1225 952 1304 atqui
963 1243 1001 1286 cx
1011 1227 1042 1287 S.
1052 1227 1167 1305 Leone,

192 1313 309 1387 Petrus,
325 1331 360 1374 ac
374 1312 500 1392 proinde
514 1313 545 1374 S.
562 1311 710 1386 Pontifex,
726 1320 784 1374 etc.
802 1314 894 1392 Ergo,
910 1319 969 1374 etc.

231 1401 1165 1485 ConciliumLateranenselVsublnnoccntiollldicit(cap.5):

197 1490 222 1548 a*
231 1493 366 1552 Romana
380 1490 523 1565 Ecclesia,
534 1490 712 1570 disponente
724 1490 865 1560 Domine,
882 1510 972 1572 saper
984 1495 1168 1556 omncsalias

197 1580 391 1642 «ordinarie
415 1581 570 1661 potestatis
598 1578 709 1639 obtinet
735 1579 942 1659 principatum
965 1601 997 1642 u.
1027 1585 1167 1647 Potestne

192 1668 342 1730 ordinaria
351 1688 417 1732 esse
432 1675 560 1750 potestas
574 1669 638 1730 sina
649 1667 847 1746 restrictione,
865 1668 940 1750 quin
954 1669 1046 1732 simul
1061 1672 1167 1736 immo

193 1757 270 1818 diata
285 1758 346 1819 sit?
358 1761 436 1838 Ergo
450 1759 570 1832 iterum,
587 1762 645 1820 etc.

232 1846 378 1909 Probatur
396 1851 429 1910 3⁰
451 1865 488 1909 ex
510 1847 595 1908 Claro
616 1845 768 1908 Gallicano
792 1847 908 1908 :Anno
931 1851 1009 1910 totta
1029 1851 1169 1913 Facultas

193 1933 349 2014 theologia
371 1934 545 1998 Parisieusis
567 1935 739 2016 «Antiquae
761 1953 825 1997 suae
847 1935 878 1996 in
902 1935 1013 1997 Sedem
1037 1941 1167 2019 Aposto-

197 2045 212 2083 α
231 2023 320 2086 licam
339 2025 508 2087 reverentie
527 2043 593 2087 esse
608 2023 693 2085 duxit
713 2024 764 2086 hic
784 2024 913 2085 breviter
927 2023 1060 2104 praefari,
1074 2027 1170 2090 diser·

197 2114 321 2195 utaque
341 2119 476 2196 repetere
492 2113 573 2195 quod
591 2113 664 2175 olim
688 2131 750 2175 non
770 2113 864 2175 semel
884 2113 1018 2194 professa
1036 2122 1093 2194 est,
1114 2120 1171 2182 Ro·

197 2225 212 2259 a
232 2221 358 2264 manum
368 2203 623 2285 Episcopumesse
633 2203 699 2281 iure
709 2202 810 2266 divino
820 2204 983 2264 Summum
993 2203 1024 2264 in
1032 2206 1171 2271 Ecclesia

197 2311 212 2351 o
231 2292 419 2366 Pontificem,
434 2294 483 2353 cai
495 2311 590 2353 omnes
608 2291 779 2354 Christiani
788 2310 894 2372 parcre
908 2300 1053 2365 teneatur,
1070 2303 1100 2356 et
1116 2299 1171 2378 qui

197 2405 210 2438 n
231 2381 427 2443 immediatid
444 2381 573 2450 Caristo,
585 2398 648 2442 non
662 2379 786 2441 honoris
799 2382 927 2457 tantum,
944 2381 998 2441 sed
1014 2388 1174 2462 potcstatis

196 2494 210 2526 a
233 2477 262 2531 et
277 2470 495 2549 jurisdictionis
520 2470 688 2531 Primatum
710 2467 874 2530 habeat-in
899 2471 960 2531 tota
987 2471 1171 2537 Ecclesia.»

192 2561 271 2638 Ergo
284 2559 356 2621 falsa
370 2565 415 2622 est
425 2558 527 2640 opinio
540 2575 647 2620 eorum
661 2558 713 2638 qui
729 2558 921 2619 somniarunt
935 2561 967 2620 S.
984 2561 1173 2628 Pontificem

193 2646 264 2707 nihil
278 2667 374 2728 *posse
401 2648 433 2709 in
456 2646 590 2709 Ecclesia
614 2647 673 2708 uisi
698 2645 818 2708 defectu
843 2646 974 2708 aliorum
996 2656 1170 2730 pastorum.

190 2737 281 2815 Ergo,
295 2745 351 2800 etc.
1112 2772 1115 2778 ν

229 2827 313 2900 lam,
339 2845 419 2888 anno
443 2831 532 2902 1252,
557 2824 664 2888 eadem
682 2823 858 2886 Parisiensis
879 2825 1018 2888 Facultas
1045 2829 1173 2898 celebre

191 2913 323 2977 ediderat
335 2915 489 2978 decretum
503 2915 546 2977 sic
556 2917 738 2993 conceptum
753 2932 760 2974 :
776 2914 912 2974 Consulti
926 2933 1035 2978 sumus
1047 2924 1169 2997 utrum,

194 3025 207 3060 a
227 3003 374 3066 sacerdote
383 3003 555 3087 parochiali
568 3001 784 3064 contradicente
798 3010 850 3062 cat
868 3003 974 3080 invito,
988 3006 1171 3086 parochiani

194 3116 208 3151 a
227 3095 374 3174 ejusdem,
389 3096 477 3176 Papae
491 3093 536 3156 rel
550 3090 781 3154 Poenitentiariis
793 3091 868 3170 ejus,
884 3092 931 3154 vel
945 3111 1001 3154 suo
1011 3094 1172 3181 Episcopo

195 3206 207 3242 r
228 3189 258 3245 et
272 3183 501 3246 Poenitentiariis
519 3184 599 3261 ejuS,
615 3187 737 3261 peccata
751 3199 805 3242 sua
818 3180 1032 3244 uniuersaliter
1045 3186 1172 3253 valeant

191 3296 207 3333 e
226 3273 383 3351 confiteri,
398 3280 488 3354 atque
501 3271 540 3332 ab
553 3270 668 3333 eisdem
686 3268 894 3349 poenitentiam
916 3289 971 3350 pro
989 3277 1171 3341 commissis

191 3365 375 3444 «excipere.
401 3361 546 3438 Dicimus,
570 3357 753 3420 unanimiter
766 3363 994 3440 consentientes,
1018 3365 1169 3444 predicta

192 3475 207 3513 a
227 3452 307 3514 licita
321 3451 385 3514 fieri
399 3454 527 3533 posseet
538 3447 656 3512 debere.
674 3469 691 3508 r

210 3544 350 3608 Diximus
375 3549 612 3628 propositionem
634 3569 700 3614 esse
721 3551 759 3613 de
779 3551 850 3627 fide,
869 3551 1026 3616 delinitaa
1049 3560 1150 3630 Conc.

172 3631 316 3696 Vaticano
331 3633 414 3716 (sess.
428 3637 478 3716 lV,
495 3657 523 3702 c.
538 3638 582 3724 3),
598 3641 792 3704 ubidicitur:
807 3666 822 3698 a
838 3643 868 3704 Si
878 3643 946 3726 quis
955 3643 1068 3709 dixerit
1083 3652 1152 3714 Ro-

176 3742 191 3780 a
213 3739 337 3826 manum
349 3724 563 3810 Pontificem...
575 3749 636 3792 non
652 3729 785 3814 (habere)
800 3731 1151 3819 plenametsupremam
