2590 4214
513 317 600 361 traua
618 316 738 362 ramus.
1057 306 1117 364 475

133 421 240 480 menta
254 413 353 478 edocti
369 433 434 478 esse
444 411 604 492 detentet
616 413 694 477 scira
707 413 996 496 legereetscriberc.
1007 413 1116 494 (Trid,

134 522 211 567 sess.
228 508 279 579 23,
295 522 323 565 o.
340 505 370 574 l,
386 500 516 582 Dares.)

175 595 208 654 2ο
229 590 370 664 lnitiandi
385 590 423 652 ad
435 589 569 652 minores
583 589 706 652 ordines
724 592 829 656 saltem
843 591 980 674 linguam
992 590 1117 654 latinam

130 679 303 760 inlelligere
316 679 438 742 debent.
454 678 562 756 (Trid,
573 697 646 740 sess.
663 682 713 756 23,
728 698 757 742 c.
774 685 824 759 ll,
840 679 885 743 Da
904 678 978 761 res.)

175 771 208 830 3ο
231 766 277 828 Ad
292 767 543 830 subdiaconatum
556 774 586 828 et
601 767 797 832 diaconatum
813 767 989 832 assumendi
1006 767 1119 830 debent

134 873 167 916 rn
182 855 289 917 litteris
303 861 333 917 et
342 856 373 917 in
388 855 424 917 iis
438 873 507 936 quae
522 855 560 916 ad
578 855 718 918 ordinem
736 857 942 920 exercendam
964 857 1119 937 pertinent

130 959 201 1005 esse
217 943 355 1006 instructi
370 943 477 1023 (trid,
494 942 550 1019 ila,
566 960 593 1005 c.
611 945 674 1025 13).
690 944 783 1008 Licita
797 953 901 1008 autem
916 950 1016 1026 potest
1036 944 1118 1008 ordi·

136 1033 201 1094 nari
217 1031 434 1106 subdiaconus,
443 1032 490 1093 vel
505 1031 621 1093 admitti
633 1032 671 1094 ad
685 1033 843 1110 beneficia,
855 1034 924 1096 licet
938 1032 1036 1095 adhuc
1047 1051 1117 1096 nes·

130 1118 194 1181 ciat
210 1119 351 1181 ordinare
367 1137 455 1182 suum
467 1118 612 1192 officium,
622 1121 646 1182 si
662 1121 857 1200 probabiliter
864 1121 1006 1202 praesumi
1018 1127 1117 1202 potest

130 1205 174 1268 de
185 1207 268 1270 brevi
282 1208 384 1288 ipsum
400 1207 581 1270 instructum
597 1208 645 1284 iri,
657 1215 686 1270 ct
697 1209 854 1289 promittit.

175 1299 208 1356 d·
231 1299 289 1358 Pro
301 1295 455 1357 initiandis
470 1296 506 1357 od
519 1296 720 1358 sacerdotium
735 1345 743 1374 ,
758 1298 822 1360 vult
836 1299 929 1360 Cone.
959 1297 1114 1376 Trident,

21 1434 25 1443 .
135 1383 191 1459 it,
207 1403 234 1446 c.
249 1389 285 1446 ll
301 1390 332 1446 et
345 1388 396 1460 25,
412 1391 446 1444 at
461 1384 522 1465 ipsi
535 1431 543 1461 ,
554 1384 595 1445 od
603 1386 744 1466 populum
755 1385 913 1447 docendum
924 1385 1117 1467 eopaoescire

131 1472 270 1534 omnibus
282 1473 475 1534 necessarlum
488 1471 529 1532 ad
544 1471 687 1546 salutem,
708 1492 743 1534 ac
760 1473 800 1533 od
815 1473 1056 1534 administranda
1072 1493 1115 1534 sa·

133 1569 296 1630 eramento,
319 1561 464 1640 dr‘lr‘pcntr'
477 1561 650 1621 eramiae...
663 1559 762 1622 idonei
773 1561 1006 1642 comprobentur.

174 1650 260 1711 Circa
279 1649 343 1712 haeo
362 1649 483 1711 adverte
504 1671 520 1709 a
540 1648 624 1730 qudd
639 1655 704 1710 esto
732 1651 899 1732 Episcopus
927 1650 1007 1713 licite
1021 1650 1132 1732 possit

138 1759 154 1795 α
174 1742 310 1816 petentes
324 1737 465 1800 ordinare
477 1784 485 1814 ,
497 1737 521 1798 si
535 1755 603 1799 eam
622 1736 913 1800 afferantscientiam
929 1757 1022 1819 quam
1043 1739 1113 1800 Tri·

139 1848 153 1882 a
174 1824 257 1887 dent.
279 1825 430 1906 requirit,
450 1843 504 1906 per
524 1824 583 1887 hoc
602 1833 704 1888 tamen
723 1845 785 1888 non
807 1825 877 1890 ided
894 1827 923 1888 ei
938 1827 1114 1908 prohibetur

137 1913 340 1994 «quominus
364 1914 511 1993 majorem
532 1914 632 1994 exigat
655 1915 845 1976 scientiamd
873 1914 936 1976 suls
961 1915 1111 1992 subditis,

136 2024 151 2059 o
173 2002 305 2064 maxime
321 2003 345 2063 si
360 2002 403 2063 illi
415 2001 593 2064 ordinentur
617 2003 654 2063 ad
669 2003 828 2065 ecclesiam
842 2004 951 2084 amplae
960 2003 1088 2066 civitatis
1102 2022 1111 2065 ε

138 2113 152 2148 a
173 2091 245 2172 quia
260 2091 467 2154 Concilium...
484 2110 546 2152 non
561 2091 714 2172 prohibuit
731 2139 739 2168 ,
763 2093 836 2172 quin
857 2092 997 2172 Episcopi
1011 2092 1111 2172 majo-

136 2202 152 2237 «
174 2197 241 2240 rem
254 2180 412 2242 scientiam
425 2180 580 2260 requirant
596 2227 605 2255 ,
626 2179 683 2240 nisi
700 2180 859 2242 necessitas
873 2180 930 2241 loci
944 2179 1026 2242 aliud
1039 2197 1110 2242 om-

136 2290 153 2327 o
175 2268 250 2330 nind
264 2269 472 2350 postularet.»
489 2270 520 2331 S.
532 2269 668 2348 Lignor.,
685 2268 737 2329 lib.
754 2272 792 2343 6,
811 2279 845 2329 n⁰
859 2273 928 2331 792.

173 2357 340 2437 Benignilrs
354 2356 508 2438 agendum
522 2362 568 2418 est
577 2374 649 2419 oum
664 2356 700 2417 iis
713 2356 765 2436 qui
774 2357 962 2437 Religionem
985 2355 1111 2438 professi

129 2452 202 2508 sunt
216 2446 283 2507 vitae
296 2445 549 2526 contemplativae,
565 2451 598 2507 ut
608 2453 681 2506 sunt
694 2445 956 2519 Gamaldulenses,
984 2445 1110 2506 Cartha-

130 2533 210 2596 siani
224 2540 254 2596 et
267 2533 393 2596 similes.

176 2645 191 2682 c
211 2625 382 2686 Commune
397 2629 441 2685 est
451 2626 531 2684 inter
545 2625 607 2684 ΠΙ).
625 2622 762 2684 sufficere
776 2620 859 2703 qudd
873 2621 922 2682 isti
941 2621 1039 2684 sciant
1061 2622 1105 2685 lc-

135 2735 152 2773 «
174 2731 245 2794 gere
267 2711 333 2793 (seu
346 2712 528 2794 intelligere)
554 2712 688 2792 linguam
703 2712 867 2773 latinnmet
880 2727 991 2774 canere
1003 2757 1011 2791 ,
1024 2731 1104 2776 aceo

133 2825 150 2863 o
171 2819 241 2884 quae
256 2801 406 2882 pertinent
417 2803 454 2863 ad
467 2801 687 2864 sacrificium...

174 2918 191 2958 ι
211 2896 376 2959 Difficultas
396 2914 436 2958 an
459 2897 540 2958 idem
556 2896 616 2958 dici
634 2897 729 2958 valeat
756 2914 812 2978 pro
841 2895 1027 2978 religiosis...
1057 2899 1108 2978 qui

131 3010 150 3048 a
170 2992 243 3048 sunt
265 2985 303 3048 ad
326 2985 418 3047 vitam
437 2988 563 3047 activam
586 2985 754 3047 destinati?
773 2987 892 3064 Negant
910 2983 1107 3059 Ledesma..;

132 3097 150 3134 a
171 3075 225 3137 sed
252 3073 503 3137 communissima
521 3072 671 3134 affirmant
691 3072 863 3132 Salmant...
892 3071 978 3132 Ratio
992 3073 1106 3153 quiasi

133 3187 149 3223 a
170 3163 229 3226 alia
244 3163 439 3243 (necessaria)
454 3163 605 3243 ignorent,
621 3167 748 3242 possunt
762 3163 865 3240 postca
879 3158 989 3221 exsuis
1002 3177 1039 3221 ea
1051 3159 1106 3222 ad«

133 3275 149 3311 a
169 3252 297 3315 discere.
314 3253 374 3313 aS.
390 3251 526 3331 Lignor.,
542 3250 595 3312 lib.
611 3253 642 3322 6,
660 3259 695 3309 n⁰
708 3251 777 3311 illl.

169 3349 240 3410 638.
263 3380 301 3393 -
320 3348 357 3407 Π.
382 3344 484 3421 Quoad
497 3344 744 3426 proclamationes
765 3342 1017 3417 ordinandorum,
1043 3341 1109 3404 haee

129 3437 231 3498 statuit
245 3434 394 3508 Trident,
409 3453 481 3496 sess.
500 3437 538 3496 23
551 3480 559 3511 ,
571 3451 598 3494 c.
611 3437 629 3494 5
644 3480 651 3507 ,
666 3432 776 3512 Dares.
791 3450 798 3491 :
818 3431 903 3500 oQui
918 3428 956 3492 ad
971 3430 1108 3510 singulos

133 3545 149 3582 u
171 3525 301 3604 majores
317 3521 464 3604 (ordines)
484 3529 575 3585 erunt
592 3519 790 3593 assumendi,
810 3535 1017 3600 permensum
1037 3524 1107 3582 aitte

134 3631 151 3672 a
172 3613 408 3690 ordinationem,
424 3612 609 3692 Episcopum
619 3610 738 3683 adeant,
753 3607 804 3688 qui
814 3606 946 3687 parocho
960 3613 1012 3668 aut
1022 3607 1107 3670 alteri

134 3716 152 3761 r
171 3701 221 3764 cui
235 3702 332 3782 magis
347 3699 645 3780 expedireridebitnr
661 3746 669 3776 ,
689 3698 858 3759 committat
870 3702 914 3770 ut,
930 3695 1107 3758 nominibus

136 3789 371 3852 ‹acdcsiderio
384 3807 491 3851 corum
519 3791 571 3866 qui
603 3787 710 3849 volunt
736 3785 907 3866 promoveri
935 3783 1056 3865 publice
1076 3783 1106 3846 in

1019 3904 1060 3950 n*
