2562 4224
203 289 259 348 tlte
473 294 625 340 euersum
644 295 726 340 runis
747 291 899 339 cenorum.

201 421 218 452 n
240 402 342 477 petere
357 391 529 474 retinendi),
546 391 577 452 in
592 401 814 472 possessionem
834 391 929 470 ipsius
943 388 1092 450 inducere
1106 407 1175 451 cor-

201 509 219 543 n
239 485 415 566 possiem.»

240 577 307 636 Non
320 570 388 634 ided
401 577 504 632 tamen
515 570 674 632 translatus
688 568 785 650 perdit
798 587 921 631 omnem
932 565 1176 646 jurisdictionem

198 665 231 724 in
241 663 373 744 priorem
386 657 559 741 parochiam
574 677 582 718 s
597 657 635 718 ad
648 657 705 718 lroc
719 658 883 739 requiritur
896 675 933 718 ex
943 653 1070 737 praelato
1079 656 1177 734 capite

198 760 233 814 ut
255 769 349 813 novus
370 747 498 810 titularis
517 745 739 827 possessionem
765 745 979 826 assumpserit,
1006 743 1091 824 quod
1113 742 1176 805 lieri

203 840 318 922 nequit,
338 838 395 900 nisi
415 841 519 897 uocato
537 834 650 897 titulari
671 835 825 910 translato,
840 841 870 896 et
885 841 960 896 tunc
979 831 1067 894 istius
1080 839 1177 894 cessat

195 928 390 1008 jurisdictio:
406 923 618 986 idcmvidetur
636 923 800 986 dicendum
820 923 845 984 si
867 924 899 986 in
919 921 1012 1004 priori
1035 921 1175 1002 parochie
1265 955 1266 1008 3

204 1013 560 1078 nominareturvicarius.
1265 1009 1266 1030 ¹

241 1108 311 1167 301.
328 1103 450 1176 Quaerit.
465 1107 498 1162 4⁰
514 1099 677 1182 Quousque
691 1101 853 1163 translatus
867 1101 983 1163 tructus
992 1118 1028 1162 ac
1043 1099 1176 1163 redditus

198 1193 336 1256 ecclesiae
348 1194 366 1254 a
378 1193 440 1273 qut
452 1189 588 1257 discedit.
608 1190 702 1269 possit
716 1189 895 1271 percipere?

243 1285 335 1363 Resp.
352 1281 383 1343 Si
400 1287 506 1361 agetur
524 1277 562 1339 de
583 1278 733 1360 Episcopo
754 1278 897 1340 translato
915 1277 953 1339 ab
968 1281 1031 1341 und
1054 1277 1175 1340 dioecesi

155 1441 159 1448 ¹
201 1371 241 1432 ad
251 1371 352 1444 aliem,
363 1370 435 1432 cirm
450 1368 543 1449 ipsius
553 1367 709 1429 vinculum
720 1387 791 1430 eum
801 1367 893 1447 priori
907 1366 1031 1432 dioecesi
1045 1368 1176 1431 solvatur
1265 1411 1266 1440 ,

202 1460 322 1521 tuntum
335 1461 367 1520 in
380 1457 564 1520 Consistorio
579 1457 647 1518 Suae
661 1457 842 1533 Sanctitatis,
863 1457 1060 1518 «necessario
1074 1459 1175 1538 sequi·

209 1571 225 1609 u
244 1555 304 1625 tur,
318 1547 417 1628 inquit
430 1544 542 1608 Bened.
559 1547 623 1607 XIV
637 1546 692 1622 (Dr
703 1546 794 1628 Sym,
809 1544 861 1607 lib.
875 1548 924 1620 l3,
938 1563 1008 1626 cap.
1024 1551 1073 1624 l7,
1089 1546 1174 1630 n07),

207 1661 225 1697 o
245 1638 335 1700 licere
366 1636 516 1716 Episcopo
550 1633 684 1696 redditus
713 1635 821 1716 prioris
851 1633 994 1696 Ecclesiae
1021 1636 1176 1716 percipere

208 1750 225 1786 <r
245 1744 342 1806 usque
356 1724 394 1786 ad
409 1723 484 1787 illud
496 1723 706 1785 tantummodo
719 1723 864 1804 temporis
878 1729 1070 1785 momentum
1085 1726 1177 1804 quoe

212 1838 226 1872 (ι
247 1817 278 1876 S.
295 1812 442 1875 Pontifioe
463 1813 495 1874 in
510 1811 693 1874 Consistorio
708 1813 745 1874 ab
765 1810 983 1874 illiusvinculo
1001 1812 1174 1875 absolvitur.

209 1927 226 1962 o
248 1902 279 1964 Si
299 1919 377 1984 quos
389 1902 461 1964 verd
475 1901 590 1964 fructus
604 1908 670 1981 post
685 1901 758 1964 illud
772 1907 892 1982 tempus
907 1895 1052 1964 decursos
1072 1919 1177 1983 perce·

209 2015 226 2049 <r
249 1991 335 2071 perit,
349 1989 388 2052 ed
401 1989 524 2053 eosdem
539 1990 740 2053 restituendos
753 1991 859 2053 teneri.
876 2013 891 2050 r

68 2072 71 2080 '
138 2114 140 2118 -
252 2101 266 2139 u
284 2079 419 2158 sivero,
436 2079 532 2162 pergit
547 2079 661 2142 Bened.
676 2083 743 2143 XIV
760 2079 860 2160 (iord,
876 2089 910 2140 n⁰
926 2081 990 2164 1³),
1004 2079 1178 2162 hujusmodi

209 2193 226 2228 r
249 2167 384 2250 (vinculi)
399 2169 509 2232 solutio
523 2167 574 2230 frat
588 2168 683 2232 inscio
698 2169 788 2250 plane
803 2168 964 2250 Episcopo,
980 2169 1066 2250 isque
1078 2177 1178 2234 trans-

209 2283 226 2316 o
249 2260 359 2322 seratur
373 2257 438 2320 sine
453 2258 563 2340 praevia
581 2260 636 2319 sud
650 2258 827 2334 scientia...,
841 2256 996 2320 videtur...
1011 2257 1179 2341 Episcopus

214 2371 226 2406 r
247 2355 320 2411 tunc
334 2347 415 2410 recte
427 2345 542 2408 fructus
555 2346 722 2427 percipere,
733 2354 807 2408 tunc
818 2346 908 2408 etiem
921 2345 1021 2408 valide
1033 2347 1179 2411 beneficia

208 2461 226 2496 o
247 2437 401 2507 conferre,
426 2453 606 2518 quousque,
632 2434 688 2496 sibi
717 2435 854 2498 nuntiate
877 2434 989 2497 vinculi
1017 2436 1177 2516 solutione,

209 2550 225 2584 o
247 2543 336 2588 suum
354 2526 419 2606 ipse
439 2541 623 2586 consensum
638 2523 736 2585 eidem
758 2523 1046 2596 accommodaverim
1067 2526 1124 2603 vel,
1143 2545 1179 2590 eo

212 2614 403 2694 «denegato,
425 2615 456 2675 S.
482 2613 630 2691 Pontifex,
651 2613 740 2691 justis
762 2613 942 2695 urgentibus
964 2613 1076 2686 causis,
1100 2614 1179 2679 illius

209 2726 226 2761 c
247 2703 414 2765 consensus
427 2701 578 2764 defectum
592 2702 785 2783 suppleverit.
801 2723 817 2761 s

247 2793 278 2854 si
293 2797 398 2873 agutur
412 2791 450 2852 de
464 2791 666 2854 ecclesiastico
680 2790 718 2854 ad
734 2791 949 2872 Episcopatum
963 2801 1117 2874 promoto,
1129 2795 1179 2874 jus

207 2881 316 2943 retinet
341 2879 526 2962 percipiendi
553 2879 668 2943 lructus
690 2879 829 2942 muneris
859 2879 1053 2944 ecclesiastici
1075 2881 1094 2944 d
1117 2901 1179 2965 quo

206 2971 342 3048 discedit,
358 2969 505 3051 usquead
519 2987 605 3031 suam
619 2969 880 3032 consecrationem
894 2967 1118 3050 Episcopalem,
1133 2971 1179 3033 vel

204 3059 405 3143 quoadusque
423 3059 594 3122 effluxerint
608 3065 669 3120 tres
686 3076 805 3120 menses
819 3063 887 3138 post
903 3065 1054 3138 receptam
1065 3058 1177 3122 contir-

207 3151 371 3214 mationem
385 3149 549 3224 electionis,
563 3148 612 3211 cui
626 3165 809 3210 consensum
824 3145 983 3228 praehuite

246 3241 278 3304 Si
298 3250 403 3321 agatur
418 3237 456 3299 de
475 3236 541 3298 eliis
555 3236 672 3298 clericis
684 3235 849 3312 translatis,
862 3241 990 3318 possunt
1007 3235 1064 3318 ipsi
1085 3238 1179 3320 perci·

207 3349 279 3411 pere
300 3328 415 3391 iructus
437 3325 547 3406 prioris
568 3325 664 3402 tituli,
686 3341 846 3406 quousque
868 3323 1092 3406 possessionem
1109 3326 1178 3389 novi

238 3574 246 3600 ¹
258 3569 284 3618 ln
295 3568 371 3620 Gallie
383 3574 464 3618 tumen
476 3581 526 3616 non
537 3571 619 3631 posset
629 3565 754 3630 percipere
763 3563 906 3630 pensionem
918 3562 1068 3618 dlluhernio
1080 3566 1178 3620 solreu·

209 3643 263 3693 dem
276 3653 320 3705 pro
334 3653 434 3688 munere
448 3636 462 3688 l
480 3652 530 3703 quo
547 3637 665 3698 discedit,
680 3636 729 3687 nisi
741 3651 820 3702 usque
834 3635 865 3688 ud
881 3635 945 3688 diem
957 3636 1123 3702 possessionis
1135 3654 1179 3690 as·

206 3715 377 3846 :upppegqrq
388 3707 509 3759 diocesis.
525 3707 560 3758 lta
574 3707 682 3761 Ordorm.
694 3707 727 3758 du
741 3706 827 3771 trept.
841 3707 911 3756 ltro.
928 3707 1026 3771 (loom.
1038 3711 1080 3762 der
1091 3711 1176 3774 raon,
