2548 4216
459 360 542 404 cicun
566 360 683 407 rnxuus.
1000 348 1059 408 399

85 491 101 530 ι
122 471 313 550 dignoscere,
325 489 380 552 pro
391 469 436 530 tis
447 469 627 549 sacrificium
638 467 752 548 offerre,
765 473 840 529 etc.»
857 470 931 530 ltem
946 475 1063 532 constat

81 575 119 621 cx
145 559 233 622 Bulla
248 557 320 622 Ciam
333 578 445 640 semper
467 556 581 619 Bened.
597 559 675 619 XlV.
692 555 808 617 Dicitur
828 562 927 619 autem
949 557 979 618 in
1006 557 1063 620 hac

83 646 170 708 Bulla
184 645 267 728 quod
279 646 331 708 liat
342 647 413 710 satis
422 645 598 727 obligationi
609 643 755 707 offerendi
769 644 869 706 missae
881 645 1062 709 sancrificium

83 753 139 814 pro
153 735 282 816 populo,
299 735 323 796 si
342 735 379 812 ii,
399 735 451 815 qui
471 734 643 796 animarum
664 750 769 796 curam
790 731 923 808 habent,
939 733 1062 796 missam

81 823 238 904 applicent
251 824 365 906 populo
378 823 532 886 dominicis
545 823 671 904 aliisque
681 841 736 902 per
747 840 856 882 annum
866 821 966 884 diebus
978 821 1063 904 sestis

84 909 119 971 de
125 923 292 992 proceptm
308 918 338 974 et
351 912 477 993 insuper
486 910 569 993 quod
577 910 720 974 subdicta
731 909 913 990 obligatione
924 929 1062 990 compre-

84 997 257 1062 hendentur
271 1001 383 1062 vicarii
393 1000 538 1082 parochi,
554 1019 608 1061 seu
622 999 642 1060 ii
658 998 710 1078 qui
720 1017 801 1059 curat
815 998 990 1060 exercitium
1005 998 1062 1060 ha-

85 1087 176 1162 bent,
201 1095 378 1150 remanente
406 1107 500 1169 penes
523 1087 616 1152 alium
636 1087 789 1149 habituali
813 1085 903 1160 urri3
927 1088 1062 1170 itemque

82 1175 185 1236 vicarii
201 1195 254 1240 seu
269 1179 420 1240 oeconomi
436 1177 500 1258 qui,
511 1181 635 1238 vacante
647 1174 799 1256 parochie,
812 1175 849 1237 ad
864 1194 968 1238 curam
982 1177 1014 1237 in
1027 1179 1062 1240 ea

80 1264 282 1326 exercendam
298 1265 498 1345 deputantur;
516 1270 546 1326 et
563 1265 659 1328 curati
678 1262 717 1325 cd
737 1270 846 1326 nulum
866 1265 1060 1344 amoribiles‚

81 1351 146 1414 sive
159 1353 318 1415 senuimus
331 1354 392 1415 sive
407 1353 570 1434 regulares.

123 1441 228 1512 Quoad
243 1459 297 1504 eos
311 1443 381 1504 verb
393 1443 445 1523 qui
461 1460 493 1504 se
506 1442 543 1503 ab
557 1441 732 1523 hujusmodi
748 1460 841 1504 onere
863 1443 955 1502 eximi
973 1461 1061 1523 posse

81 1527 139 1589 sibi
153 1536 385 1610 persuaserunt,
408 1531 447 1592 ob
470 1531 653 1592 contrariam
677 1529 930 1592 consuetudinem
955 1531 1060 1594 saltem

80 1616 374 1694 immemorabilem,
391 1618 474 1680 addit
483 1618 596 1680 Bened.
613 1621 680 1680 XlV
694 1618 808 1699 pluries
829 1619 845 1678 a
861 1618 892 1679 S.
910 1619 1057 1701 Congreg.

80 1703 175 1767 fuisse
191 1724 372 1788 responsum
388 1726 395 1767 τ
411 1705 582 1788 hujusmodi
595 1707 851 1780 consuetudinem,
869 1707 939 1767 licet
955 1707 1060 1770 imme·

81 1794 273 1869 inmobilem,
293 1815 361 1877 quoe
376 1796 474 1876 potios
495 1795 600 1857 abacos
618 1804 646 1856 et
668 1795 834 1877 corruptela
855 1794 979 1857 dicenda
999 1807 1056 1871 est,

79 1884 194 1944 nemini
206 1883 382 1965 suffropora.

121 1972 206 2043 Oubd
220 1980 321 2034 autern
336 1972 459 2054 praefeta
473 1973 654 2054 obligatione
665 1981 824 2036 teneantur
835 1974 925 2035 etiarn
938 1975 1058 2054 parochi

77 2061 225 2141 congrms
240 2060 405 2124 redditibus
419 2061 562 2136 destituti,
572 2061 732 2124 declaravit
741 2065 887 2124 lnnocent.
899 2065 962 2136 llll,
974 2063 1059 2126 Bulla

78 2149 197 2230 Nuper,
213 2153 253 2211 24
267 2168 331 2230 apr.
349 2151 442 2226 1699;
459 2149 591 2230 itemque
607 2150 719 2212 Bened.
738 2153 804 2212 XlV
819 2150 850 2211 in
864 2150 954 2212 citata
968 2153 1057 2214 Cons-

75 2237 123 2299 tit.
143 2237 217 2301 com
229 2257 350 2321 suuper.

118 2329 189 2388 543.
215 2327 336 2398 Quaerit.
354 2331 384 2388 l⁰
396 2329 504 2391 Utrum
520 2326 643 2408 parochi
665 2333 823 2388 teneantur
842 2325 880 2388 ad
903 2325 1057 2391 celebran-

74 2415 154 2476 dum
169 2434 224 2498 pro
245 2415 378 2496 populo,
398 2415 489 2476 etiam
508 2415 541 2476 iu
561 2414 643 2476 festis
664 2433 716 2496 per
739 2414 891 2478 indultum
914 2419 934 2478 9
955 2417 1057 2496 aprilis

79 2508 157 2567 1802
173 2506 204 2566 in
219 2511 280 2566 toto
293 2503 413 2566 Gallicae
427 2503 612 2584 Reipublicae
626 2503 775 2566 territorio
788 2504 978 2584 suppressis?

117 2597 209 2674 Resp.
219 2592 412 2654 Affirmatixe.
423 2593 498 2654 lllud
513 2598 630 2656 constat
644 2591 783 2673 plurimis
799 2594 829 2655 S.
842 2594 952 2672 Gongr.
962 2594 1055 2657 Conc.

76 2682 231 2756 instruct,
248 2687 278 2742 et
292 2681 452 2743 novissime
471 2681 631 2762 Enoyclica
646 2682 690 2744 Pii
711 2683 751 2743 lx
774 2682 983 2744 Amantissimi
1003 2683 1047 2746 Be

73 2770 285 2853 demptoris,3
304 2769 374 2830 maii
394 2773 493 2848 1858,
512 2768 550 2832 ad
569 2769 734 2851 Episcopus
750 2771 881 2832 uniuersi
907 2769 987 2832 orbis
1009 2770 1056 2833 di·

75 2862 180 2936 recta,
196 2861 228 2920 in
244 2861 305 2939 qua
317 2860 361 2919 sic
379 2859 489 2939 legitur
504 2877 512 2919 z
533 2881 548 2918 o
562 2859 650 2922 Hisce
669 2859 774 2922 litteris
787 2859 976 2922 declaramus
989 2879 1048 2922 omn

77 2971 96 3008 a
117 2948 351 3010 nesanimarum
359 2965 465 3010 curam
473 2954 542 3009 actu
552 2954 702 3028 gerentes
712 2953 938 3010 sacrosanctum
958 2948 1057 3012 lllissae

75 3061 95 3098 o
118 3036 308 3099 Sacrificium
321 3055 375 3116 pro
385 3037 497 3117 populo
512 3037 568 3097 sibi
582 3037 746 3099 commisso
758 3036 911 3098 celebrare
921 3043 949 3097 et
963 3038 1042 3116 appli

76 3149 95 3186 o
115 3144 186 3189 care
209 3124 342 3200 debere,
366 3130 433 3186 tum
456 3122 599 3186 omnibus
620 3123 743 3198 diebus,
766 3123 819 3205 qui
840 3141 877 3184 ex
905 3131 1054 3204 praecepte

74 3237 93 3275 a
115 3213 219 3278 adbuc
232 3222 406 3291 servantur,
421 3218 488 3274 lum
502 3212 561 3274 illis
574 3213 664 3274 etiam
679 3212 752 3292 qui,
768 3229 806 3274 ex
819 3212 910 3291 hujus
924 3214 1048 3293 Aposto-

75 3327 93 3363 α
115 3305 183 3366 licae
197 3302 283 3364 Sedis
298 3302 497 3382 indulgentie,
514 3319 551 3364 ex
565 3301 684 3364 dierum
698 3300 736 3362 de
747 3308 898 3382 praeoepto
910 3298 1050 3362 festorum

76 3415 93 3453 a
115 3410 247 3455 nurnero
261 3391 369 3452 sublati
383 3409 419 3452 ac
432 3390 566 3452 translati
585 3397 692 3454 sunt...
708 3389 740 3451 ld
762 3408 859 3453 unum
874 3389 1042 3468 excipimus

75 3503 92 3541 a
114 3480 275 3544 utscilicet
292 3477 415 3559 quando
425 3478 565 3550 unacum
574 3479 762 3542 solemnitate
771 3477 907 3540 diuinum
922 3477 1053 3544 officium

74 3593 92 3631 o
115 3569 296 3631 translatum
311 3567 445 3629 fueritin
459 3567 751 3644 Dominicamdiem‚
760 3585 821 3629 una
835 3567 952 3628 tantlxni
963 3569 1054 3631 missa

72 3681 91 3720 c
113 3676 172 3740 pro
186 3657 299 3740 populo
309 3656 372 3718 sitit
384 3655 521 3736 parochis
530 3657 737 3736 applicandae
749 3654 823 3717 Vide
835 3655 891 3716 alia
906 3656 937 3716 in
952 3665 1054 3718 nostro

76 3746 238 3818 Monuoli,
256 3745 294 3806 nis
310 3748 407 3821 lusu,
423 3751 481 3807 eto.

113 3841 188 3896 stt.
213 3834 334 3904 Ouaexit.
364 3837 396 3894 2⁰
417 3834 561 3903 Ouaenam
584 3830 695 3892 l'uiriul
723 3832 771 3891 illu
794 3833 866 3892 testa
893 3847 1054 3912 suppressa
1091 3845 1093 3850 ·
