2548 4216
457 295 545 339 tisun
564 288 684 336 ratitos.
999 277 1057 338 359

83 391 227 474 probant
249 391 321 452 oirm
335 390 461 472 intelligi
478 389 595 472 possint
607 387 654 452 vel
667 386 706 450 de
725 403 787 450 non
803 384 933 464 eruatis,
952 386 998 448 vel
1020 385 1059 452 do

82 498 155 542 essu
174 479 312 560 specialis
326 479 536 560 delegationis,
555 478 604 538 vel
617 475 719 552 aliquo
730 474 789 538 alio
802 473 934 572 modo
907 492 968 536 mm
985 493 1059 556 pro·

83 567 177 630 bandi
196 566 361 629 auferente.

124 658 334 722 Gouonmamu
348 659 384 718 ll.
399 657 487 739 Ergo
495 655 624 740 parochi
637 672 697 716 noa
710 666 778 714 sant
792 649 918 734 proprie
932 651 1063 714 Prceloti

84 744 175 806 etiam
187 745 329 817 minores,
349 763 399 805 nee
411 745 593 828 Drpae‘tates.
610 741 727 806 Praelati
742 742 824 803 enim
838 739 958 820 proprie
971 740 1060 818 dieti,

85 833 177 895 etiam
192 833 342 906 minores,
365 831 477 896 habere
498 833 610 896 debent
629 831 739 894 saltem
753 827 992 909 jurisdictionem
1006 827 1062 891 lori

85 920 204 984 externi
218 926 247 982 et
261 922 452 984 contentiosi.
465 921 549 983 Idem
564 929 608 984 est
621 919 786 983 dicendum
800 917 837 978 de
851 915 1062 996 Dignitatibus,

85 1008 201 1090 quibus
215 1007 304 1070 etiam
320 1010 439 1071 annecti
454 1009 545 1072 debet
553 1007 722 1090 jurisdictio
734 1026 770 1069 ex
771 1013 873 1080 terna,
891 1004 938 1066 vel
957 1004 1063 1066 saltem

84 1097 163 1162 tales
177 1095 280 1158 haberi
295 1097 433 1160 debente
447 1099 512 1179 lege
525 1099 572 1160 vel
587 1098 720 1179 legitima
732 1093 966 1170 consuetudine,
981 1091 1064 1175 quod
1139 1164 1140 1167 Ἴ

85 1184 191 1249 losum
207 1204 269 1246 non
283 1185 372 1246 habat
385 1205 441 1265 pro
455 1185 600 1268 parochis.
623 1189 713 1266 Ergo,
731 1191 788 1248 eto.

129 1274 341 1337 Conouusmon
355 1277 403 1336 lll.
422 1272 508 1357 Ergo
517 1275 646 1357 parochi
658 1293 717 1336 noo
731 1281 800 1336 sunt
810 1272 936 1355 proprio
950 1279 977 1333 et
989 1271 1065 1354 rigo
1116 1299 1121 1308 .

85 1381 154 1424 auso
167 1381 251 1424 sensa
268 1369 408 1429 Pastores.
422 1363 498 1435 (luia
510 1385 563 1444 per
577 1365 655 1426 hano
666 1383 771 1427 vocem
782 1361 903 1442 proprie
915 1361 956 1420 illi
968 1360 1066 1439 desig·

87 1456 203 1513 nentur
223 1450 276 1530 qui
300 1450 412 1512 habent
431 1452 668 1531 jurisdictionem
689 1451 882 1532 legislativum
896 1455 925 1511 et
945 1447 1066 1529 proprib

86 1536 215 1612 dictam,
227 1545 259 1599 ut
269 1546 385 1599 constat
394 1557 431 1600 ex
441 1539 548 1600 Christi
559 1539 666 1614 verbis,
676 1538 754 1620 apud
766 1541 914 1600 loannem
924 1539 1001 1616 (cap.
1013 1538 1063 1608 tl,

86 1644 117 1688 v.
132 1629 181 1704 15)
194 1645 202 1686 ε
218 1625 338 1688 «Pace
348 1645 412 1688 oues
422 1646 511 1704 meos,
524 1647 609 1710 poree
620 1647 710 1710 agnos
720 1645 794 1688 meos
807 1646 837 1702 »3
849 1631 878 1686 et
886 1624 985 1685 verbis
997 1624 1063 1686 act.

87 1714 229 1794 Apostrt.
242 1715 318 1795 (cap.
331 1719 381 1790 ΞΟ,
393 1734 421 1776 ν.
436 1717 507 1793 98lz
526 1715 705 1778 «Attendite
718 1714 812 1789 vobis,
829 1720 885 1774 eto.
897 1734 929 1789 a,
944 1711 994 1773 ubi
1009 1730 1066 1774 vox

86 1821 159 1879 seeo
162 1811 195 1863 'se
210 1802 351 1864 idemt
305 1810 351 1864 est
365 1804 395 1864 in
418 1806 521 1866 Graeco
536 1823 571 1867 ac
590 1823 646 1868 vox
657 1823 776 1886 poscere
794 1802 907 1865 adbibit
895 1807 924 1862 ta
938 1801 968 1862 in
983 1804 1067 1864 textu

87 1889 219 1956 fflaefato
233 1893 265 1953 S
279 1892 417 1954 Joannis.
441 1893 534 1956 Porrb
553 1893 602 1957 illa
615 1893 782 1974 Jurisdietio
796 1900 839 1954 est
859 1891 979 1954 ferit
929 1910 966 1952 ex
966 1889 1065 1966 terni;

88 1964 222 2060 proinde
238 1979 335 2041 differt
349 1982 366 2040 a
378 1980 585 2058 jurisdictione
600 1982 733 2064 parochi
749 1984 844 2063 Ergo,
860 1987 919 2046 eto.

136 2070 278 2130 Attamen
295 2069 442 2149 paroehi;
465 2071 520 2132 etsi
483 2071 601 2134 thoe
621 2071 761 2173 antiquit*
752 2091 786 2133 us
808 2071 870 2132 lere
892 2070 1068 2132 inusitatum

88 2155 197 2231 suerit,
213 2173 294 2237 saepe
310 2157 420 2234 hodie,
435 2159 564 2221 saltem
556 2179 587 2222 m
602 2179 692 2223 sensu
708 2160 810 2222 minus
821 2159 922 2220 strieto
933 2204 942 2232 ‚
955 2175 1068 2219 vocan-

89 2249 142 2308 tur
156 2242 311 2321 Postumo,
324 2247 433 2326 nempe
446 2247 569 2310 secundi
582 2248 696 2310 ordinis
704 2267 714 2322 3
729 2247 795 2310 vide
809 2247 921 2308 Concil.
932 2245 1066 2308 Trident.

89 2332 183 2414 (sess.
200 2335 256 2406 25,
280 2352 347 2414 cap.
366 2333 428 2415 td),
445 2333 521 2397 ubi:
542 2337 710 2399 «Hortatur
728 2354 836 2398 omnes
857 2341 887 2397 et
908 2335 1068 2414 singulos,

93 2443 112 2483 ι
136 2439 193 2502 pro
216 2419 389 2493 christiane,
405 2422 548 2486 olraritate
572 2423 735 2504 debitoque
756 2443 826 2504 erga
847 2443 917 2486 suos
935 2425 1071 2484 Pastores

94 2531 113 2570 ι
136 2526 277 2586 munere,
288 2516 323 2570 ut
336 2511 472 2572 debonis
485 2511 541 2573 sibi
554 2513 644 2574 bDeo
655 2512 784 2590 collatis,
798 2513 955 2594 Episcopo
964 2519 993 2572 et
1007 2513 1070 2574 Pa·

95 2617 113 2656 u
137 2595 273 2660 roobia...
286 2599 368 2679 large
382 2599 542 2662 subvenire
556 2600 593 2662 ad
610 2600 663 2663 Dei
678 2601 797 2663 laudem
812 2608 901 2681 atque
911 2601 1068 2662 Pastorum

95 2708 114 2744 a
135 2703 294 2747 amram...
311 2686 487 2765 dignitatem
501 2688 659 2767 tuendam,
674 2695 758 2753 etc.»
774 2689 847 2752 Vide
860 2689 950 2752 etiam
964 2688 1070 2751 Ponti-

89 2771 227 2858 ficaleiu
241 2773 348 2837 ultima
357 2775 537 2839 allocutione
550 2777 588 2838 ad
602 2776 769 2860 synodum.

545 2953 564 3034 ς
583 2957 619 3015 11.

378 3077 424 3142 De
436 3079 507 3142 vend
524 3079 641 3140 notione
656 3077 789 3159 parochi.

139 3235 213 3296 494.
236 3229 492 3295 Siereonnsentur
512 3228 653 3308 requisita
667 3229 705 3292 ad
716 3227 923 3311 poroelintons
939 3229 971 3290 in
984 3229 1075 3292 eausa

96 3319 309 3402 Epitanr'ense',
323 3326 359 3380 27
373 3323 440 3397 jun.
458 3324 535 3384 1789
549 3317 661 3400 (Thes,
676 3324 750 3381 tom.
765 3322 805 3382 58
808 3338 852 3400 p
868 3319 959 3397 l'ol);
975 3341 992 3376 a
1005 3321 1076 3382 Haeo

101 3431 119 3468 o
141 3408 216 3471 verb
232 3409 428 3488 requiruntur
440 3413 475 3470 ut
487 3427 578 3470 verus
593 3405 661 3489 quis
676 3406 793 3470 dicatur
807 3426 857 3487 pa
861 3409 979 3468 ochus.
994 3407 1078 3488 quod

103 3520 121 3558 n
142 3503 323 3580 potestatem
340 3497 449 3576 nempe
466 3495 574 3558 habeat
584 3495 639 3558 forr
661 3495 836 3578 poenitentio
796 3495 888 3584 tiis·
880 3497 989 3576 ,quod
1008 3514 1078 3558 eer-

104 3593 205 3646 otam
219 3604 275 3646 suo
299 3586 423 3646 nomine
446 3584 635 3646 administret
663 3566 871 3666 paroehium3
883 3587 1026 3666 quodque
1041 3585 1070 3646 dr

106 3697 124 3734 o
144 3675 323 3736 necessitate
349 3673 517 3751 minianet
541 3673 579 3735 ab
598 3690 695 3756 eoque
713 3671 887 3754 parochiani
909 3673 1079 3736 neeessarid

107 3785 124 3820 e
145 3763 295 3836 recipiant
308 3767 504 3821 sacramenta
518 3782 532 3817 n
1011 3793 1033 3840 Η
