2590 4214
198 312 252 371 l28
465 324 617 370 cucusum
638 325 720 369 aunis
741 311 888 370 canonici.

198 449 212 479 r
232 424 323 486 tenda
336 429 401 504 ast,
424 434 456 488 ut
470 425 561 487 etiam
583 425 743 488 declaravit
761 426 793 487 S.
816 429 849 486 u.
870 423 950 505 apud
973 423 1091 488 Bened.
1109 426 1173 487 xlv

198 539 212 570 «
232 513 290 593 (lle
301 515 392 596 Spu,
408 513 494 592 ibid,
514 524 547 576 n⁰
562 517 621 592 13).
639 514 736 590 Ratio,
754 516 826 595 quia
839 515 893 595 qui
910 529 971 576 non
986 515 1106 596 accepit
1117 531 1175 594 po·

198 627 212 657 a
233 608 369 666 testatem
390 622 481 686 super
493 604 609 685 Corpus
627 601 734 664 Christi
748 620 868 680 rerunt,
894 619 951 665 noc
970 601 1064 664 etiam
1078 602 1177 684 potuit

202 715 213 746 a
234 691 369 772 accipere
384 698 562 774 potestatem
583 710 674 773 super
696 692 812 773 Corpus
826 689 935 753 Christi
950 691 1129 772 mysticum.
1146 691 1177 753 Si

206 803 214 838 ι
233 781 304 842 vero
315 781 463 843 ordinatio
473 781 549 844 facta
564 779 620 842 luit
630 780 697 842 sind
710 780 797 842 tertid
807 797 955 841 manuum
965 780 1174 860 impositione,

204 891 213 927 ι
234 867 299 932 haec
311 871 430 932 tantiam
445 868 613 952 supplenda
627 875 683 932 est.
700 890 714 927 o
733 870 765 932 S.
781 869 862 950 Lig„
878 867 954 930 ibid.

234 958 337 1030 Quoad
352 958 544 1021 traditionem
559 960 849 1033 instrumentorum,
865 957 931 1019 ride
946 956 1060 1020 multas
1073 973 1176 1040 quaesa

195 1046 290 1108 tiones
302 1048 441 1128 protinas,
457 1066 506 1130 ap.
523 1048 555 1110 S.
574 1045 988 1127 Lignor.(ib.,n⁵¹'15tt'159).

234 1139 303 1196 581.
328 1137 490 1218 Praeoipuae
515 1136 686 1198 functiones
707 1135 875 1216 Presbyteri
906 1140 1121 1197 memorantur
1146 1136 1177 1196 in

198 1224 391 1305 pontificali:
413 1247 428 1284 a
449 1225 641 1288 Sacerdotem
661 1225 744 1286 enim
765 1230 883 1304 oportet
897 1222 1022 1304 offerre,
1047 1223 1175 1286 benedi·

199 1335 215 1372 1
234 1331 317 1391 cere,
333 1332 480 1396 pracesse,
495 1314 660 1396 praedicare
673 1318 704 1376 et
717 1313 877 1395 baptizare.
893 1335 908 1371 a

235 1403 279 1463 De
292 1401 498 1466 functionibus
512 1405 530 1465 d
542 1401 745 1465 sacerdotibus
754 1401 945 1484 peragendis,
956 1401 1024 1464 vide
1035 1407 1177 1464 nostrum

195 1489 349 1568 dicacule,
365 1493 429 1553 dn⁰
445 1494 532 1560 1713.

172 1627 174 1632 .
235 1583 305 1644 585.
327 1580 432 1654 Quoad
446 1582 553 1643 missas
566 1586 595 1642 et
613 1599 719 1663 preces
731 1581 877 1643 ordinatis
892 1579 930 1642 ab
943 1579 1101 1663 Episcopo
1115 1601 1174 1643 rm·

197 1671 323 1747 positas,
341 1669 397 1732 etsi
417 1669 520 1750 plures
537 1668 639 1731 dicant
659 1687 709 1732 eas
732 1670 789 1732 sub
806 1669 889 1749 gravi
908 1686 975 1730 esse
998 1667 1173 1749 impositas,

194 1765 326 1819 attamen
346 1757 433 1820 multi
452 1757 502 1819 alii
523 1757 579 1819 hoc
598 1763 730 1839 negant,
745 1764 775 1820 et
789 1757 826 1820 ad
845 1774 1003 1820 summum
1017 1756 1174 1821 ordinatos

195 1846 251 1908 sub
269 1846 325 1908 levi
352 1848 468 1908 tantum
490 1846 616 1927 obligari
636 1847 675 1909 ad
695 1866 746 1910 eas
766 1847 929 1909 affirmant.
951 1845 1021 1909 Vid.
1037 1847 1174 1908 Ferraria

195 1943 237 2010 tv⁰
254 1933 344 2011 Ordo,
359 1941 415 1996 art.
432 1940 462 2011 2,
477 1947 511 1996 n⁰
526 1939 595 2012 112,
611 1935 702 2018 etc.);
715 1938 747 1998 S.
763 1937 886 2016 liguor.
902 1934 967 2016 (lib.
990 1938 1022 2012 6,
1046 1945 1084 1997 n⁰
1103 1939 1172 2018 829)

198 2133 212 2169 a
233 2110 266 2175 P.
281 2113 461 2174 Mazzotta...
478 2131 539 2173 non
551 2131 616 2174 esse
630 2113 845 2194 obligationem
859 2112 1031 2195 applicandi
1043 2114 1174 2196 praedic·

119 2239 123 2247 ‚
197 2222 211 2256 a
234 2206 277 2262 tas
286 2201 393 2262 missas
404 2200 489 2283 juxta
502 2201 700 2264 intentionem
712 2201 872 2285 Episcopi;
889 2201 962 2264 dum
977 2200 1019 2264 ibi
1033 2203 1173 2284 proscri-

197 2311 211 2346 α
232 2287 437 2350 biturtantinn
451 2297 486 2351 ut
499 2289 606 2351 initiati
618 2290 712 2371 pro'se
726 2297 865 2354 orent...:
882 2295 962 2372 patet
971 2297 1078 2353 autem
1090 2292 1173 2374 qudd

198 2401 211 2435 a
232 2377 404 2456 hujusmodi
420 2379 520 2440 missae
536 2397 596 2440 non
622 2381 706 2460 prilrs
719 2379 855 2442 dicendae
877 2379 938 2440 sint
958 2381 1055 2462 quam
1079 2381 1173 2444 adve-

197 2489 211 2524 r
232 2466 317 2527 niant
330 2466 393 2528 dies
407 2485 470 2528 non
485 2466 631 2548 impediti.
648 2489 663 2527 o
686 2467 742 2531 Pro
758 2469 793 2530 iis
807 2487 880 2551 ergo
893 2467 989 2551 accipi
1002 2477 1107 2552 potest
1119 2472 1173 2534 sti·

194 2555 347 2635 pendium.

632 2715 651 2800 ξ
671 2717 722 2786 lll.

545 2847 587 2914 Dc
609 2852 805 2936 Episcopatu.

234 3003 305 3064 586.
329 3001 523 3086 Episcopatus
536 3019 579 3071 cst
591 3011 661 3072 ordo
675 3033 732 3094 quo
750 3017 903 3098 confertur
916 3020 1014 3084 alicui
1027 3029 1168 3108 speciali-

195 3100 371 3166 tcrpotcstos
384 3095 580 3175 confirmandi
592 3099 702 3180 fideles,
718 3103 881 3168 ordinandi
893 3110 1046 3174 ministros
1063 3134 1162 3180 sucro

193 3189 393 3244 mentorum...
404 3202 513 3245 necnon
519 3189 707 3250 consecrandi
721 3211 766 3253 res
776 3193 816 3254 ud
824 3193 957 3259 divinum
968 3199 1083 3264 cultum
1094 3225 1164 3287 per·

192 3269 325 3332 tioeotcs.
338 3271 403 3342 ont
416 3271 590 3338 definitione
603 3285 684 3358 patet
696 3280 849 3360 quodnam
862 3285 1016 3364 objectum
1033 3299 1063 3352 et
1078 3313 1161 3374 qua·-
1264 3285 1265 3290 ¹

189 3375 259 3418 nant
275 3358 335 3420 sint
352 3361 514 3442 praecipuas
526 3363 681 3430 facultates
694 3369 814 3433 Ordinis
827 3372 1027 3457 Episcopalis.

229 3467 245 3504 a
266 3447 420 3522 Ouarnris,
431 3451 530 3532 iuquit
540 3453 673 3517 Farraris
686 3455 729 3537 (r⁰
743 3457 920 3542 Episcopus,
932 3469 989 3526 art.
1003 3470 1034 3544 l,
1051 3477 1086 3530 n·
1096 3473 1159 3554 di).

189 3555 204 3592 a
224 3534 381 3612 Apostolos
395 3540 652 3604 omnesthristo
661 3544 791 3609 Domino
801 3548 895 3612 luisse
903 3551 1062 3620 ordinatos
1075 3561 1162 3639 Epis-

191 3641 203 3676 ι
223 3638 316 3719 oppos
330 3626 367 3684 sit
382 3626 466 3688 valde
482 3636 720 3709 controversum,
739 3643 772 3697 ut
787 3646 867 3717 patet
887 3659 922 3702 ex
939 3641 1083 3720 pluribus
1097 3655 1157 3710 tra·

187 3728 202 3762 a
222 3706 318 3769 drusa
330 3711 449 3775 cardin.
465 3717 656 3792 Ballarmino,
671 3723 714 3784 Dc
731 3724 863 3787 Romano
879 3729 1028 3806 Ponta'fice
1044 3735 1111 3815 (lib.
1128 3742 1157 3800 1.

196 3815 211 3850 a
230 3811 299 3874 cap.
319 3801 404 3874 13)...
427 3810 456 3862 11
471 3803 499 3863 id
514 3805 579 3884 (seu
593 3802 697 3886 opinio
713 3814 881 3896 ailinnans)
897 3817 1034 3883 videatur
1050 3825 1156 3888 inferri
1264 3899 1265 3904 γ

65 2067 68 2082 .
194 2022 245 2102 qui
270 2022 379 2084 addit:
404 2025 476 2086 olda
498 2023 609 2104 quibus
627 2024 725 2086 verbis
744 2023 957 2106 (Pontificalis)
979 2025 1064 2088 recte
1085 2025 1174 2088 infert
1287 2037 1288 2062 ³
