2616 4228
445 231 539 276 carru
559 230 746 276 ruocurnuu.
1046 225 1087 278 2³
1135 285 1137 290 ¹
1247 245 1251 252 ·

103 333 304 420 promulgari.
320 329 409 396 Unde
423 337 456 394 ut
471 338 590 393 certum
603 335 633 392 et
646 328 850 392 indubitatum
867 329 1034 392 admittitur
1048 329 1088 392 ab

100 423 269 500 omnibus,
285 420 485 483 necessariam
505 437 571 481 esse
589 417 864 500 promulgationem
886 418 988 500 legum
1008 437 1089 501 qua·

105 529 312 592 rumoumque
329 529 336 570 :
353 510 442 590 Lepas
455 509 532 570 euim
547 507 750 568 instituantur
762 506 826 567 edm
835 507 1087 589 promulgantur,

104 603 148 667 ait
160 601 322 664 Gratianus
337 597 416 680 (cap.
432 597 470 660 Ia
483 597 575 672 istis,
594 595 663 658 dist.
680 595 724 677 l).

147 689 350 754 Consentiunt
370 704 478 748 omnes
502 685 629 746 minime
651 685 767 766 requiri
795 690 828 747 ut
851 685 900 747 lex
920 686 1090 750 innoteseat

106 779 240 862 singulis
264 776 402 860 privatis,
426 773 479 837 sed
504 773 640 835 sufficere
663 773 687 835 si
711 779 757 836 sat
777 773 897 855 publice
920 775 1091 838 notificetur

101 867 337 944 communitati,
347 871 382 928 ut
394 881 501 927 omnes
515 882 571 946 pro
585 861 696 944 quibus
705 861 800 927 fertur
810 865 963 936 moraliter
974 861 1087 928 valeam

109 958 198 1020 illam
212 973 409 1037 cognoscere.
745 959 747 961 ’

149 1047 227 1108 Item
245 1065 260 1102 n
275 1063 337 1105 non
357 1048 500 1124 apparet,
520 1041 561 1104 ait
580 1043 644 1102 Van
658 1043 758 1122 Espeu
775 1040 826 1122 (de
843 1043 995 1124 Promulp.
1019 1042 1077 1125 leg:

108 1157 130 1194 a
152 1152 181 1196 o.
199 1137 234 1212 l,
249 1131 268 1216 5
281 1133 325 1214 2),
337 1131 376 1194 de
394 1130 510 1192 ratione
529 1128 603 1210 legis
622 1147 725 1192 esse...
751 1138 784 1192 ut
806 1131 872 1213 ejus
890 1131 1089 1212 promulgatio

108 1245 132 1282 a
155 1227 239 1284 certo
253 1227 283 1284 et
293 1219 493 1282 determinato
509 1219 569 1280 ritu
582 1219 653 1294 liat,
668 1225 720 1280 aut
734 1219 823 1282 certis
839 1226 869 1282 et
885 1219 1092 1284 determinatis

111 1332 133 1370 a
154 1310 231 1372 loeis
250 1309 298 1372 lex
317 1307 438 1390 publice
451 1306 588 1387 alligatur
603 1307 647 1368 rel
662 1307 876 1388 proclametur.
891 1330 907 1368 a
1162 1381 1165 1394 .

154 1402 206 1461 34.
231 1399 407 1480 Disputatur
421 1398 524 1460 utrium
538 1396 639 1478 legum
654 1396 878 1477 pontificiarum
891 1399 1093 1480 promulgatio

109 1491 222 1551 Romae
236 1486 334 1565 faeta,
349 1485 502 1548 sufficiens
517 1485 574 1563 sit,
598 1485 645 1547 vel
668 1503 707 1547 an
727 1487 857 1566 amplius
876 1491 1048 1569 requiratur
1061 1497 1095 1550 ut

110 1576 321 1664 promulgatio
334 1592 440 1638 earum
454 1573 507 1634 ilat
520 1574 552 1634 in
567 1573 694 1655 singulis
715 1575 877 1655 provinciis
895 1577 940 1639 vel
956 1575 1093 1639 dioecesi·

110 1667 186 1729 bus
526 1721 529 1726 ,

161 1777 179 1815 a
198 1754 276 1816 Olim
290 1753 451 1816 decretalia
466 1751 648 1815 Pontificum
664 1751 777 1831 Sirioii,
791 1753 970 1832 innocentii,
986 1753 1095 1816 Leonis

115 1867 135 1905 a
156 1841 197 1906 ad
215 1843 384 1925 aliquarum
406 1842 551 1905 duntaxat
574 1841 797 1922 provinciarum
817 1843 981 1925 Episcopus
996 1843 1096 1906 mitte-

117 1956 137 1994 ε
157 1931 271 1994 bantur
281 1951 289 1992 r
300 1949 370 2014 quae
379 1937 492 2005 tamen,
505 1938 626 2010 recepto
639 1949 734 2005 more,
750 1931 797 1992 vel
811 1931 927 2009 adjecto
941 1931 1094 2010 mandato,

157 2019 289 2084 subinde
302 2038 373 2082 cum
395 2020 462 2082 aliis
481 2025 570 2100 atque
592 2019 658 2081 aliis
681 2021 840 2102 Episcopis
854 2020 1095 2094 eommunioata,

158 2127 196 2173 aa
209 2115 273 2171 toto
284 2109 358 2170 orbe'
368 2107 501 2189 dispersa
515 2117 623 2170 sunt...

165 2221 181 2258 r
202 2197 354 2260 Hodierna
368 2197 581 2280 promulgandi
595 2197 677 2276 leges
700 2197 867 2278 pontificias
888 2198 964 2260 ratio
984 2198 1046 2260 iord
1066 2198 1098 2259 in

159 2307 199 2351 eo
208 2287 355 2360 consistit,
368 2293 402 2349 ut
417 2285 510 2348 Bullae
523 2286 754 2367 promulgentur
765 2288 881 2362 Romae,
893 2287 1054 2367 alligantur
1067 2286 1100 2348 iu

120 2403 138 2439 a
160 2378 226 2440 acie
240 2376 344 2456 Campi
359 2375 471 2452 Flore,
491 2381 522 2436 et
540 2374 579 2436 ad
597 2375 696 2436 valvas
710 2375 847 2436 Basilioae
862 2376 1099 2456 Apostolorum,

119 2491 139 2530 a
160 2485 221 2530 neo
235 2483 297 2527 non
311 2465 343 2526 iu
359 2463 542 2526 cancellaria
562 2463 739 2545 apostoliea,
755 2471 785 2524 et
798 2481 853 2544 pro
868 2463 1028 2545 publicatis
1043 2463 1101 2526 ba·

121 2579 140 2618 a
160 2556 291 2618 beantur
307 2575 323 2613 a
352 2551 530 2634 (Zallinger,
544 2552 619 2615 last.
628 2550 698 2633 jar.
715 2560 815 2615 autur.
830 2553 984 2632 elecctos,
1000 2553 1053 2616 lib.
1068 2557 1100 2630 5,

117 2653 157 2706 n·
170 2646 243 2721 400,
258 2645 299 2722 3).
351 2706 357 2713 ,

162 2736 214 2796 35.
237 2732 323 2794 Circa
335 2731 521 2812 propositam
532 2731 743 2810 quaestionem,
759 2731 870 2812 duplex
882 2737 927 2794 est
940 2733 1099 2799 sententia..

120 2821 227 2884 Prima
241 2819 369 2883 affirmat
382 2819 660 2901 promulgationem
674 2820 707 2882 in
722 2819 848 2902 singulis
862 2819 1024 2902 provinciis
1037 2839 1103 2885 esse

124 2909 327 2974 necessariam
341 2927 350 2970 r
364 2909 405 2970 ita
425 2908 543 2986 Beoan,
558 2909 654 2972 Natal.
678 2909 775 2984 Alex,
796 2910 916 2972 Contio.
938 2912 1103 2993 Tournely,

121 2999 280 3064 Gabassut.
303 2999 389 3060 liano
399 2997 587 3080 probabilem
600 3005 708 3061 vocant
721 2998 839 3080 Sylvius
849 3005 879 3061 et
892 2999 954 3077 alii,
967 3002 1105 3082 quamuis

122 3088 245 3172 Sylvius
253 3105 289 3150 ae
302 3086 467 3166 Roneaglia
478 3085 610 3148 habeant
623 3093 655 3150 ut
669 3094 785 3150 eertum
800 3087 882 3170 qudd
892 3107 999 3152 omnes
1010 3089 1105 3152 Bullae

123 3177 158 3240 in
171 3177 284 3258 quibus
293 3175 471 3256 exprimitur
486 3173 623 3237 sufficere
633 3176 869 3258 publicationem
883 3180 987 3240 Romae
996 3179 1107 3240 laetam

122 3266 263 3346 obligent
276 3282 331 3346 per
345 3282 377 3325 se
392 3263 506 3344 absque
520 3265 578 3326 alia
596 3266 839 3348 promulgatione
856 3285 864 3329 ε
880 3286 935 3348 pro
950 3269 986 3330 et
999 3266 1107 3330 citatur

125 3354 219 3418 etiam
233 3353 374 3428 Lessius3
390 3351 461 3430 sed,
477 3351 562 3415 aits.
578 3354 701 3434 Liguor.
718 3354 780 3433 (lib.
796 3359 830 3430 l,
846 3359 911 3435 96),
926 3356 1045 3420 Lessius
1062 3357 1106 3420 lo-

126 3442 232 3525 quitur
250 3441 371 3503 tantum
389 3439 427 3502 de
445 3439 563 3521 legibus
582 3462 651 3522 quae
664 3449 835 3506 contractus
852 3443 981 3509 irritant.
995 3447 1107 3510 ditatur

126 3549 252 3614 quoque
265 3529 392 3593 Domin.
412 3529 504 3602 Soto;
520 3529 574 3593 sed
591 3531 645 3594 iste
664 3532 800 3610 loquitur
816 3534 916 3614 potiirs
935 3535 973 3598 de
991 3535 1109 3618 legibus

128 3618 399 3696 inhabilitanlibus‚
413 3624 466 3680 aut
476 3623 669 3682 revocatoriis
684 3621 919 3703 privilegiorum.

169 3710 257 3772 Hauc
270 3711 468 3784 sententiam,
483 3714 587 3789 utpote
600 3709 749 3772 faventem
766 3712 900 3792 opinioni
917 3732 985 3794 quar
1007 3712 1111 3776 tribuit
