2548 4216
424 550 463 620 Dc
487 553 606 616 l'icnrio
626 551 766 617 Generali
778 574 829 617 sea
843 554 993 638 Officialt.

618 725 764 778 PUNcTtJll
781 726 799 779 1.

396 848 428 887 nr
444 847 549 888 norronr
566 845 656 886 vrcinn
673 846 807 886 repensus
822 847 868 886 srn
882 847 1022 887 onicinus.

257 966 327 1028 llio.
351 962 488 1026 vicarius
501 962 650 1044 generalis
670 961 721 1024 ille
740 967 785 1024 est
805 961 858 1043 qui
882 962 1019 1042 legitime
1034 961 1189 1045 deputatur
1260 939 1261 986 ³

220 1051 255 1113 ed
285 1052 485 1115 exercendam
512 1050 692 1132 generaliter
714 1050 958 1129 jurisdictionem
985 1051 1191 1134 Episcopalem
1260 1053 1261 1132 f

220 1140 283 1201 vioe
305 1141 463 1222 Episcopi,
484 1140 525 1202 ita
546 1145 581 1201 ut
600 1145 684 1201 actus
706 1140 773 1218 ejus
793 1139 832 1201 ab
853 1140 1005 1222 Episcopo
1029 1142 1109 1222 gesti
1127 1159 1190 1204 cen·

220 1236 374 1380 seppcrpur
386 1323 417 1380 l⁰
429 1317 480 1380 Ad
491 1316 681 1380 exercendam
688 1316 931 1399 jurisdictionem
946 1336 955 1379 r
974 1319 1097 1381 vicario
1117 1320 1190 1381 enirn

219 1407 356 1470 Generali
370 1407 567 1470 essentialiter
580 1424 643 1468 non
654 1409 799 1487 competit
810 1412 844 1469 ut
855 1406 951 1468 valeat
960 1407 1042 1469 vices
1058 1407 1189 1490 Episcopi

218 1507 307 1576 agere
325 1496 357 1558 in
377 1495 545 1558 exercendi
557 1494 672 1557 ordinis
686 1494 872 1576 Episcopalis
893 1500 1061 1577 potestate,
1077 1497 1133 1559 sed
1149 1516 1189 1559 so

218 1583 281 1646 lum
296 1585 390 1666 ipsius
403 1585 484 1647 vices
497 1585 529 1646 in
547 1582 716 1646 exercenda
732 1582 942 1664 jurisdictione
961 1602 970 1645 r
992 1583 1078 1647 unde
1107 1587 1189 1648 etiam
1260 1619 1261 1624 κ

218 1673 326 1736 sufficit
337 1681 369 1736 ut
383 1674 421 1736 sit
435 1673 564 1754 simplex
577 1672 715 1735 clericus.

255 1762 370 1826 Dicitur
390 1767 425 1824 2⁰
445 1762 496 1825 Ad
511 1759 701 1824 exercendam
718 1762 925 1843 penernliter:
950 1780 1023 1825 nam
1041 1767 1188 1828 moraliter
1260 1777 1261 1802 ³

216 1850 321 1912 saltem
344 1851 537 1928 universalis,
561 1850 622 1912 sive
647 1849 748 1932 quoad
770 1869 877 1913 causas
899 1851 961 1913 sire
985 1853 1091 1933 quoad
1115 1853 1187 1926 loca,

216 1937 304 2002 debet
323 1957 388 2002 esso
399 1940 566 2020 jurisdictio
581 1937 689 2002 vicarii
710 1939 883 2011 Generalis,
905 1940 979 2002 cum
999 1952 1152 2024 repugnet
1162 1945 1189 2005 in

181 2049 184 2056 ¹
216 2027 353 2092 terminis
374 2027 506 2111 aliquem
528 2046 592 2090 esse
614 2025 786 2092 Gesseralem
805 2027 928 2090 alterius
942 2028 1123 2109 Vicarium,
1138 2034 1188 2094 nisi

216 2115 331 2195 valeat,
358 2117 391 2179 in
419 2117 522 2199 aliquo
544 2117 650 2179 saltem
675 2133 786 2191 sensu,
813 2115 893 2178 vices
919 2118 985 2196 eius
1013 2121 1189 2199 generaliter

214 2206 346 2287 explere.
362 2205 478 2269 Sufficit
491 2211 593 2266 tamen
608 2203 690 2285 quod
711 2203 868 2266 moraliter
881 2207 1062 2270 universalis
1076 2211 1118 2271 sit
1130 2211 1189 2290 ejus

212 2294 398 2372 jurisdictio;
421 2293 503 2356 unde
519 2293 605 2374 plura
620 2292 712 2354 sivan
732 2292 818 2371 jure,
834 2292 894 2354 sive
913 2293 954 2354 ab
966 2293 1093 2360 homine
1114 2299 1188 2362 exci-

214 2382 352 2462 piuntur,
367 2383 412 2446 vel
427 2387 555 2463 possunt
567 2379 681 2461 excipi,
697 2386 729 2442 ut
743 2379 859 2442 dicetur
872 2380 960 2444 inira.
977 2375 1008 2444 Si
1024 2385 1097 2446 vero
1111 2387 1189 2470 Epis

212 2489 306 2552 copus
323 2491 351 2534 v.
368 2491 413 2553 g,
435 2470 626 2532 medietatem
649 2486 810 2532 causarum
830 2469 993 2548 Dioecesis,
1011 2471 1071 2533 sibi
1095 2493 1187 2538 reser-

213 2566 303 2634 varet,
318 2578 380 2622 non
393 2559 523 2642 amplius
533 2565 606 2620 tuno
615 2559 680 2637 eius
689 2557 825 2620 Vicarius
836 2557 895 2619 dici
908 2565 1011 2640 posset
1022 2561 1186 2642 Generalis,

212 2648 338 2729 proinde
348 2656 426 2711 esset
434 2649 728 2730 lantirmDelegatus.
738 2646 825 2710 Unde
835 2647 873 2709 ab
883 2648 935 2710 illo
943 2648 1185 2735 adEpiscopurn,

213 2755 273 2798 non
288 2737 325 2799 ad
334 2738 598 2818 Metropolitanum
613 2743 690 2799 esset
700 2735 926 2817 appellandum,
937 2738 1010 2799 cum
1025 2739 1059 2801 in
1070 2759 1186 2806 eocasu

211 2825 291 2887 idem
304 2844 365 2887 non
381 2833 458 2888 esset
472 2827 630 2907 utriusque
645 2824 841 2889 auditorium.

250 2913 362 2977 Dicitur
374 2921 406 2977 4⁰
429 2915 497 2977 Vico
510 2915 670 2997 Episcopi,
693 2914 739 2975 ito
752 2922 801 2990 ut,
817 2919 875 2977 eto.
894 2915 1008 2979 :Unde
1028 2918 1068 2982 de
1083 2939 1184 2984 essen-

209 3005 249 3066 tit
273 3004 439 3068 Vicariatts
462 3003 615 3066 Generalis
637 3009 697 3080 est,
722 3009 755 3065 ut
768 3009 853 3066 actus
873 3002 1027 3068 aVicario
1051 3009 1183 3073 Generali

209 3101 308 3176 gestos
321 3095 488 3175 Episcopus
502 3092 588 3155 iaciat
602 3111 693 3165 suos3
708 3091 749 3153 ita
761 3097 793 3153 ut
808 3093 825 3152 l
839 3093 987 3155 sentent-it
1002 3096 1116 3161 Vicarii
1131 3101 1182 3162 Ge·

209 3184 319 3246 neralis
332 3184 370 3245 nd
384 3183 568 3263 Episcopum
578 3179 721 3262 appellari
734 3187 873 3261 nequeat,
884 3184 968 3261 juxta
982 3202 1051 3265 cap.
1065 3190 1098 3266 E,
1110 3187 1181 3252 titul.

208 3277 237 3347 l,
253 3273 305 3335 lib.
323 3278 352 3344 l,
369 3273 401 3333 in
415 3277 460 3349 6⁰,
475 3271 507 3332 in
522 3289 584 3350 quo
598 3271 706 3351 legitur
723 3288 731 3330 :
751 3291 765 3327 a
780 3272 847 3331 Non
862 3277 1005 3350 putamus
1018 3273 1107 3339 illam
1121 3296 1175 3342 oon

211 3383 226 3419 n
246 3361 451 3439 suetudinem,
466 3368 711 3442 quantocumque
725 3363 862 3439 tempore
874 3359 912 3420 de
925 3359 1004 3424 lacto
1018 3373 1181 3446 servatam,

211 3471 226 3508 s
244 3469 410 3513 consonam
425 3449 544 3527 rationi,
556 3448 637 3531 quod
653 3448 690 3509 ab
704 3447 841 3529 Officioli
851 3447 998 3532 Episcopi
1006 3453 1181 3520 adeumdem
1254 3441 1255 3464 ³

210 3560 224 3595 a
245 3539 427 3622 Episcopum
449 3539 544 3602 valeat
562 3537 729 3620 appellari:
746 3555 785 3598 ne
804 3536 964 3600 abeodem
989 3541 1028 3603 ad
1051 3545 1181 3629 seipsum

211 3648 224 3683 n
246 3627 330 3706 (oiim
342 3629 379 3688 sit
390 3627 471 3690 idem
485 3627 668 3692 auditorium
682 3625 853 3706 utriusque)
867 3627 1032 3714 appellatio
1049 3633 1179 3718 interpo-

211 3737 225 3770 α
245 3713 300 3775 sita
314 3714 459 3779 videatur.
476 3738 490 3774 ι
