2616 4228
520 908 695 976 MONlTUii

374 1135 406 1180 ΙΝ
421 1136 498 1180 HANG
514 1137 659 1182 serviliis
673 1135 843 1183 ΕΒΙΤΙΟΝΕΜ.

158 1383 257 1459 Quem
274 1385 359 1448 utilis
379 1385 472 1447 {uerit
493 1384 620 1446 libellus
643 1387 700 1447 iste
716 1384 838 1446 clericis
855 1385 914 1465 qui
929 1384 960 1446 in
979 1385 1101 1467 oraiori·
1201 1453 1203 1458 ,

117 1493 179 1554 bus
199 1493 375 1557 seminariis
396 1495 557 1557 elementis
575 1493 655 1574 juris
675 1492 878 1555 ecelesiastici
901 1483 1101 1554 addisceiidis

119 1601 322 1678 incumbunt,
350 1605 482 1685 ipsemet
508 1601 685 1664 editionum
718 1619 873 1664 numerus
903 1599 1099 1681 comprobet.

119 1712 191 1770 Hree
224 1715 331 1771 autem
359 1710 491 1790 septima
523 1709 619 1772 editio
646 1707 854 1770 anterioribus
875 1706 960 1769 haud
987 1726 1100 1783 parum

118 1823 254 1894 preesset.
279 1815 389 1887 Plura,
414 1834 484 1896 quae
503 1816 708 1894 irrepserant,
734 1815 949 1877 mendosaaui
973 1814 1101 1878 subobs-

118 1939 205 1996 cure,
225 1923 253 1982 in
271 1922 384 1985 melius
401 1923 566 1985 immutata
581 1929 664 1984 suni.
680 1924 775 1985 Multa
792 1924 921 2003 insuper
937 1923 1031 1986 hosce
1047 1943 1100 2004 per

118 2029 370 2093 annosaSanoia
383 2029 462 2092 Sede
483 2031 531 2094 rel
549 2031 697 2094 Romanis
715 2028 1018 2110 Congregationibus
1030 2049 1100 2110 pro·

117 2134 244 2197 dierunt
258 2136 379 2199 decreta
394 2145 425 2200 et
440 2156 600 2220 response,
618 2138 658 2200 sd
673 2155 809 2218 quorum
827 2145 964 2198 mentem
980 2138 1099 2199 revisus

115 2250 147 2300 et
162 2249 321 2304 correctus
335 2250 383 2305 est
396 2242 494 2320 liber;
509 2243 574 2305 imo
590 2262 652 2304 non
671 2244 765 2322 pauei
782 2242 932 2324 praecipui
951 2250 1051 2304 textus
1065 2243 1098 2304 in

115 2347 292 2428 appendice
313 2349 409 2412 additi
433 2357 518 2424 sunt,
539 2350 578 2412 ad
600 2369 698 2430 quam
720 2352 751 2411 in
767 2349 901 2411 decursu
921 2347 1097 2429 praelectio·

115 2473 194 2517 num
218 2463 248 2518 te
276 2457 392 2518 remitti
418 2477 498 2539 aegre
523 2477 562 2520 ne
586 2457 678 2536 feras,
707 2456 846 2518 studiose
871 2455 980 2518 lector.
1011 2455 1097 2518 Scies

113 2574 222 2624 autem
237 2582 345 2626 curam
360 2565 463 2645 operis
482 2565 595 2627 iterum
611 2565 766 2628 invisendi
781 2563 981 2628 commissam
1001 2562 1096 2626 fuisse

112 2669 199 2731 luris
223 2673 366 2735 canonici
390 2671 559 2753 professori
581 2672 707 2733 cuidam
736 2671 939 2753 peritissimo,
962 2671 1018 2751 qui
1042 2685 1097 2751 per

115 2779 223 2854 piures
251 2795 351 2840 annos
377 2778 479 2840 Rome
505 2778 571 2856 juri
598 2779 810 2842 ecclesiastico
839 2795 968 2860 operam
994 2776 1094 2840 dedit.

114 2883 219 2963 Utere,
231 2883 345 2960 lector,
360 2895 390 2949 οι
405 2885 484 2949 vale.

771 3116 933 3181 Eoirosss.
