2590 4214
203 265 261 324 158
474 275 626 320 aerumma
648 275 731 321 sums
752 275 901 322 ernamur.

207 395 223 432 e
242 372 452 447 Macellatoris‚
461 372 616 434 Garnitieis
632 374 652 445 ¹,
665 372 791 434 Lictoris
803 379 832 434 et
844 373 951 436 similis
965 376 1100 456 generis,
1112 379 1187 441 cirre

207 461 308 523 «baec
332 461 430 523 officia
452 459 531 521 bene
553 461 686 522 exerceri
710 467 838 542 possunt
858 461 926 524 sine
950 471 1123 543 peccato.»
1145 471 1188 530 lta

203 552 234 611 S.
248 550 369 628 Lignor.
387 550 469 628 (loco
483 549 599 628 citato).
617 549 722 612 Plures
736 559 839 612 tamen
853 551 903 612 alii
922 569 1010 614 secus
1023 555 1187 620 sentiunt:

203 638 270 700 vide
285 639 418 700 Ferraris
433 639 477 718 (1·
493 637 721 718 lrrepuluritcu,
744 650 779 699 n·
801 642 853 714 la,
867 639 899 699 in
921 639 1002 717 line).
1021 643 1084 704 Sed
1098 644 1139 706 ab
1153 645 1191 708 iis

204 726 280 788 sicut
294 727 332 788 ab
349 727 448 788 officio
466 725 707 788 tabernariorum
722 745 754 788 se
766 725 918 790 abstinere
929 728 1044 790 debent
1057 731 1164 796 clerici
1179 754 1189 809 ;

204 815 269 876 etsi
286 834 346 876 non
359 815 505 876 desistant
516 815 604 876 tertib
619 813 747 887 moniti,
764 814 810 876 vel
822 815 847 876 si
866 828 1078 898 reassumam,
1096 822 1190 903 privi-

206 901 317 983 legium
329 903 467 966 clericale
479 903 632 977 amittunt,
649 921 763 984 exoap.
779 902 960 966 Dioeeesem's
975 911 1005 982 1,
1019 907 1075 970 lib.
1092 913 1112 971 3
1127 912 1192 972 Gle-

207 999 299 1054 ment.

244 1089 359 1152 loeurri
372 1096 469 1170 potest
483 1089 548 1150 haec
562 1087 766 1168 irregularitas
777 1090 868 1150 etiarn
883 1089 923 1151 ob
937 1090 1102 1156 infamiam
1121 1097 1192 1159 alte·

206 1179 285 1252 rius,
306 1201 321 1236 e
341 1187 430 1258 prout
449 1179 609 1239 incurrunt
621 1175 675 1237 filii
694 1193 801 1239 eorum
824 1178 877 1258 qui
899 1179 1037 1241 damnati
1058 1189 1134 1245 sunt
1153 1185 1193 1247 ob

213 1279 226 1308 ⁶·
245 1266 389 1328 delictum
401 1267 478 1328 laesae
492 1265 666 1344 maiestatis,
678 1264 730 1326 lilii
742 1266 805 1327 nati
815 1284 851 1327 ex
867 1273 962 1330 matre
974 1273 1191 1347 meretrice...,

210 1354 298 1415 «lilii
318 1355 529 1416 haereticorum
554 1352 636 1434 (lieet
658 1352 717 1414 hoc
739 1362 828 1434 neget
851 1355 974 1436 Viva...‚
994 1359 1077 1420 sicut
1103 1373 1192 1443 negat

207 1459 225 1503 u
246 1445 336 1505 etiam
350 1443 389 1504 de
403 1443 473 1505 tiliis
488 1443 738 1523 illegitimorum)‚
754 1449 784 1504 et
797 1443 887 1504 eliam
902 1453 1029 1526 nepotes
1044 1467 1102 1528 per
1112 1451 1192 1512 viam

211 1555 228 1593 r
246 1533 446 1596 masculinam
462 1531 500 1594 ab
511 1531 549 1592 iis
560 1531 798 1608 descendentes;
814 1532 907 1594 modd
923 1541 1026 1596 tamen
1047 1537 1088 1598 sit
1103 1547 1193 1601 noto-

211 1644 226 1682 1
247 1623 326 1686 rium
339 1627 479 1704 parentes
492 1619 584 1683 luisse
598 1617 756 1682 haereticos
769 1620 844 1681 etin
860 1621 965 1683 haeresi
984 1623 1156 1690 decessisse
1169 1631 1191 1691 ¹.

210 1733 225 1769 a
247 1714 284 1774 Ut
298 1717 400 1772 autem
414 1725 522 1770 ornnes
534 1707 564 1768 bi
579 1707 830 1787 irregularitatem
842 1709 1038 1789 contrabant,
1052 1731 1134 1795 opus
1147 1725 1192 1778 est

212 1823 226 1858 a
247 1807 280 1860 ut
293 1799 354 1860 nati
369 1798 429 1858 sint
444 1802 512 1878 post
534 1795 690 1857 delictum.
706 1817 722 1854 a
736 1829 776 1842 —
791 1797 835 1877 (S.
856 1797 994 1878 Lignum,
1014 1800 1069 1866 lib.
1093 1807 1136 1880 7,
1161 1807 1193 1865 n’

246 1984 451 2064 Irregularitas
465 2002 503 2044 ex
512 1981 636 2042 infamia
645 1981 825 2062 proveniens
835 1983 963 2062 tollitur,
976 1987 1001 2046 si
1015 1987 1052 2048 sit
1063 1987 1195 2052 infamia

207 2074 300 2154 fecti,
321 2091 374 2152 per
401 2073 589 2152 Baptismum
610 2069 656 2128 vel
684 2087 739 2149 per
764 2071 912 2132 notoriam
941 2075 1205 2157 emendationem,

206 2163 272 2224 sine
290 2161 526 2242 dispensatione.

219 2281 223 2290 ¹
246 2262 287 2320 lta
316 2259 468 2336 colligitur
489 2274 526 2316 ex
551 2255 676 2338 capsi
701 2255 772 2332 duo,
799 2274 890 2318 causa
909 2261 960 2334 35,
983 2279 1014 2341 q.
1035 2265 1073 2337 6,
1095 2265 1197 2327 modo

205 2347 397 2421 emendatio,
423 2344 590 2426 generatim
614 2344 786 2424 loquendo,
810 2346 917 2407 saltem
940 2365 995 2427 per
1018 2349 1193 2415 triennium

206 2435 368 2498 duraverit.
385 2435 416 2496 Si
431 2433 503 2495 verb
513 2433 550 2493 sit
558 2433 661 2514 juris,
678 2451 740 2494 non
755 2433 868 2494 tollitur
884 2435 941 2495 nisi
957 2455 1011 2516 per
1025 2437 1194 2519 dispensa-

206 2533 320 2586 tronem
338 2543 344 2585 :
362 2529 492 2585 attamen
509 2521 661 2582 Bonacina
677 2528 759 2582 tenet
772 2521 851 2582 hanc
864 2523 956 2584 etiarn
971 2525 1036 2586 tolli
1046 2545 1102 2608 per
1116 2527 1196 2612 bap-

205 2613 342 2690 tismum,
358 2617 388 2673 et
403 2611 547 2672 Salmant.
563 2609 621 2670 hoc
636 2627 697 2669 non
714 2609 913 2690 improbabile
929 2619 1048 2692 putant.

251 2731 266 2770 u
286 2709 471 2790 Episcopus,
488 2706 676 2787 pergitidem
690 2708 721 2768 S.
738 2708 859 2788 Liguor.
878 2708 995 2792 (itte),
1012 2729 1077 2774 non
1091 2722 1195 2795 potest

210 2820 225 2857 a
245 2798 441 2878 dispensare,
464 2803 497 2857 ut
515 2795 637 2856 infamis
657 2795 782 2856 infamia
801 2795 868 2858 lacti
883 2797 920 2857 ad
941 2816 1045 2862 sacros
1063 2803 1195 2868 ordines

211 2909 225 2946 u
244 2886 385 2948 ascendat
401 2903 409 2945 τ
426 2889 524 2965 potest
537 2891 638 2944 tamen
653 2891 687 2945 ut
699 2884 730 2944 in
744 2884 890 2965 susceptis
900 2885 1066 2966 ministret,
1084 2891 1109 2953 si
1125 2895 1192 2956 cri·

210 2999 225 3034 e
246 2976 327 3037 mina
344 2974 404 3035 sint
419 2973 537 3034 minora
548 2971 707 3048 adulterio,
724 2979 753 3034 et
765 2991 835 3034 reus
849 2976 944 3054 egerit
959 2977 1188 3056 poenitentiam.

210 3088 224 3124 a
245 3067 276 3128 Si
291 3063 364 3128 verb
374 3062 498 3124 infamia
513 3061 551 3122 sit
563 3078 617 3140 per
631 3059 812 3124 sententiam
822 3061 951 3142 judicis,
967 3071 1069 3146 potest
1083 3069 1122 3130 ab
1138 3072 1194 3136 illo

235 3331 243 3359 ⁴
257 3327 337 3378 lllores
346 3321 423 3374 nostri
432 3335 481 3372 non
490 3319 601 3370 sinerent
608 3317 638 3366 ad
649 3317 750 3368 ordines
760 3317 857 3367 admitti
865 3319 1010 3382 carnificem
1019 3323 1065 3374 sed
1075 3326 1186 3390 aliunde,

204 3413 235 3450 ex
248 3399 348 3448 delectu
363 3393 472 3446 lenitatis
485 3396 545 3442 sunt
559 3389 719 3454 irregulares.

236 3481 245 3508 ¹
261 3476 322 3528 lide
337 3482 412 3541 caput
427 3473 554 3527 Slatutum
570 3471 608 3530 15,
621 3471 655 3521 lle
670 3469 800 3521 hereticis.
817 3467 859 3520 Sic
875 3469 950 3520 habet
967 3471 1086 3526 elersen.
1098 3475 1150 3528 affl
1162 3477 1190 3529 ᾗ,

205 3549 250 3599 rut
267 3547 370 3598 Comtit.
390 3545 452 3599 uum
474 3559 506 3594 ec
527 3543 657 3605 iniuncto,
675 3541 690 3590 6
705 3547 754 3590 oct.
771 3539 853 3590 1593:
873 3559 882 3588 ι
899 3542 1095 3608 precipimus...
1112 3563 1187 3616 supra

205 3639 218 3664 ι
237 3619 315 3668 dietas
328 3631 446 3682 personas
458 3627 629 3681 quascumque
641 3612 672 3661 ab
684 3609 806 3662 hereticis
819 3627 863 3676 per
874 3617 1001 3676 paternam
1018 3615 1113 3668 lineam
1122 3621 1187 3672 un„

207 3709 217 3735 ι
236 3688 387 3747 secundum,
402 3693 426 3736 et
439 3701 482 3752 per
497 3691 651 3742 maternam,
669 3683 732 3733 ultra
747 3682 853 3747 primum
869 3683 975 3749 gradum
987 3724 994 3746 ,
1006 3689 1075 3740 velt
1091 3690 1187 3742 ludat,

200 3787 208 3814 r
228 3756 349 3820 originem
360 3755 494 3814 trabentes,
503 3757 516 3804 la
526 3755 603 3804 sacris
611 3753 740 3804 ordinibus
748 3753 774 3802 in
782 3755 908 3818 pusterlam
917 3755 1022 3808 minimb
1030 3760 1161 3812 meloda,
1170 3782 1184 3810 ‚
