2590 4214
443 239 528 283 trnnn
549 238 666 283 rnruus.
767 233 769 236 ’
986 233 1059 290 Μ

70 345 159 408 bodie
183 341 288 403 existat
305 337 466 402 concordia
489 337 566 398 inter
581 345 699 398 nostros
724 337 895 415 Antistites3
921 340 1047 419 proinde

68 435 178 500 saltem
192 429 285 492 tutius
299 435 345 489 est
359 437 392 488 ut
409 426 640 506 llleemosynarii
657 425 786 487 militum
801 427 1048 506 approbationem

68 523 110 584 ab
124 518 290 584 Ordinariis
306 517 460 589 locorum,
482 533 535 595 per
549 533 618 594 quae
633 519 809 592 transeunt,
830 533 949 596 semper
970 517 1048 579 obti-

72 615 186 687 neant,
202 607 292 670 etiam
313 606 391 666 intra
409 604 511 666 Gallici
531 604 650 684 imperii
672 603 781 665 limites
798 623 805 664 :
821 603 892 664 huic
915 605 1050 685 opinioni

69 702 222 761 consonat
242 696 334 756 Breve
356 693 563 774 Apostolicum
580 692 651 768 Once
663 693 802 774 superni,
820 696 855 754 ll
867 691 945 776 junii
962 698 1051 774 1857,

72 788 305 868 supracitatum
320 783 417 864 (270).

114 886 193 947 Ciam
212 881 384 960 hujusmodi
400 881 494 942 Breve
508 880 663 944 facultates
676 881 798 962 lllajoris
815 881 1052 964 Eleemosynarii

75 975 236 1054 restringat
261 971 297 1032 ad
322 969 501 1050 capellanos
521 969 650 1032 militum
675 971 728 1051 qui
753 973 833 1032 terra
859 971 1053 1051 praeliantur,

75 1067 214 1125 remanet
236 1057 394 1120 difficultas
414 1057 516 1138 quoad
530 1059 706 1138 Capelianos
727 1059 865 1132 navium,
888 1060 1054 1140 praesertim
1167 1088 1169 1093 ·

74 1167 183 1214 earum
202 1167 270 1229 quae
289 1147 507 1209 commercium
529 1155 633 1226 agunt.
657 1150 735 1210 Usus
753 1154 854 1209 autem
876 1147 1000 1210 invaluit
1023 1155 1055 1211 ut

73 1237 319 1320 jurisdictionem
342 1235 489 1316 accipiant
513 1235 550 1296 ab
565 1235 723 1297 Ordinario
745 1235 801 1298 loci
822 1235 904 1298 unde
917 1237 1054 1317 proficis-

73 1336 209 1401 cuntur,
234 1324 405 1406 usquedum
424 1325 594 1404 appulerint
613 1324 650 1385 ad
670 1325 736 1386 loca
757 1325 809 1386 ubi
829 1325 906 1388 alius
928 1327 1051 1388 Ordina·

76 1419 142 1480 rius
156 1413 249 1496 degit.
777 1423 779 1432 '
1054 1433 1056 1443 ’

404 1560 478 1618 ll.—
488 1560 526 1616 ltu
541 1541 745 1637 conrasslnns.

117 1726 191 1786 567.
215 1721 258 1781 De
269 1717 475 1797 jurisdictione
490 1719 550 1798 qud
565 1718 702 1798 indigent
715 1718 894 1782 Confessarii
909 1721 946 1782 ad
961 1723 1056 1784 absol-

73 1811 230 1884 vendum,
246 1809 283 1870 de
297 1807 514 1888 approbatione
527 1806 664 1887 pluribus
676 1807 810 1890 ipsorum
826 1812 1005 1889 necessaria,
1021 1813 1057 1886 dc

75 1901 202 1965 casibus
225 1897 285 1957 siue
309 1898 339 1958 S.
364 1895 433 1957 Sedi
456 1897 517 1964 sive
531 1896 681 1976 Episcopo
704 1899 876 1972 reservatis,
902 1901 995 1961 multa
1010 1901 1058 1962 liic

72 1996 183 2053 essent
197 1984 341 2060 dicenda;
358 1984 409 2046 sed
425 1985 495 2065 quia
517 1983 582 2046 haec
595 1987 697 2047 omnia
712 1983 907 2048 addiscuntur
921 1987 952 2048 in
967 2007 1056 2052 cursu

77 2077 272 2157 theologico,
295 2081 324 2134 et
345 2081 389 2134 est
409 2073 496 2134 nobis
517 2073 653 2134 brevitati
677 2075 853 2137 consulendi
877 2077 1056 2156 necessitas,

70 2189 113 2231 ea
130 2166 237 2230 omnia
261 2162 536 2244 praetermittimus‚
557 2163 742 2225 remittentes
763 2164 905 2224 lectorem
928 2165 966 2224 ad
988 2183 1058 2227 nos·

70 2267 162 2320 strum
178 2252 330 2322 Manuale,
347 2253 362 2313 a
380 2261 411 2312 n⁰
427 2255 515 2326 1550,
532 2251 583 2312 ubi
600 2251 656 2330 legi
672 2251 779 2332 poterit
791 2252 882 2315 series
895 2252 1057 2334 plerorum-

69 2365 142 2429 ique
157 2360 286 2408 casuum
304 2342 335 2404 S.
353 2339 489 2402 Pontifici
507 2345 735 2404 reservatorunr.
1081 2332 1083 2338 ’
