2526 4210
440 307 523 350 crura
547 303 663 349 antuus.
961 289 1037 346 ebt

105 429 121 466 a
144 410 254 471 Antia.
271 409 327 470 Les
346 403 691 488 imprimeurs-libraires
713 401 765 482 qai
785 401 909 462 teraient
927 404 1035 486 impri·
1062 447 1063 452 .

65 513 169 556 «mer
190 514 230 558 aa
258 496 449 576 reimprimer
473 494 515 555 les
538 492 625 554 liures
647 489 791 570 d'eglise‚
818 490 859 551 les
878 491 987 556 beures
1008 505 1036 558 et

65 584 229 664 «prienes,
259 605 329 646 sans
357 583 439 645 avoir
466 582 579 643 obtenu
603 585 679 642 cette
704 579 905 659 permission,
935 594 1037 646 serout

66 694 81 728 a
102 674 275 752 poursuivis
297 671 538 734 conlormcment
559 671 575 730 a
594 668 620 730 la
637 667 675 728 loi
694 667 735 729 du
757 671 793 728 ltl
805 667 902 745 juillet
920 673 1034 733 1793.»

65 761 137 822 Haec
153 761 199 823 lex
216 765 293 825 1793
311 761 462 843 praecipue
477 764 591 840 spectat
609 757 676 836 jura
695 762 852 818 auctorum
871 777 877 816 :
894 758 922 818 in
939 760 1041 839 primo

65 850 147 910 enim
158 851 224 929 ejus
236 851 373 928 articulo,
387 849 460 930 ipsis
469 847 611 909 asseritur
618 846 669 927 jus
679 845 868 927 proprietatis
879 865 933 928 per
944 854 1037 910 totam

64 937 170 1012 citam;
186 945 216 998 et
230 939 260 1000 in
277 937 412 1000 secundo
426 935 565 1012 articulo,
578 934 659 996 idern
668 935 719 1013 ius
730 933 907 996 conceditur
918 954 1026 999 eoram

64 1025 135 1086 dem
150 1023 320 1088 haereutous
331 1045 384 1108 per
394 1025 500 1086 decem
510 1042 618 1086 annos.
637 1025 703 1084 Non
716 1021 787 1084 inde
801 1029 901 1084 autem
916 1027 1031 1090 conclu

64 1113 118 1174 das
125 1114 193 1194 jura
204 1115 393 1196 proprietatis
404 1117 421 1176 a
431 1115 497 1194 lege
508 1111 617 1174 sanciri
627 1112 658 1174 in
670 1111 796 1192 gratiam
805 1113 1035 1194 Episcoporum,

64 1201 188 1264 relative
202 1202 240 1264 ad
261 1203 353 1266 libros
371 1203 525 1282 liturgicos
540 1201 578 1262 ab
596 1201 669 1282 ipsis
684 1219 745 1262 non
767 1203 968 1280 compositos;
986 1206 1038 1268 sed

64 1292 95 1350 in
121 1291 166 1352 eis
191 1292 238 1353 lex
260 1297 361 1354 nostra
389 1291 526 1372 agnoscit
551 1289 697 1352 duntaxat
716 1289 766 1368 jus
789 1289 985 1365 inspectionis
1010 1301 1040 1356 et

64 1377 302 1460 approbationis.
314 1381 401 1445 Unde
412 1380 447 1455 si,
460 1377 698 1459 independenter
707 1378 745 1439 ab
757 1395 863 1438 corum
874 1397 1039 1452 consensu,

64 1468 143 1530 liber
167 1469 322 1550 liturgicus
346 1469 515 1550 publicetur
538 1475 568 1528 et
588 1467 751 1543 vendatur,
778 1467 850 1546 ipsis
871 1486 930 1529 non
952 1471 1043 1532 datur·

64 1557 146 1619 actio
159 1558 255 1620 civilis
269 1558 306 1619 ad
321 1557 484 1639 petendam
498 1556 601 1617 damni
617 1555 849 1636 reparationem,
866 1557 917 1618 sed
931 1558 1036 1620 lllioa's-

64 1645 175 1708 teriam
187 1647 339 1729 publicam
350 1665 388 1708 ea
401 1646 501 1728 officia
511 1644 599 1705 debet
613 1645 731 1724 insequi
745 1645 819 1725 legis
832 1647 1040 1725 infractorem,

63 1744 93 1795 et
114 1733 205 1812 huJus
221 1736 441 1816 repressionem
460 1733 579 1814 ipsimet
592 1733 732 1813 Episcopi
752 1743 875 1813 possunt
895 1745 1042 1818 expostu-

64 1823 140 1886 lare.
157 1823 232 1885 Vide
252 1829 407 1886 arrestum
421 1821 518 1886 Curiae
533 1823 708 1884 Parisicnsis
726 1822 756 1882 in
780 1823 838 1886 hoc
858 1843 966 1900 sensu,
988 1845 1038 1910 ap.

66 1913 224 1992 laquear,
242 1922 275 1973 n⁰
290 1916 360 1976 310.

496 2066 512 2149 5
534 2069 610 2136 vltt.

67 2201 111 2262 Dc
121 2208 270 2282 potestate
282 2200 426 2283 Episcopi
437 2199 627 2283 dispensandi
640 2200 671 2262 t'o
687 2201 799 2283 lepidas
811 2203 1038 2269 Ecclesiastier‘s.

106 2359 179 2421 tta.
197 2357 385 2438 Dispensatio
405 2361 450 2418 est
468 2355 644 2418 relaaotr'od
663 2355 736 2438 legis
750 2357 944 2439 obligatione,
959 2363 994 2423 ab
1007 2382 1038 2423 eo

64 2447 122 2530 qai
136 2445 301 2526 legitimam
314 2445 398 2507 babet
410 2445 612 2507 auctoritatem
625 2443 722 2526 sacta,
736 2464 796 2526 pro
810 2447 911 2529 atiquo
925 2468 993 2511 casa
1008 2453 1043 2511 io·

64 2555 125 2619 qao
141 2535 193 2597 lec
204 2535 380 2616 caeteroquin
393 2533 547 2616 obligaret.
695 2537 699 2544 '

108 2646 125 2686 a
149 2623 276 2699 Quidam
300 2622 485 2698 audaciores,
507 2621 604 2703 iuquit
622 2622 765 2704 Lequeux
787 2625 834 2701 (n⁰
853 2629 933 2704 aot),
954 2628 1042 2692 dixe-

66 2737 82 2776 ι
106 2719 180 2774 runt
190 2711 241 2794 J'us
256 2712 329 2773 illud
347 2711 503 2792 Episcopis
516 2710 557 2772 ita
575 2727 640 2774 esse
657 2713 814 2774 essentiale
831 2720 862 2774 ut
881 2733 1036 2798 uunquam

66 2825 80 2862 ι
108 2800 239 2882 poluerit
260 2799 356 2882 ligari.
380 2799 492 2864 Ultimo
514 2799 637 2877 saecula,
659 2806 723 2862 tum
742 2801 774 2863 in
800 2803 900 2864 Galliis
924 2809 1039 2869 tamin

67 2913 80 2949 a
105 2889 272 2965 Lusitania,
290 2889 367 2950 hanc
385 2888 561 2969 opinionem
575 2889 676 2970 plures
691 2891 856 2972 jurisperiti
874 2893 939 2956 tuiti
954 2909 1035 2960 sunt.

67 3001 82 3039 ι
108 2976 411 3052 Aun01781,illud
438 2983 582 3057 tanquam
611 2977 643 3039 iu
671 2980 821 3060 principio
847 2985 978 3057 positum
1007 2987 1037 3046 iu

66 3091 82 3130 e
109 3069 228 3150 praxim
256 3068 396 3130 reduci...
427 3065 579 3128 mandavit
606 3065 795 3149 (Imperator)
824 3069 973 3149 losephus
1000 3076 1034 3134 ll.

66 3181 82 3216 a
108 3157 216 3220 Plures
230 3157 320 3218 etiam
333 3156 501 3218 Germania
515 3153 666 3237 Episcopi,
677 3173 758 3218 anuo
774 3161 888 3219 trac...
907 3157 951 3238 (in
966 3176 1038 3221 con-

67 3269 83 3306 a
107 3255 214 3327 gressu
229 3245 327 3328 Erus),
342 3251 512 3306 statuerunt
523 3261 555 3306 se
569 3243 712 3325 deinceps
726 3247 847 3326 propria
860 3246 1038 3310 auctoritate

68 3336 269 3416 «largituros
295 3352 360 3396 esse
387 3333 643 3415 dispensationes,
671 3351 725 3415 pro
752 3334 880 3415 quibus,
912 3335 1040 3417 siugulis

68 3445 85 3484 u
107 3423 338 3507 quinquenniis,
353 3421 471 3484 indulta
484 3421 645 3502 apostolica
659 3423 916 3502 expetebantur.»

107 3510 168 3575 Sed
182 3515 214 3573 l·
232 3510 304 3572 falsa
319 3516 348 3572 et
361 3510 522 3590 rejicienda
534 3516 579 3573 est
593 3528 698 3572 eorum
718 3512 865 3573 sententia
882 3511 935 3593 qui
953 3511 1035 3576 dixe-

65 3608 141 3664 runt
153 3599 339 3682 Episcopum
349 3617 436 3679 passe
448 3599 480 3660 in
489 3601 543 3660 sut
556 3599 676 3661 dioecesi
688 3600 833 3680 quidquid
847 3608 945 3680 potest
958 3603 1037 3683 Papa
1140 3649 1143 3656 .

66 3693 99 3751 in
122 3690 260 3752 Ecclesia
282 3687 457 3765 universali,
478 3689 610 3770 exceptis
632 3688 777 3750 duntaxat
795 3688 831 3750 iis
851 3708 921 3770 quae
945 3692 1036 3752 Sedes

67 3778 245 3858 apostatica
260 3775 317 3838 sibi
331 3777 497 3856 specialiter
514 3776 683 3840 reservavit.
698 3777 815 3839 Exinde
829 3780 911 3841 enim
928 3797 1030 3856 seque·
