2590 4214
187 329 245 390 tot
462 335 612 382 rasurum
632 334 715 380 tuuis
736 333 888 381 ctuomcr.

192 465 208 498 ιι
227 444 319 502 tillem
333 441 385 500 aut
395 436 635 519 iurisdietionem
649 435 682 496 in
701 433 861 511 ecclesias,
877 452 1029 516 personas
1045 440 1078 496 et
1092 433 1177 496 bona

194 551 209 588 n
228 526 400 607 hujusmodi
415 527 508 608 possit
520 523 708 586 vindicare...
724 521 851 586 Unde...
869 524 1000 585 inlertur
1016 529 1050 584 ut
1065 539 1178 583 omnes

197 639 211 676 n
230 617 312 697 leges
325 633 394 696 quae
407 613 555 675 habentur
569 614 600 674 in
621 611 716 673 titulis
727 610 846 674 Codicis
859 613 982 694 (nempe
994 611 1179 692 iustiniani)

197 727 212 764 ιι
229 705 268 767 de
282 699 477 766 sacrosanctis
490 701 642 774 ccelesiis,
657 699 695 760 de
709 699 867 782 Episcopis
884 707 914 763 et
928 700 1089 764 clericis...
1105 717 1179 761 oum

198 816 213 850 ι
233 793 392 863 similibus,
403 809 464 851 non
474 792 593 851 valeant
602 808 639 851 ex
648 787 767 850 delectu
781 791 976 869 potestatis...
990 789 1073 849 Hinc
1086 788 1180 848 etiam

199 905 213 939 ι
234 881 315 944 litut
329 880 412 942 nulla
428 880 503 940 ratio
516 877 655 940 habenda
667 877 704 938 sit
722 875 922 938 solemnitatis
934 877 974 940 ab
987 879 1182 958 Imperatore

199 995 214 1028 ιι
235 969 411 1032 introductae
423 968 452 1028 iu
464 967 643 1028 alienatione
656 965 805 1026 honorum
817 965 999 1028 Ecclesiae...
1016 965 1181 1043 Ejusmodi

200 1083 214 1116 ιι
235 1066 334 1120 autem
349 1056 464 1138 legibus
474 1056 549 1118 sacri
564 1071 697 1117 canones
708 1051 904 1117 vehementer
917 1055 1078 1128 resistunt,
1093 1053 1183 1115 itaut

200 1169 214 1203 ιι
232 1163 338 1208 earum
363 1143 533 1206 conditores
555 1143 644 1205 etiam
668 1141 824 1204 sententiae
849 1141 1185 1205 excommunicationis

201 1255 216 1293 ιι
236 1233 451 1312 subjaceant.»
469 1235 512 1292 lta
526 1233 661 1313 Fagnan.
754 1263 756 1269 ·

237 1322 335 1384 Etiam
344 1320 477 1384 Coracilio
486 1320 661 1382 Tridentino
674 1321 778 1383 nititur
788 1319 854 1383 haec
865 1319 1006 1382 doctrina
1019 1340 1026 1380 :
1039 1319 1087 1382 sic
1096 1319 1185 1380 enim

201 1410 309 1492 legitur
322 1428 395 1472 sess.
412 1413 461 1478 22,
478 1427 544 1489 cap.
563 1412 594 1470 ll
618 1425 625 1468 :
645 1429 661 1465 a
681 1409 712 1471 Si
730 1427 823 1490 quem
844 1408 1028 1472 clericorum
1052 1407 1100 1470 vel
1126 1407 1185 1468 lai-

204 1522 218 1557 «
239 1517 356 1575 corum,
372 1501 565 1579 quacumque
591 1496 616 1558 is
640 1496 807 1578 dignitate,
834 1498 923 1558 etiam
941 1496 1105 1577 imperiali
1132 1503 1186 1558 aut

204 1611 219 1646 ιι
239 1588 331 1667 regali
346 1585 530 1668 praefulgeat,
543 1586 573 1645 iu
588 1592 744 1648 tentum...
761 1586 908 1666 cupiditas
922 1585 1138 1667 occupaverit,
1152 1592 1188 1648 ut

204 1699 218 1734 ι
240 1675 367 1757 alicujus
381 1674 526 1750 ecclesiae,
542 1681 595 1736 sed
608 1675 776 1752 cujusvis...
789 1673 969 1737 beneficii...
985 1675 1187 1755 aliorumque

206 1789 220 1822 ιι
241 1765 362 1846 piorum
378 1763 513 1826 locorum
525 1762 784 1842 iurisdictionem,
804 1764 921 1826 hona...
938 1781 974 1825 ac
986 1765 1112 1842 jura...,
1131 1783 1189 1845 per

206 1871 273 1916 nse
288 1853 333 1914 vel
347 1853 471 1928 alios...,
488 1854 681 1932 quacumque
695 1859 758 1916 arte
776 1860 829 1916 aut
842 1870 1039 1934 quocumque
1054 1854 1189 1932 quaesito
1291 1881 1292 1884 ¹

206 1966 220 1998 ι
241 1941 392 2016 colore...,
408 1959 552 2020 usurpare
567 1942 803 2022 presumpserit,
816 1960 869 2003 seu
884 1939 1030 2022 impedire
1043 1961 1081 2002 ne
1093 1941 1137 2002 ab
1150 1943 1189 2003 iis

206 2054 219 2087 u
241 2029 281 2092 ud
294 2048 365 2112 quos
372 2030 449 2111 juro
458 2029 609 2111 pertinent
618 2025 845 2112 percipe'ontur,
865 2031 889 2092 is
904 2030 1090 2092 anathemati
1103 2037 1188 2094 tam-

206 2140 220 2174 «
241 2119 294 2180 dih
318 2118 485 2197 subjaceat,
502 2117 647 2197 quamdiu
667 2119 910 2196 jurisdictiones,
934 2119 1056 2180 bona...
1079 2123 1186 2184 eccle·
1290 2153 1291 2160 ι

206 2232 219 2263 ι
240 2209 292 2269 siae
301 2205 832 2290 ejusqueadministratori...integre
842 2207 1190 2283 restituerit‚acdeinde

205 2319 219 2352 ιι
242 2297 410 2358 aRomanu
424 2293 572 2356 Pontifice
588 2295 810 2358 absolutionem
827 2297 1030 2359 obtinuerit...
1046 2298 1189 2364 Clericus

206 2407 221 2441 ι
241 2383 1189 2466 verdquinelandae...usurpationihujusmodi...couseutieus

206 2497 221 2533 ι
241 2472 351 2547 fuerit,
366 2472 479 2534 eisdem
495 2470 592 2552 poenis
606 2471 769 2551 subjaceat.
785 2495 800 2532 a

241 2564 286 2622 Ex
300 2561 493 2624 concessione
513 2567 615 2622 tamen
633 2564 664 2623 S.
683 2561 787 2631 Sedis.
804 2560 918 2644 aliquid
935 2561 1013 2640 juris
1026 2561 1060 2622 in
1080 2563 1186 2629 admi-

202 2650 363 2712 nistrandis
385 2649 526 2712 Ecclesiae
549 2649 637 2713 bonis
653 2657 826 2732 competere
847 2657 944 2732 potest
961 2651 1101 2714 saeoulari
1128 2673 1186 2736 po·

201 2743 310 2801 testati.

242 2831 312 2890 549.
328 2826 447 2898 Quaerit.
467 2829 498 2889 l⁰
512 2825 590 2898 Ouid
612 2829 703 2910 possit
720 2835 772 2892 aut
791 2829 900 2892 debeat
913 2828 1013 2891 lacere
1028 2829 1187 2910 parochus

201 2918 279 2982 circa
294 2915 491 2997 temporalem
505 2915 654 2996 parochiae
666 2936 729 2980 suoe
741 2918 1059 2980 administrationem?

241 3012 332 3088 llesp.
347 3004 509 3082 Parochus,
521 3005 619 3085 inquit
634 3007 741 3082 honix,
752 3005 797 3069 De
808 3007 955 3084 Patroclo,
972 3025 1003 3087 p.
1020 3011 1092 3082 oto,
1107 3015 1182 3085 etc„

206 3121 221 3156 ι
242 3100 273 3160 i⁰
288 3095 382 3158 Debet
396 3093 597 3157 inventarium
613 3093 709 3156 lacere
725 3113 840 3174 rerum,
854 3097 1022 3172 honorum,
1037 3105 1069 3158 et
1082 3099 1182 3161 reddi·
1287 3149 1288 3166 ι

206 3211 220 3242 ιι
241 3193 326 3248 tuum
337 3184 375 3246 ad
387 3183 543 3246 ecclesiam
557 3183 824 3262 pertinentium...
835 3193 925 3266 etque
934 3184 1064 3264 hujusce
1077 3185 1181 3251 inven-

207 3299 220 3332 ιι
242 3275 308 3337 torii
324 3291 421 3336 unum
432 3270 605 3350 exemplum
618 3272 768 3354 Episcopo
780 3269 909 3352 tradere,
920 3273 952 3334 iu
962 3274 1098 3338 archivio
1108 3277 1182 3358 epis·

207 3387 221 3420 ιι
242 3363 338 3444 cupali
353 3359 578 3434 asservandum,
590 3359 717 3424 alterum
732 3363 854 3445 proprie
868 3381 960 3426 marm
972 3365 1179 3446 subscriptum

207 3475 220 3507 ιι
240 3452 319 3513 inter
331 3449 465 3512 ecclesiae
479 3446 642 3526 scripturas
661 3449 800 3514 retinere.
816 3454 860 3514 De
874 3469 936 3534 quo
950 3451 1020 3514 vide
1033 3453 1178 3534 disposita
1286 3517 1287 3530 ,

208 3563 222 3596 ι
241 3540 273 3600 in
293 3539 381 3602 Bulla
395 3541 427 3602 S.
444 3537 489 3600 Pii
504 3538 541 3610 V,
556 3542 613 3598 eto.

245 3652 300 3708 ιν
310 3647 462 3708 Perochus
472 3642 642 3704 nullatenus
651 3642 817 3705 distrahere
826 3643 961 3722 potest...
973 3653 1024 3696 res
1033 3637 1073 3697 ad
1084 3635 1175 3698 eccle

213 3733 319 3794 asiam
342 3734 526 3812 pertinentes
553 3728 618 3789 sine
640 3731 763 3794 obtenta
785 3731 823 3792 ab
843 3725 1004 3790 Ordinatio
1030 3723 1173 3787 licentia:

211 3841 224 3881 ι
244 3837 336 3900 quam
350 3818 400 3880 ille
414 3836 475 3879 non
488 3817 572 3878 aliter
584 3821 749 3881 concedere
762 3817 895 3894 dehehit,
906 3815 1001 3895 quam
1011 3812 1036 3873 si
1046 3813 1121 3874 alias
1130 3830 1176 3874 res
