2562 4224
207 239 245 297 06
458 248 609 292 euentura
628 250 708 294 tuttts
730 253 875 300 cnuuttrcr.

188 349 344 424 Primates,
368 345 604 428 Archiepiscopi,
622 355 693 427 etc,
713 352 770 413 hoc
790 357 908 418 tantum
929 357 967 420 ab
987 357 1167 422 auctoritate

187 434 328 498 Ecclesiae
339 434 485 514 procedit.

228 527 297 585 213.
321 521 442 594 Quaerit.
465 527 507 584 2⁰.
525 522 655 595 Quinam
672 525 705 587 in
719 528 853 592 Ecclesia
872 533 988 613 possint
1007 533 1168 598 instituere

189 609 285 675 officia
300 610 526 673 ecclesiastica?

228 703 318 782 Resp.
332 699 506 760 primordiis
518 698 671 779 Ecclesiae,
683 720 744 764 non
757 705 856 767 solum
872 709 987 788 Petrus,
998 711 1054 773 sed
1065 715 1167 774 caeteri

189 787 280 850 etiam
301 787 434 868 Apostoli
453 786 539 848 scdes
560 787 744 871 episcopales
769 793 986 876 instituebant,
1006 805 1041 863 ut
1064 801 1166 882 colligi

188 882 286 958 potest
304 895 341 938 ex
357 875 456 937 verliis
477 876 508 937 S.
530 875 615 937 Pauli
629 876 667 939 ad
685 879 797 958 Titum,
813 902 879 965 cap.
898 889 927 961 l,
942 906 970 948 v.
987 890 1018 950 5.
1034 889 1165 952 Univer-

188 964 258 1025 salis
275 970 375 1025 autem
394 969 523 1044 potestas
545 963 671 1044 singulis
694 970 843 1049 Apostolis
864 974 882 1034 a
902 973 1018 1036 Christo
1041 977 1168 1056 tribula.

188 1052 363 1114 transmissa
382 1069 443 1112 non
461 1050 517 1113 luit
534 1051 571 1112 ad
587 1071 694 1116 eorum
713 1056 744 1117 in
760 1059 942 1143 Episcopatu
954 1083 1166 1138 successoresa

191 1139 243 1202 sed
259 1141 320 1202 sola
335 1146 464 1220 potestas
479 1140 570 1218 Petri,
584 1147 688 1222 utpote
701 1145 863 1223 ordinaria,
879 1151 916 1212 ad
931 1151 1025 1231 ipsius
1041 1173 1166 1218 succes·

191 1247 293 1302 sores,
310 1247 362 1290 seu
377 1230 519 1291 Summos
533 1229 713 1308 Pontitices,
729 1233 834 1296 debuit
846 1241 984 1302 transire.
1000 1243 1092 1306 Unde
1113 1243 1168 1306 de-

191 1315 302 1380 functis
317 1318 476 1398 apostolis,
493 1317 599 1379 nullibi
615 1318 727 1382 institui
744 1329 908 1402 potuerunt
930 1328 1021 1391 Sedes
1037 1331 1168 1412 Episco-

190 1405 285 1487 pales,
307 1406 533 1484 Patriarehales,
558 1406 754 1482 Primuliales,
779 1413 1067 1498 Archiepiscupales,
1092 1426 1166 1496 etc„

191 1492 256 1556 siue
276 1512 426 1557 consensu
446 1497 544 1576 Papae,
563 1495 609 1557 vel
630 1513 781 1577 expresso,
803 1501 848 1562 vel
865 1504 970 1565 saltem
986 1509 1169 1586 generaliter

191 1580 261 1645 dato
285 1603 339 1664 per
366 1583 463 1663 legem
487 1588 540 1644 aut
561 1585 810 1648 consuetudinem
834 1589 871 1650 ab
894 1591 959 1672 ipso
982 1595 1168 1659 sufficienter

192 1672 399 1752 approbatam.
416 1671 543 1749 Exhinc,
560 1673 684 1733 nemine
703 1675 904 1753 reclamante,
920 1680 951 1740 in
966 1685 1020 1744 sua
1033 1685 1168 1766 Epistola

192 1757 229 1820 ad
244 1761 368 1820 Decent.
385 1759 558 1840 Eugubin.‚
576 1761 606 1822 S.
627 1763 821 1827 Innocentius
835 1768 848 1827 I
863 1768 1013 1832 scribebat
1028 1792 1035 1832 :
1056 1777 1168 1838 «Prae-

196 1866 212 1904 o
230 1847 345 1922 sertim,
362 1847 433 1908 clim
446 1847 483 1908 sit
497 1847 706 1927 manifestum,
720 1851 751 1912 in
766 1871 889 1916 omnem
904 1859 1029 1935 ltaliam,
1044 1863 1167 1942 Gallias,

196 1934 409 2016 «Hispanias,
434 1935 564 1997 Africam
585 1941 675 2018 atque
700 1940 853 2016 Siciliam,
882 1947 1058 2030 Insulasquc
1082 1952 1167 2034 adJa·

196 2042 211 2080 o
230 2029 343 2098 centes,
361 2023 478 2086 nullum
492 2024 653 2088 instituisse
667 2029 827 2110 Ecclesias,
844 2033 901 2094 nisi
915 2052 968 2097 eos
981 2057 1059 2118 quos
1072 2059 1168 2105 vene-

196 2131 211 2169 o
233 2110 334 2173 rabilis
347 2114 465 2187 Petrus,
480 2118 530 2175 aut
544 2112 610 2195 ejus
623 2132 813 2180 successores
829 2123 1052 2190 constituerunt
1064 2147 1168 2193 saeer-

196 2219 211 2257 u
231 2197 326 2262 dotes.
346 2223 360 2258 a
378 2201 428 2263 Sic
445 2219 552 2264 omnes
570 2202 661 2265 Sedes
683 2206 895 2272 Patriarchales
917 2213 932 2272 d
958 2215 1066 2279 Sancta
1088 2219 1169 2284 Sede

192 2288 361 2352 constitutae
375 2289 481 2352 fuere:
502 2312 517 2350 u
536 2290 614 2352 Nihil
641 2291 829 2358 Alexandriae
852 2299 921 2361 Sedi
945 2323 979 2380 r,
1009 2305 1169 2387 inquiebat

191 2377 222 2438 S.
239 2377 299 2438 Leo
315 2379 432 2460 (Epist.
460 2381 517 2442 tut
542 2378 583 2440 od
603 2381 742 2458 ductet,
757 2403 785 2446 c.
800 2386 851 2468 5),
881 2391 975 2468 «ejus
997 2412 1091 2475 quarn
1111 2415 1168 2478 per

194 2485 210 2523 a
231 2465 261 2526 S.
278 2467 415 2529 Marcum
436 2467 656 2548 Evangelistam
679 2471 712 2530 n.
736 2473 814 2534 Petri
837 2475 1020 2559 discipulum
1040 2487 1166 2564 meruit,

195 2573 209 2610 o
231 2561 333 2632 pereat
346 2555 537 2634 dignitatis...
553 2556 740 2620 Antiocheno
753 2579 876 2644 quoque
894 2568 1045 2647 Ecclesia,
1061 2573 1092 2634 in
1104 2578 1168 2655 qut

195 2661 210 2699 a
231 2641 376 2720 primum,
392 2643 573 2720 praedieante
587 2644 677 2708 Beato
692 2650 834 2728 Apostolo
849 2656 948 2731 Petro,
961 2657 1168 2727 Christianum

195 2745 343 2790 «nornen
365 2738 502 2793 exortum
526 2739 587 2808 est,
612 2733 642 2794 in
665 2742 796 2816 paternae
819 2745 1041 2811 constitutionis
1063 2751 1168 2816 ordine

195 2837 210 2875 u
231 2826 409 2898 perseveret,
425 2825 455 2880 et
468 2821 499 2881 in
511 2821 596 2882 tertio
607 2823 704 2909 produ
718 2827 878 2907 collocata,
894 2851 1052 2916 nunquam
1066 2859 1098 2902 se
1113 2841 1168 2906 fiat

195 2926 210 2964 u
230 2905 362 2969 inferior.
379 2929 394 2966 r>
414 2907 521 2990 (Trud.
543 2909 592 2972 des
604 2911 752 2994 Euripum,
768 2921 789 2978 t.
812 2921 842 2994 l,
863 2939 892 3000 p.
912 2925 951 2999 5,
969 2926 1043 3009 etc.)
1059 2931 1167 3002 Quoad

191 2993 1165 3099 Ecclesiamconstantinopolitanam,utpatriarchalishaberetur,

190 3085 393 3146 necessarium
404 3086 555 3150 duxerunt
570 3089 670 3150 Patres
685 3093 806 3154 Concilii
822 3095 1075 3168 Chalcedonensis
1088 3111 1165 3173 scri·

192 3181 261 3236 nere
280 3173 317 3234 ad
335 3175 379 3236 S..
393 3175 568 3238 Pontificem
591 3177 622 3239 S.
645 3177 789 3259 Leonem,
814 3185 866 3265 qui
890 3193 992 3252 tamen
1016 3195 1113 3260 noluit
1131 3207 1167 3262 ut

191 3261 280 3323 talem
302 3281 478 3344 agnoscere,
498 3272 527 3326 et
544 3269 645 3328 revera
666 3268 733 3330 talis
757 3289 818 3334 non
839 3273 895 3336 fuit
914 3284 1080 3363 recognita,
1105 3288 1165 3350 nisi

190 3352 325 3430 tempore
350 3353 474 3414 Concilii
498 3353 634 3418 Lateran.
660 3358 716 3431 lV,
739 3359 777 3420 ab
799 3363 976 3431 Innocentio
997 3373 1037 3434 lll
1060 3373 1162 3453 (ibid,

190 3455 220 3518 p.
241 3443 358 3520 art-34).
375 3439 440 3503 Non
464 3441 534 3503 inde
555 3448 654 3505 tamen
676 3444 866 3512 inferendum
890 3460 1050 3540 estquod,
1071 3466 1163 3530 etiarn

191 3527 295 3604 primis
308 3530 448 3591 Ecclesiae
463 3530 591 3610 saeculis,
605 3532 697 3595 Sedes
710 3537 902 3620 Episcopales
916 3544 1026 3610 luerint
1041 3569 1163 3636 semper

191 3615 363 3676 immediate
389 3617 528 3680 institutae
554 3622 570 3680 a
599 3623 734 3684 llomano
756 3627 920 3701 Pontifice3
949 3653 1036 3713 uum,
1064 3642 1162 3724 inquit

191 3703 277 3764 Curd..
291 3705 401 3784 Soglia,
417 3723 453 3766 ex
468 3708 562 3768 Natali
580 3709 757 3786 Alexandro,
777 3715 843 3777 aab
855 3718 1045 3788 incunabulis
1061 3731 1161 3795 Eccle-
