2548 4216
503 253 590 302 crona
613 257 733 304 ramus.
1039 253 1097 312 ola

117 348 185 410 loca
210 348 261 412 ubi
287 349 388 412 multae
411 351 595 434 colliguntur
614 374 670 439 pro
689 357 790 420 missis
810 357 998 420 celebrandis
1018 361 1096 422 eloe-

115 437 282 521 mosynae?

158 529 249 608 Hesp.
266 529 301 588 ln
316 528 457 591 Ecclesiis
472 529 504 591 in
520 531 633 614 quibus
647 534 750 597 multae
768 533 951 615 colliguntur
965 536 1095 600 eleemo-

115 632 203 698 synae
216 634 271 697 pro
287 617 386 678 missis
400 617 600 698 celebrandis,
617 641 680 685 non
696 624 765 686 licet
780 641 831 684 eas
845 623 874 684 in
893 623 969 685 adeo
982 624 1095 706 ingenti

116 723 249 767 numero
267 706 414 785 accipere,
430 713 465 769 ut
479 725 616 792 congruo
639 719 775 794 tempore
795 713 938 774 omnibus
961 714 1096 777 satisfieri

118 811 182 857 uon
197 795 310 876 possit,
326 794 372 856 vel
385 795 490 857 saltem
505 801 686 880 apponenda
701 807 781 864 esset
794 801 825 862 in
841 801 962 881 publico
975 801 1095 877 tabella,

117 880 149 942 in
166 885 228 964 qut
241 889 348 946 notum
367 883 451 946 fieret
468 885 665 952 offerentibus
683 890 900 971 eleemosynas,
917 889 999 970 qubd
1014 891 1096 954 cele-

117 971 215 1034 bratio
253 973 414 1035 missarum
447 983 570 1059 propter
604 979 760 1060 ingentem
788 996 951 1042 numerum
982 978 1096 1042 differri

115 1067 264 1140 oporteat.
287 1064 329 1124 lta
345 1081 382 1123 ex
402 1063 492 1127 variis
510 1065 640 1132 decretis
654 1073 685 1131 et
699 1068 831 1130 maxime
847 1067 1014 1130 innocentii
1031 1071 1093 1143 ΧΠ,

116 1152 156 1210 23
173 1148 342 1212 decembris
358 1155 445 1214 ¹697.

157 1238 275 1301 Debent
308 1240 449 1322 Episcopi
478 1261 585 1307 curare
609 1264 648 1308 ne
672 1247 867 1309 ecclesiarum
892 1252 1024 1309 rectores
1050 1246 1096 1309 vel

114 1326 376 1390 administratores
391 1329 448 1390 sibi
467 1332 618 1396 retineant
633 1335 766 1418 aliquam
788 1337 834 1398 vel
855 1335 1013 1398 minimam
1028 1353 1096 1416 por·

115 1417 244 1493 tionem,
266 1418 356 1479 eliam
377 1417 475 1480 lavore
499 1421 706 1500 ecclesiarum,
724 1424 781 1486 nisi
805 1424 881 1486 aded
900 1430 1000 1485 essem
1019 1442 1094 1504 pau·

114 1523 205 1585 peres
218 1511 252 1568 ut
269 1506 370 1568 subire
392 1525 453 1568 non
469 1517 592 1590 possent
611 1512 741 1593 propriis
762 1511 927 1574 redditibus
948 1529 1095 1590 expensas

115 1595 312 1672 necessarias,
328 1613 390 1676 quo
399 1613 472 1660 casu
485 1599 616 1679 permitti
626 1607 753 1681 possunt
768 1609 799 1663 ut
812 1599 1024 1662 tantummodo
1039 1599 1095 1661 sibi

114 1683 266 1746 retineant
286 1683 456 1766 portionem
478 1705 547 1767 quae
566 1707 627 1750 non
647 1689 771 1750 excedat
792 1689 925 1754 valorem
946 1687 1094 1750 dictarum

113 1791 331 1852 expensarum,
348 1780 379 1835 ut
393 1772 556 1838 declaravit
569 1778 600 1838 S.
617 1778 649 1840 C.
666 1779 773 1855 Cone,
790 1777 823 1839 ia
836 1776 960 1853 Morio,
977 1779 1009 1838 ll
1027 1777 1092 1855 jan.

155 1951 291 2014 'landem
304 1951 425 2015 debent
444 1972 550 2016 curare
567 1954 708 2038 Episcopi
730 1961 773 2031 ut,
788 1955 820 2018 in
841 1955 992 2032 ecclesiis,
1014 1976 1092 2038 pra·-

111 2040 219 2102 sertim
234 2039 285 2104 ubi
300 2041 401 2122 plures
412 2042 511 2105 missae
523 2042 725 2120 celebrantur,
740 2043 925 2107 retineantur
939 2043 1000 2106 duo
1013 2046 1091 2121 libri,

112 2131 146 2191 in
162 2129 273 2211 quibus
286 2129 446 2212 diligenter
460 2131 643 2194 adnotentur
663 2133 881 2212 eleemosyna,
897 2151 966 2213 quae
989 2132 1094 2195 dietim

113 2218 303 2299 recipiuntur
322 2237 393 2281 cum
414 2219 650 2300 adimplemento
671 2221 843 2295 missarum,
868 2237 904 2282 ao
929 2221 1094 2283 retineatur

112 2326 206 2388 capsa
216 2308 403 2388 particularis
414 2327 469 2389 pro
481 2308 664 2389 reponendis
678 2308 880 2390 eleemosynis
889 2308 1092 2370 uranualibus.

112 2403 150 2458 ut
173 2395 211 2458 de
232 2395 313 2458 dieto
337 2397 535 2478 implemento
554 2397 703 2458 rationem
725 2397 845 2477 exigere
864 2404 977 2476 queant
997 2397 1035 2457 ab
1059 2398 1094 2458 iis

112 2504 194 2567 quos
203 2491 327 2567 spectat,
344 2491 433 2566 prout
446 2487 581 2566 rigorose
598 2491 739 2547 tenentur
753 2485 859 2547 virtute
872 2485 983 2546 decreti
999 2487 1094 2548 lnno-

111 2574 205 2638 centii
220 2576 283 2650 llll,
300 2575 344 2636 De
358 2573 552 2635 celebratione
565 2573 676 2651 missae,
689 2572 739 2634 die
753 2573 893 2635 decemb.
911 2576 998 2636 lom.
1015 2576 1094 2637 Con·

112 2672 160 2725 tra
173 2669 369 2726 contumaces
383 2663 414 2724 in
425 2681 487 2726 non
498 2662 660 2745 implendis
670 2663 778 2737 missis,
795 2661 959 2742 procedere
969 2663 1092 2726 debent.

155 2755 226 2814 all.
250 2751 373 2826 Ouaerit.
398 2754 431 2812 3⁰
455 2754 500 2812 An
520 2751 675 2833 Episcopis
696 2757 848 2832 competat
868 2751 1028 2814 missarum
1044 2760 1095 2816 aut

111 2841 244 2905 aliarum
257 2841 376 2924 piarum
391 2839 604 2906 fundationum
618 2859 710 2904 onera
724 2840 889 2904 reducendi
904 2841 1054 2922 potestas?

157 2943 249 3022 Resp.
263 2928 278 3002 l
282 2949 297 2984 ⁰
311 2939 415 3013 Quoad
430 2939 592 3003 missarum
606 2939 835 3013 reductionem,
852 2939 1008 3019 Episcopis
1022 2939 1095 3020 qui-

111 3031 187 3094 dem
209 3031 228 3092 a
252 3029 386 3092 Concilio
408 3028 586 3090 Tridentino
609 3027 752 3092 attributa
773 3034 837 3090 erat
855 3027 980 3088 lacullas
1002 3045 1094 3089 onera

115 3120 278 3181 missarum
292 3117 456 3180 reducendi
468 3117 497 3178 in
510 3115 633 3198 Synodo
644 3116 825 3191 diocesano,
838 3115 960 3195 quando
970 3115 1017 3175 vel
1032 3121 1095 3176 tarn

118 3226 247 3289 magnus
260 3225 366 3270 earum
384 3224 530 3270 numerus
545 3205 704 3286 impositus
719 3204 823 3280 luerit,
840 3210 872 3264 ut
888 3203 947 3264 illis
959 3220 1014 3285 pro
1029 3203 1095 3264 sin-

115 3297 196 3378 gulis
217 3294 325 3358 diebus
346 3297 364 3356 a
381 3293 573 3357 testatoribus
587 3293 770 3375 praescriptis
791 3298 920 3372 nequeat
939 3289 1095 3367 satisfieri,

116 3385 163 3448 vel
177 3385 371 3466 eleemosyna
386 3383 558 3463 hujusmodi
571 3382 647 3445 oded
658 3383 758 3444 tenuis
773 3382 810 3442 sit
825 3388 858 3444 ut
873 3397 933 3440 non
949 3379 1035 3442 lacile
1045 3379 1096 3442 in-

116 3475 256 3538 veniatur
269 3475 321 3556 qui
345 3472 417 3535 velit
442 3472 512 3536 lruic
533 3473 619 3533 oneri
641 3489 673 3532 se
688 3470 847 3550 subjicere.
867 3466 939 3529 Vide
953 3485 1027 3529 sess.
1045 3471 1095 3544 25,

115 3581 185 3644 cap.
202 3567 240 3638 43
255 3561 307 3624 sed
321 3561 392 3623 lruic
405 3559 588 3623 Tridentinae
602 3557 791 3640 dispositioni
805 3558 981 3638 derogatum
993 3555 1049 3620 luit
1058 3556 1096 3620 ab

117 3652 240 3715 Urbano
257 3653 331 3726 Vlll,
347 3651 473 3712 constit.
491 3649 565 3714 com
582 3648 668 3730 accpi,
684 3651 717 3709 ul
734 3649 798 3727 jan.
815 3651 903 3723 iliud,
919 3645 1098 3710 confirmata

117 3740 156 3800 ab
176 3740 353 3802 innocentio
365 3742 434 3810 llll,
453 3738 525 3800 ubi:
546 3737 713 3800 allislricle
728 3735 865 3815 prohibet
890 3753 929 3797 ne
956 3734 1097 3815 Episcopi
