2562 4224
32 3437 35 3542 i

390 333 393 338 ·
451 331 675 376 uruurrmuus.
997 325 1052 385 483

76 453 93 490 a
110 430 290 511 ingressum
300 429 465 508 Religionis
475 431 663 511 professione
675 432 860 512 secutudap.
872 433 1052 503 Beneficium

76 543 92 578 a
113 523 145 593 d,
163 516 338 596 HeRepul„
354 517 385 578 in
401 520 445 594 6⁰,
460 520 573 584 Rota...
593 523 674 582 Intra
695 537 810 582 annum
830 517 1050 601 prabatienis...

77 632 92 666 a
115 625 182 668 non
196 613 297 679 vacat,
315 623 354 667 ne
375 606 532 686 egrediens
554 609 593 670 de
611 609 758 690 religione
772 608 823 670 iilo
835 609 979 690 privetur.
998 614 1052 677 Cp.

77 722 91 753 (ι
113 715 185 775 cap.
202 694 425 775 Beneficium...
439 697 544 769 Quoad
559 697 714 780 religiosos
728 695 884 759 Societatis
896 700 967 762 Jesu
986 720 1055 762 om—

78 809 93 842 «
115 785 195 845 niud
207 783 352 846 servanda
366 793 411 846 est
428 785 553 848 Constit.
569 785 681 850 Bened.
695 788 802 850 XIV...
817 786 873 848 Ea
890 807 947 869 quo
962 787 1054 850 dilec-

78 897 93 930 «ι
116 882 205 935 8218...

119 965 194 1022 «5ο
216 963 309 1023 Vacat
335 981 389 1043 per
415 968 602 1027 contractum
630 962 816 1026 matrimonii
837 983 892 1044 per
911 965 1001 1027 verba
1024 967 1058 1029 de

79 1073 95 1107 κ
113 1051 271 1131 praesenti,
288 1050 377 1111 etiam
393 1069 455 1112 nun
470 1055 573 1115 secuta
586 1052 695 1134 capula
707 1097 716 1128 ‚
730 1071 792 1115 nou
807 1053 877 1114 verd
892 1072 946 1134 per
961 1072 1055 1135 spon-

78 1163 93 1196 «
116 1139 204 1200 salia.
222 1140 293 1220 Cap.
308 1137 344 1201 Si
357 1141 424 1220 quis
437 1139 613 1202 clericorum
628 1145 656 1217 13
672 1157 739 1221 cap.
759 1140 843 1214 Quod
851 1143 869 1202 d
885 1150 928 1220 te,
941 1141 986 1203 De
996 1143 1057 1206 ele·
1127 1193 1128 1196 .

78 1253 92 1283 a
117 1227 195 1288 ricis
209 1227 341 1308 eoujup„
358 1229 470 1291 Rota...
486 1229 532 1290 Ad
553 1227 734 1292 effectum...
753 1229 918 1292 vacationis
936 1237 1056 1313 propter

79 1342 93 1376 a
118 1316 362 1390 matrimonium,
379 1317 542 1381 attenditur
556 1317 655 1381 solum
669 1317 793 1394 iactum,
805 1337 865 1380 non
877 1325 977 1381 autem
991 1321 1058 1384 facti

79 1431 94 1462 a
117 1404 295 1468 validitas...
311 1409 424 1470 Rota...
1044 1487 1048 1491 Ι

121 1517 137 1552 a
160 1497 194 1554 6⁰
210 1496 301 1556 Vacat
313 1495 379 1576 ipso
391 1497 458 1574 jure
469 1495 653 1559 beneficium
667 1514 721 1576 per
733 1496 868 1558 militiam
884 1496 1058 1559 saeeuiarem

80 1609 95 1642 a
117 1587 137 1644 ir
159 1583 272 1644 clerieo
296 1584 451 1647 minurista
474 1591 698 1666 assumptam...
720 1585 792 1665 Cap.
821 1583 1000 1664 Orrieumque
1021 1604 1060 1647 ea

81 1696 97 1734 a
118 1672 203 1734 clero
217 1674 252 1746 6,
268 1689 359 1733 eausa
373 1677 429 1750 23,
443 1694 472 1750 q.
498 1677 554 1736 8...
569 1693 585 1732 u
603 1675 646 1734 Ita
659 1672 803 1747 Ferraria
817 1682 848 1733 v⁰
861 1671 1057 1754 Beneficium,

77 1769 135 1824 art.
153 1766 186 1838 7,
201 1757 240 1820 οῖ’
254 1764 339 1822 1-12.
357 1757 498 1838 intellige
513 1768 619 1820 tamen
639 1765 751 1837 sponte
766 1766 970 1838 assumptam.

120 1847 229 1923 Quoad
256 1849 391 1910 Viearios
420 1847 580 1910 Generaiea
606 1853 636 1909 et
662 1846 834 1927 officiales,
864 1868 1059 1931 quocumque

78 1940 176 2002 modo
190 1944 274 1999 vacet
289 1937 383 1998 Sedes
397 1937 593 2018 Episcopaiis,
609 1954 663 2017 per
677 1944 822 2013 mortem,
837 1937 1055 2011 dimissionem,

79 2027 319 2105 remeationem,
328 2033 400 2104 ete,
413 2029 513 2088 statim
524 2027 590 2106 ipso
602 2025 690 2103 iacto,
702 2025 767 2089 haec
777 2026 945 2108 jurisdictio
954 2027 1061 2090 uicaria

80 2124 190 2182 cessat.

495 2271 581 2332 ART.
604 2271 654 2332 111.

309 2431 346 2476 DE
367 2431 578 2478 uusrmcrlouu
599 2429 836 2490 Juursutdrlottm.

125 2591 199 2652 315.
216 2585 388 2650 iurisdictio
402 2585 592 2667 restringitur
603 2583 775 2666 quando
736 2585 762 2647 ei
789 2591 840 2647 aut
852 2581 1064 2649 subducuntur

86 2677 160 2743 uerti
185 2674 308 2752 subditi,
332 2681 384 2738 aut
402 2673 541 2737 subducit
530 2680 579 2737 tur
603 2681 684 2736 certa
706 2675 829 2737 materia
849 2692 918 2755 quae
931 2674 1064 2757 alioquin

86 2767 190 2830 eidem
204 2763 402 2842 subjecisset.
419 2761 631 2826 subducuntur
645 2762 756 2825 subditi
773 2781 828 2847 per
841 2763 1064 2844 exemptionem

87 2853 270 2921 subducitur
283 2851 407 2914 materia
421 2871 475 2933 per
486 2852 713 2915 reservationes.

127 2941 231 3024 Ligari
247 2941 401 3004 autetiam
413 2940 555 3024 suspendi
569 2946 668 3023 potest
677 2939 847 3024 jurisdictio
859 2960 914 3024 per
924 2917 1066 3004 censuras

89 3041 141 3140 aut
156 3029 402 3112 irregularitates.

91 3125 176 3186 De
190 3119 238 3183 his
251 3119 393 3184 omnibus
406 3118 514 3197 vide,
506 3138 538 3182 m
557 3124 660 3182 nostro
674 3118 825 3194 Marruuii,
845 3118 912 3181 loca
925 3117 1065 3196 indicata,

98 3223 125 3277 1⁰
138 3215 213 3275 567.
230 3207 363 3273 Sufficiat
377 3208 427 3272 hic
440 3207 581 3290 quaedam
595 3207 695 3272 dicere
706 3207 742 3271 de
755 3205 1013 3289 Euemptiauibus.

131 3301 204 3364 316.
228 3296 388 3378 Exemptio
407 3293 526 3357 definiri
548 3299 671 3376 potest:
693 3294 885 3376 Privilegium
907 3312 961 3373 per
986 3293 1069 3375 quod

32 3383 33 3432 ἶ
87 3388 195 3472 aliqua
215 3386 420 3450 communitas
434 3383 580 3467 regularis
593 3388 646 3446 aut
659 3383 827 3462 saecularis,
842 3383 973 3446 existens
992 3383 1069 3446 iutra

122 3623 169 3672 nui
180 3617 211 3670 ud
227 3614 339 3668 triremes
354 3619 500 3682 perpetuat,
518 3613 637 3665 benefida
650 3612 705 3680 ipso
716 3613 773 3680 jure
790 3627 840 3664 nou
851 3617 955 3675 vacant,
968 3613 1013 3664 sed
1029 3629 1071 3680 per

93 3709 106 3740 ι
124 3689 247 3743 vicarium
260 3687 299 3739 rel
314 3686 485 3753 coadjutorem
502 3685 715 3749 administrantur,
733 3683 781 3736 nisi
795 3684 935 3736 damuati...
951 3700 994 3750 per
1005 3685 1071 3748 legi·

94 3781 105 3811 ι
125 3761 181 3812 timi
191 3757 284 3828 judicis
295 3758 444 3810 sententiam
457 3756 576 3810 bonefisio
588 3773 688 3824 quaque
699 3755 787 3824 privati
798 3756 856 3810 siut
869 3775 880 3805 ι
892 3756 963 3810 Card.
977 3755 1068 3828 Sogiia,

94 3833 155 3886 but.
164 3833 220 3896 jur.
233 3830 307 3898 priv..
317 3829 329 3896 ἓ
341 3829 396 3881 100.
