2590 4214
186 293 242 350 lli
458 276 608 342 auuuanra'
629 295 710 339 runis
732 291 880 338 aaronica.

104 427 109 438 ¹
167 425 203 475 ¹a
224 399 321 468 vorbis
331 403 381 460 aul
392 396 475 458 iactis
485 393 649 476 paroehurn
660 393 691 453 in
703 396 803 452 mente
814 388 1164 465 iideliumimminuant;

168 499 203 591 μ
225 488 277 550 sed
305 488 337 548 in
360 485 502 548 omnibus
529 482 673 556 modeste,
694 481 770 542 sieut
795 479 893 554 decet,
918 495 985 538 sese
1007 488 1164 557 gerentes,

168 599 170 606 ·
189 601 203 638 a
224 594 295 638 cum
308 573 444 656 diligenti
457 574 531 635 cura
544 569 624 632 fideli
642 569 754 650 populo
770 566 874 629 salutis
887 565 1070 644 adjumenta
1083 584 1168 647 prae·

193 690 204 723 a
226 665 358 726 beant.»
704 691 706 694 ·

634 813 653 893 e
671 814 707 874 n.

189 968 231 1028 lie
247 965 320 1026 aliis
337 961 531 1026 sacerdotibus
543 943 601 1042 ¹qui
619 957 808 1042 irs-paruoluia‘
827 977 943 1020 socrum
961 960 1173 1022 ministeriam

302 1065 305 1069 ’
599 1084 743 1138 coercent.

356 1266 412 1324 1.-
426 1263 466 1320 its
481 1275 648 1320 cluanuama
667 1273 718 1318 sau
737 1258 987 1318 ausurosrn'nnus.

226 1423 295 1484 560.
308 1418 365 1480 Per
382 1414 558 1496 Capelianus
571 1399 622 1476 hio
635 1411 844 1494 intelliguntur
860 1411 1047 1489 sacerdotes,
1061 1415 1117 1496 qui
1132 1416 1171 1479 ad

188 1527 308 1572 saeuum
324 1504 526 1568 ministerium
539 1501 752 1576 exercendum,
770 1501 851 1582 apud
865 1505 963 1564 certas
977 1509 1008 1564 et
1022 1501 1169 1566 determi-

188 1605 273 1661 natas
288 1612 443 1678 personas,
459 1591 653 1671 deputantur,
667 1595 758 1670 prout
771 1590 830 1652 illae
844 1609 920 1672 opus
932 1590 1058 1678 habent.

226 1696 277 1758 lus
289 1692 396 1754 labent
409 1687 553 1772 quoddam
559 1685 734 1768 parochiale
748 1687 945 1770 impropriam
959 1709 1025 1750 eum
1040 1693 1170 1772 quddam

186 1781 394 1866 jurisdictione
415 1779 448 1839 in
467 1795 604 1858 personas
625 1775 731 1856 absque
752 1777 914 1850 territorio,
934 1786 976 1839 alt
999 1779 1170 1846 Cardinalis

190 1875 232 1933 De
248 1869 329 1931 luca
343 1869 470 1948 loquens
483 1864 521 1926 de
534 1864 702 1944 Capelianis
716 1863 919 1945 hospitalium.

185 1977 189 1984 '
229 1965 474 2030 iurisdietionem
494 1961 678 2024 ordinariam
696 1961 804 2038 saltem
826 1964 948 2044 proprie
968 1965 1084 2029 dictam
1106 1989 1169 2032 non

190 2055 302 2117 habent
320 2051 483 2134 Capeliani,
500 2050 553 2112 sed
567 2049 722 2112 facultates
736 2067 843 2113 eornm
856 2051 1010 2116 ordinarie
1024 2055 1064 2118 ab
1079 2059 1168 2139 Epis·

91 2219 94 2222 ¹
189 2141 274 2223 copis
297 2141 537 2203 determinantur
562 2137 731 2200 secundirm
757 2137 956 2220 indigentiam
979 2161 1089 2206 eorum
1112 2167 1171 2228 pro

189 2232 299 2311 quibus
313 2231 505 2309 deputantur.

229 2326 402 2408 Multiplicis
416 2325 534 2405 generis
549 2330 620 2386 sunt
640 2323 817 2405 Capeliani,
833 2325 971 2390 videlieet
987 2347 995 2389 ε
1012 2331 1168 2413 Capeliani

191 2415 380 2492 monialium,
396 2412 547 2493 Capeliani
565 2411 766 2493 collegiorum
785 2419 838 2476 aut
859 2407 989 2478 aliorum
1008 2420 1167 2486 instituto-

190 2523 270 2574 rum,
287 2501 438 2582 Capeliani
462 2499 655 2581 hospitalium
670 2508 721 2562 aut
737 2519 913 2573 aereorum,
930 2505 1086 2588 Capeliani
1098 2518 1170 2575 tan·

190 2591 260 2654 dem
274 2591 415 2652 militurn.
432 2591 476 2650 De
490 2589 616 2670 singulis
630 2597 675 2650 est
689 2588 738 2650 hie
751 2589 981 2655 disserendum:

230 2691 340 2749 561.-
350 2689 373 2748 l.
391 2686 548 2768 Capeliani
557 2685 750 2746 monialium:
762 2689 804 2748 lix
820 2689 911 2751 saera
923 2690 1168 2776 congregatione

191 2776 410 2856 Episcoporum
433 2781 464 2835 et
483 2773 693 2854 Regularium,
708 2773 819 2836 debent
836 2793 902 2838 esse
920 2786 1048 2846 maturae
1068 2788 1171 2852 elatis

193 2881 301 2944 nempe
312 2867 353 2926 40
367 2880 528 2924 annorum.
544 2861 648 2938 Unde,
667 2880 729 2925 non
748 2863 884 2926 obstante
903 2868 989 2948 qudd
1005 2870 1156 2941 modiales

190 2954 239 3031 jus
246 2951 375 3013 habeant
384 2949 561 3012 nominandi
573 2951 776 3032 capellanum,
789 2959 888 3033 potest
898 2955 985 3018 illurn
996 2927 1173 3050 Episedoud

191 3060 227 3102 ex
239 3042 319 3120 justa
333 3043 424 3101 eausa
437 3040 579 3118 rejicere,
597 3045 667 3119 puta
682 3039 707 3100 si
725 3039 764 3100 sit
779 3041 883 3120 junior
898 3041 942 3125 (S.
966 3046 1000 3108 C.
1023 3049 1167 3136 Episrnp.

190 3129 222 3193 in
239 3127 435 3203 Bononiensi,
452 3131 488 3189 31
510 3127 580 3189 maii
598 3130 674 3190 1602
692 3133 723 3190 et
737 3132 775 3191 29
794 3132 966 3195 novembris
986 3138 1088 3217 loos).
1109 3141 1171 3206 Ubi

191 3215 1173 3305 tamensenesdeiaoilinoninveniuntur,relinquiturprudentiae

192 3305 344 3386 Episcopi,
360 3311 393 3366 ut
414 3304 504 3365 etiarn
518 3303 646 3385 juvenes
671 3305 786 3386 possint
808 3307 978 3388 admittere,
998 3313 1173 3384 dummodo

190 3395 288 3456 ornati
300 3395 361 3454 sint
374 3391 568 3473 qualitatibus
582 3391 743 3472 requisitis.
760 3397 965 3460 Remanentnr
978 3401 1172 3489 quicumque

192 3481 339 3560 capellani
355 3482 422 3542 vitae
439 3479 608 3554 dissolutae,
628 3482 759 3543 maxime
778 3483 803 3544 si
821 3487 1002 3551 contrahant
1019 3494 1171 3561 amicitias

191 3575 221 3630 et
234 3568 352 3628 mittant
364 3587 491 3630 munera
501 3568 683 3630 monialibus
698 3569 743 3649 (S.
760 3571 793 3632 C.
809 3574 909 3652 Epise.
929 3579 966 3637 li
977 3579 1044 3656 jan.
1063 3585 1169 3665 luta).

193 3655 357 3735 Regulares
381 3673 443 3717 non
469 3664 594 3735 possunt
615 3675 681 3718 esse
698 3659 845 3738 capellani
867 3664 1049 3730 monialium
1073 3670 1118 3752 (S.
1136 3677 1169 3738 C.

194 3744 292 3821 Episc.
305 3746 340 3802 Π
355 3760 420 3822 apr.
435 3745 526 3820 idol)
542 3745 598 3804 nisi
612 3749 905 3826 propterponuriam
920 3755 1174 3836 presbyterorum
