2562 4224
508 216 593 261 trum
617 217 733 260 antuus
969 253 972 258 .
1053 203 1111 274 181

162 321 261 397 ltesp.
280 313 422 394 Negativc
447 330 455 372 ι
479 311 582 372 multae
605 311 687 372 enim
707 312 899 391 exceptiones
920 311 1041 373 luerunt
1057 311 1106 370 in-

116 405 244 477 ductae,
259 403 321 464 sive
337 399 431 480 ajure
446 399 602 461 communi
617 406 686 460 ante
700 400 869 464 Concilium
884 399 1104 465 Tridentinum.

125 496 192 556 sive
206 493 245 554 ab
265 493 392 572 ipsomet
411 488 545 551 Concilio
559 488 755 560 Tridentino,
778 493 839 550 sive
853 508 907 571 per
921 489 1106 551 1011009011-
1146 487 1147 491 ’

127 583 301 644 stitutiones
314 576 488 639 Pontificias
504 583 570 657 post
583 577 698 638 dietum
713 578 887 640 concilium.
896 579 974 646 Cum¹
983 577 1106 655 unua„

129 671 231 753 ¹»peris
247 669 356 729 limites
373 685 435 728 non
447 666 546 726 sinaut
560 665 625 727 illas
642 683 822 728 enumerare
839 666 906 728 vide
922 665 960 726 de
975 663 1021 724 his
1043 681 1109 725 nos·

129 778 212 822 trum
228 757 380 830 Manuale,
395 757 412 816 a
428 764 460 814 n⁰
475 759 551 831 577,
567 761 625 818 elo.

170 869 242 927 319,
267 861 390 935 Quaerit.
404 861 435 921 2⁰
448 861 557 923 Utrum
568 857 599 920 in
615 859 709 922 Gallia
719 859 807 921 hodie
818 857 1026 940 exemptiones
1040 853 1106 917 sul)

127 952 260 1016 sistant?

171 1055 264 1131 Resp.
282 1049 335 1126 llel
357 1047 455 1128 agitur
473 1046 511 1108 de
531 1045 749 1125 negatoribus,
770 1038 817 1108 vel
833 1046 870 1109 de
885 1045 1042 1126 Capitulis,
1059 1049 1109 1106 aut

119 1141 198 1202 aliis
212 1141 286 1201 loeis
301 1159 308 1198 :
325 1139 349 1198 si
366 1137 460 1216 prius,
475 1135 640 1196 subsistunt
655 1135 862 1216 exemptiones
876 1134 975 1218 quoad
988 1135 1109 1196 ordines

128 1235 290 1308 exemptos
301 1228 447 1298 virorum,
464 1231 497 1286 ut
511 1231 581 1286 sunt
598 1225 730 1299 lesuitae,
745 1225 949 1301 Dominicani‚
966 1223 1109 1285 Benedic-

129 1318 208 1394 tini,
232 1315 411 1396 Gapuceini‚
436 1313 672 1388 carthusienses,
700 1319 758 1376 etc.
781 1333 788 1374 ε
810 1314 946 1396 quamvis
969 1314 1053 1375 enim
1072 1313 1109 1374 sit

121 1407 249 1469 dictum
263 1406 294 1466 in
308 1405 373 1484 lege
388 1403 542 1482 organica,
558 1409 613 1463 art.
627 1405 665 1464 to
680 1422 688 1462 ι
711 1425 725 1460 r
739 1407 817 1464 'tout
832 1403 974 1485 privilege
990 1399 1110 1483 portant

127 1518 149 1553 n
172 1495 348 1576 exemptiou
364 1511 404 1554 ou
421 1491 594 1553 attribution
609 1490 647 1551 de
664 1491 691 1552 la
709 1493 868 1572 puissance
883 1490 1053 1572 pontificale
1065 1493 1109 1550 est

127 1607 150 1642 -a
174 1583 253 1645 aboli
269 1605 300 1658 r,
321 1583 371 1643 illa
388 1582 454 1656 lex,
478 1582 582 1661 utpote
601 1580 684 1640 mere
700 1580 806 1653 civilis,
824 1581 908 1641 nullo
926 1579 1016 1640 modo
1033 1579 1110 1640 valet

120 1674 279 1753 derogare
294 1670 455 1752 privilegiis
470 1669 508 1730 alr
521 1668 696 1729 auctoritate
709 1669 909 1730 ecclesiastica
924 1667 1086 1730 concessis,

173 1775 248 1832 ltem
261 1773 421 1832 Decretum
436 1767 523 1829 dard.
541 1769 669 1848 Caprara
680 1772 719 1845 ,l
734 1767 813 1848 junii
834 1771 928 1844 1801,
945 1787 1109 1850 quoregu-

127 1861 212 1923 lares
223 1860 382 1939 utriusque
395 1858 494 1930 sextis
512 1857 602 1917 etiarn
617 1858 760 1938 exempti,
771 1856 971 1938 jurisdictioni
988 1859 1108 1938 episeo-

126 1948 192 2031 pali
208 1947 392 2022 subduntur,
408 1945 611 2008 difficultatem
624 1963 685 2006 nnn
696 1945 776 2017 facit,
794 1946 864 2027 qnia
879 1953 924 2007 est
934 1947 1108 2028 intelligen-

124 2037 268 2119 gendum
285 2037 322 2098 de
342 2036 449 2117 priscis
476 2035 622 2115 religiosis
639 2052 693 2116 pro
716 2041 852 2116 tempore
868 2053 974 2098 eorum
997 2034 1110 2116 disper-

124 2127 239 2203 sionis,
255 2133 287 2188 ut
301 2131 382 2208 patet
393 2144 431 2187 ex
444 2130 596 2186 contexta.

172 2234 277 2307 Quoad
296 2241 396 2296 aulem
416 2232 597 2312 Trappistas,
615 2232 724 2312 prodiit
742 2233 891 2312 edictum,
911 2253 993 2296 anno
1013 2239 1107 2308 1831,

124 2325 148 2386 ὲ
170 2323 248 2386 Sede
273 2323 445 2404 Apostoliea
463 2329 656 2394 emanatum,
674 2322 706 2382 in
726 2340 788 2402 quo
808 2322 937 2399 dicitur,
959 2330 1014 2385 art.
1038 2328 1076 2387 10
1097 2343 1106 2385 t

132 2435 149 2471 a
171 2413 315 2486 Quamvis
337 2410 518 2472 monasteria
532 2409 752 2490 Trappensium
772 2411 1009 2489 aJurisdictione
1027 2413 1106 2493 epis-

132 2524 149 2562 0
171 2501 269 2582 copali
283 2506 423 2581 exempta
438 2500 509 2574 sint,
521 2517 555 2560 ea
568 2504 688 2574 lamen,
704 2498 744 2559 ob
759 2499 926 2579 peculiares
937 2500 1068 2563 rationes
1078 2507 1108 2564 et

129 2614 149 2651 n
170 2591 271 2653 donec
291 2590 375 2651 aliter
393 2594 557 2661 statuatur,
574 2587 775 2666 jurisdictioni
792 2589 1013 2670 Episcoporum
1031 2590 1106 2653 sub-

131 2705 148 2740 «
170 2680 312 2762 sunt‚qui
324 2678 487 2760 procedant
499 2683 642 2759 tanquam
654 2677 782 2757 delegati
793 2676 879 2738 Sedis
888 2677 1103 2760 Apostolicacr.

167 2791 275 2866 Quoad
292 2792 363 2853 verd
382 2789 529 2852 moniales
552 2789 671 2866 Galliae,
692 2788 807 2870 pluries
824 2791 840 2852 a
857 2791 1004 2855 Romanis
1023 2793 1105 2854 Con-

122 2881 356 2964 gregationibus
374 2880 559 2941 declaratum
575 2877 633 2940 fuit
647 2878 780 2959 ipsarum
795 2885 862 2941 vota
876 2899 941 2942 esse
960 2880 1106 2946 duntaxat

121 2971 297 3052 simplicia,
319 2969 444 3049 proinde
474 2969 553 3049 ipsas
572 2986 633 3029 non
650 2986 715 3029 esse
743 2968 772 3029 in
791 2969 891 3030 stricto
910 2987 1002 3031 sensu
1019 2990 1105 3034 veras

118 3061 283 3141 religiosas
293 3077 399 3120 eorum
413 3057 556 3120 ordinum
566 3075 696 3138 quorum
708 3057 845 3138 regulam
857 3067 1007 3120 sectantur
1013 3083 1021 3136 3
1031 3077 1104 3139 ergo

121 3167 187 3210 non
199 3149 269 3210 vere
284 3148 438 3228 pertinent
447 3146 483 3208 ad
499 3145 622 3207 ordines
635 3154 802 3228 exemplos

163 3255 195 3318 Si
211 3259 318 3336 agatur
331 3255 370 3317 de
384 3253 529 3335 Capitulis
541 3257 593 3313 aut
606 3251 672 3313 aliis
686 3253 770 3326 locis,
787 3258 904 3314 constat
920 3253 1000 3315 nulla
1013 3249 1086 3326 hods
1101 3275 1109 3320 t

115 3361 188 3406 esse
204 3349 345 3424 exempta
362 3343 393 3404 in
410 3342 522 3417 Gallia,
538 3333 663 3421 excepto
678 3341 742 3402 solo
756 3341 893 3421 Capitulo
908 3343 938 3404 S.
954 3343 1106 3430 Dionysii,

119 3432 206 3514 quod
229 3450 284 3512 per
305 3433 399 3494 Breve
416 3432 633 3495 Consueverant
646 3432 682 3491 31
701 3430 799 3490 martii
816 3433 911 3506 1857,
928 3431 1106 3502 immediate

119 3519 177 3582 luit
189 3519 361 3598 subjectum
372 3519 440 3583 Sedi
456 3517 645 3600 Apostolicae,
662 3518 751 3580 simul
767 3537 801 3580 ac
813 3518 979 3599 imperialia
995 3523 1104 3603 Gynaa⁰

117 3627 173 3672 cea
184 3609 324 3687 (marsone
335 3607 504 3691 imperiales
516 3605 706 3668 d'e'daeatien
716 3625 800 3689 pour
815 3606 856 3669 les
869 3607 972 3689 pillea),
989 3616 1055 3671 tum
1071 3611 1100 3672 id

118 3699 202 3780 quod
217 3698 248 3759 in
264 3697 357 3760 veteri
370 3695 598 3762 monasterias.
610 3697 757 3771 Dionysii,
769 3702 833 3758 tum
849 3715 883 3759 ea
899 3697 1012 3779 quaein
1029 3699 1101 3760 locis
