2562 4224
380 343 383 350 ·
477 315 562 362 trena
584 309 702 364 narnus.
1020 287 1079 362 ‘rat

99 419 164 489 tur,
187 413 307 477 etiamsi
331 413 368 475 sit
390 412 546 494 delegatus
562 413 580 476 a
599 414 679 494 Papa
700 420 729 476 et
751 413 883 476 amiserit
902 407 1084 492 Dignitatem

100 521 172 585 quaa
194 501 231 563 ad
256 501 347 564 talem
371 502 593 578 delegationem
618 498 792 582 requiritur,
819 501 875 562 nisi
897 503 932 562 oa
953 501 1085 580 privatus

99 590 195 654 luerit
215 596 248 651 in
260 591 390 670 ‘paenam
411 591 527 667 delicti,
546 590 594 652 vel
612 591 670 652 nisi
692 589 825 653 amiserit
844 588 1029 650 transeundo
1047 588 1085 648 ad

100 686 217 741 statum
231 677 521 759 incompossibitem,
531 697 560 742 v.
578 699 607 759 g.
624 679 853 740 matrimonium
868 677 1084 752 contrahendo,

100 773 153 828 aut
167 766 370 848 ingrediendo
388 768 566 848 religionem
584 769 616 828 in
631 768 718 846 cujus
731 766 996 851 constitutionibus
1016 783 1085 844 pro·

100 854 247 918 hibertus
272 854 479 935 delegatorum
508 870 669 917 causarum
698 855 843 935 cognitio.
867 854 956 914 Ratio¹
983 859 1084 932 patet:

99 944 176 1006 edm
198 943 283 1005 enim
301 944 368 1006 talis
385 943 534 1024 delegatio
553 944 592 1004 sit
607 945 786 1024 personalis,
803 943 892 1004 debet
912 941 997 1020 sequi
1014 949 1085 1021 per·-

101 1049 228 1108 sonam,
244 1049 301 1094 nec
312 1029 498 1114 extinguitur
510 1032 567 1094 nisi
579 1033 710 1095 extincti
724 1034 863 1113 persona.
878 1029 1042 1091 Difficultas
1055 1029 1084 1090 in

101 1119 162 1181 hoc
176 1126 293 1201 puncto
300 1129 346 1182 est
353 1129 439 1202 posse
447 1121 616 1182 discernere
625 1119 973 1202 quandonamdelegatio
981 1119 1086 1198 sitper·

101 1209 231 1284 sonalis,
243 1209 439 1289 quandonam
453 1210 524 1272 rerd
535 1210 571 1270 sit
589 1211 688 1273 realis.
707 1207 751 1270 ad
766 1209 823 1271 hoc
837 1207 1084 1282 discernendum,

101 1298 205 1378 inquit
220 1298 353 1360 Sanohez
371 1293 440 1378 (qu
450 1301 481 1373 8,
497 1299 574 1380 disp.
588 1301 637 1373 37,
653 1309 685 1360 n⁰
699 1304 729 1377 3)
746 1316 754 1359 :
774 1301 868 1359 «Non
884 1296 1086 1377 principaliter

106 1407 123 1442 a
145 1385 382 1466 spectandum...
398 1405 435 1447 an
444 1387 591 1468 delegatio
601 1388 653 1448 liat
662 1405 803 1468 expresso
813 1386 936 1448 nomine
946 1383 1084 1465 delegati,

106 1495 122 1530 u
145 1475 575 1555 anexpressttajusdignitate:
590 1475 641 1537 sed
652 1476 729 1537 hano
738 1474 1007 1537 considerationem
1021 1489 1086 1534 essa

105 1584 123 1618 a
146 1561 289 1623 ultimum
305 1563 615 1643 remedium,quando
626 1582 736 1644 nempe
750 1581 788 1624 ex
802 1561 935 1642 subjecti
951 1557 1084 1635 materia,

106 1671 122 1706 ι
146 1649 1084 1732 ielexaliisverbisindispensationeoontentisdeducinequit.

106 1762 123 1793 u
146 1739 248 1809 Quare
263 1740 347 1819 prius
361 1746 431 1801 sunt
442 1739 499 1800 alia
513 1740 604 1801 verba
622 1747 651 1800 et
665 1739 798 1818 subjecta
812 1737 936 1798 materia
953 1754 1085 1817 perpen-

106 1850 123 1884 α
145 1826 248 1889 denda
256 1847 265 1902 3
282 1835 311 1887 et
325 1828 466 1908 quando,
482 1828 540 1889 illis
554 1828 725 1909 perpensis,
739 1846 788 1889 res
801 1826 899 1887 adhue
912 1825 1002 1888 dubia
1017 1842 1084 1886 ma*-

107 1937 125 1974 a
148 1923 218 1988 net,
240 1914 271 1976 id
294 1916 578 1994 dijudicandum'ex
601 1917 734 1978 nominis
755 1915 867 1998 proprii
888 1914 1015 1995 delegati
1035 1923 1086 1977 aut

107 2025 124 2062 e
146 2005 214 2084 ejus
225 2003 378 2086 dignitatis
392 2005 595 2085 expressione
612 2027 627 2063 u
646 2005 718 2065 m
696 2023 720 2066 sr
735 2005 766 2066 in
780 2003 966 2084 delegatione
986 2003 1085 2082 expri-

103 2091 1085 2194 montursimulnomenpropriumdelegatietnomendignitatis,

103 2180 333 2262 qualecumque
352 2181 485 2281 primum
510 2182 716 2263 exprimatur,
740 2188 825 2253 tune,
846 2181 930 2259 iuxta
954 2177 1088 2241 Sanchez

103 2269 161 2350 (ib.
167 2268 302 2349 ,n020),
316 2269 367 2349 qui
381 2277 481 2330 tamen
494 2278 555 2332 tres
564 2269 636 2332 alias
650 2269 812 2331 sententias
827 2267 926 2338 refert,
937 2267 1086 2346 delegatio

102 2355 247 2418 habenda
261 2365 352 2419 estut
366 2359 548 2438 personalis,
562 2358 718 2439 supposito
733 2375 851 2437 semper
865 2354 947 2436 qudd
965 2373 1001 2416 ex
1021 2357 1085 2416 aliis

102 2445 342 2508 circumstantiis
353 2463 440 2507 secus
452 2465 514 2506 non
530 2447 566 2507 sit
579 2445 790 2525 judicandum.

149 2555 166 2592 u
187 2534 219 2595 Si
236 2535 317 2610 veri),
330 2535 427 2616 inquit
444 2535 598 2596 Reiffenst.
612 2534 676 2616 (lib.
690 2539 718 2609 l,
739 2535 781 2596 tit.
798 2538 848 2610 29,
865 2540 901 2594 n⁰
916 2533 997 2616 129),
1009 2551 1083 2615 pen·

105 2645 124 2682 e
147 2622 219 2684 satis
229 2621 385 2698 omnibus,
396 2622 495 2685 adhue
503 2627 656 2686 remaneat
666 2623 793 2685 dubium
805 2641 843 2684 an
855 2621 930 2684 lacta
938 2621 1085 2704 delegatio

109 2735 124 2768 u
147 2711 187 2772 sit
208 2711 374 2791 personalis
394 2713 440 2773 vel
460 2714 566 2789 realis,
581 2719 655 2775 tunc
674 2712 823 2792 ejusmodi
843 2711 990 2792 delegatio
1009 2732 1084 2773 een-

108 2823 124 2856 «
147 2799 243 2860 senda
265 2807 309 2862 cst
326 2801 505 2879 personalis,
524 2819 578 2864 seu
596 2801 706 2863 intuitu
727 2819 862 2882 personae
880 2819 1034 2880 concessa,
1051 2821 1084 2864 ac

108 2911 124 2943 a
148 2886 276 2968 proinde
295 2907 357 2948 non
376 2889 524 2951 transiens
535 2890 572 2952 ad
587 2907 843 2952 successorem...:
859 2890 933 2951 ratio
951 2895 997 2951 est
1014 2893 1082 2970 quia

109 2999 124 3032 a
144 2975 314 3054 jurisdictio
328 2974 464 3058 delegata
477 2985 523 3040 est
536 2978 638 3040 odiosa
654 2985 683 3039 et
700 2978 799 3039 stricte
813 2978 1047 3060 interpretanda.
1065 3001 1080 3038 u

146 3071 178 3134 Si
193 3070 327 3153 parocho
347 3071 469 3136 cuidam
487 3075 726 3137 concederentur
743 3073 897 3136 laeultates
919 3075 1068 3136 extraordi

104 3161 213 3237 uariae,
235 3179 264 3222 v.
287 3180 317 3242 g.
339 3161 550 3224 absolvenda
573 3163 892 3244 quibusdam·easibus
915 3165 1081 3242 reservatis,
1133 3214 1137 3220 .

104 3252 197 3312 etiam
211 3247 304 3311 modo
317 3249 487 3327 indefinito,
505 3269 566 3312 non
580 3251 650 3313 indo
665 3251 911 3314 concludendum
927 3255 1005 3312 esset
1019 3251 1083 3316 illas

104 3339 263 3401 facultates
281 3345 490 3418 postmortem
509 3339 601 3420 ipsius
617 3346 668 3401 aut
684 3339 880 3402 mutationem
894 3338 958 3400 lore
974 3343 1082 3404 transi-

103 3435 188 3490 turas
201 3425 241 3488 ad
255 3425 350 3508 ipsius
361 3445 586 3504 successorem
602 3428 673 3508 quia
684 3447 720 3488 ex
733 3438 864 3490 usu'non
875 3427 1083 3511 intelliguntur

102 3532 258 3578 corrcassae
276 3515 335 3576 nisi
350 3515 400 3577 tali
419 3516 573 3596 parocho,
589 3511 725 3596 quamuis
744 3534 806 3578 non
821 3534 876 3577 suo
891 3518 1015 3579 nomine
1028 3519 1082 3581 de·

102 3608 287 3684 signaretur
312 3605 388 3666 item
409 3605 593 3667 facultates
584 3623 599 3666 a
620 3606 650 3665 S.
669 3604 746 3667 Sede
760 3622 911 3667 concessae
926 3607 1082 3688 Episcopis

101 3691 335 3773 dispensandi
327 3709 360 3754 m
382 3693 471 3756 certis
495 3691 737 3774 impedimentis,
763 3701 813 3755 aut
836 3691 1080 3756 communicandi

103 3779 402 3842 confraternitatibus
416 3781 632 3859 indulgentias,
648 3791 697 3842 aut
712 3783 769 3842 alia
790 3783 897 3843 similia
913 3799 965 3858 per
983 3799 1081 3840 unum
