2526 4210
546 213 673 230 W—

162 254 221 310 alo
436 225 592 306 rannessa
609 261 691 306 runis
710 258 861 306 canorum.

162 364 233 426 verb
246 366 285 424 lv
300 379 463 424 numerum
477 365 517 424 70
532 363 711 443 praelixerat,
723 361 761 424 ad
774 359 971 421 imitationem
986 365 1027 422 72
1044 363 1145 427 senio·
1257 369 1258 380 ¹

162 471 230 534 rum
246 451 298 531 qui
313 449 409 530 Moysi
421 450 598 512 assistebant
612 458 642 513 et
659 454 699 514 'lc
715 447 824 513 Christi
836 447 1069 528 discipulorum.
1084 449 1146 516 Sod

155 541 235 628 ⁴clun
250 539 315 601 haec
328 537 538 600 determinatio
553 557 615 601 non
630 539 685 602 luit
705 536 815 600 deinde
834 536 1006 614 observata,
1016 558 1149 618 praeser·

153 629 250 722 ytima
272 628 327 690 Pio
341 629 391 700 lV,
415 628 467 707 qui
490 632 530 689 76
554 627 727 690 Cardineles
747 625 864 700 habuit,
888 624 1013 686 tandem
1035 629 1068 690 in
1091 631 1150 692 sut

164 717 288 780 Constit.
306 716 476 796 Postquam,
494 716 595 779 Sixtus
608 719 633 777 V
644 732 808 778 numerum
823 715 863 775 70
877 713 1073 777 retinendum
1090 716 1150 779 de·
1258 709 1259 744 f

165 803 270 881 linivit,
282 823 340 868 nec
351 806 367 866 a
378 804 635 885 subsequentibus
648 802 845 869 Pantilioibus
857 801 1028 883 bucusque
1043 805 1075 865 in
1088 805 1154 868 hoc

166 892 220 956 luit
234 895 422 956 innovatum.
440 894 484 954 Ex
498 893 548 954 bis
564 899 667 955 autem
682 890 901 965 cardinalibus,
916 907 971 952 sex
991 899 1066 954 sunt
1080 893 1154 955 car·

166 981 281 1044 dinales
311 978 470 1061 Episcopi,
498 981 720 1062 quinquaginta
749 979 923 1042 Cardinales
954 981 1156 1060 Presbyteri,

167 1070 376 1150 quatordecim
398 1070 470 1131 vero
493 1069 666 1132 cardinales
685 1067 827 1143 Diaconi,
854 1073 884 1128 et
906 1068 1043 1145 cuilibet,
1066 1071 1159 1150 juxta
1259 1101 1260 1128 1

167 1175 257 1220 suum
272 1157 423 1232 ordinem,
440 1159 608 1239 assignatur
622 1155 812 1240 particularis
824 1155 969 1234 Ecclesia,
984 1158 1093 1221 titulus
1108 1159 1159 1221 vel

170 1245 318 1308 diaconia.

207 1334 350 1406 Ecclesiae
365 1335 569 1398 cardinalium
584 1335 805 1418 Episcoporum
818 1339 890 1396 sunt
904 1334 1062 1413 Ostiensis,
1078 1338 1160 1399 Por-

169 1424 296 1495 tuensis,
319 1425 507 1501 Tusculana,
531 1425 718 1500 sabinensis,
737 1423 933 1500 Praenestine,
953 1424 1160 1488 libanensis:

169 1531 239 1593 quae
260 1518 405 1576 vocantur
423 1514 567 1576 Ecclesiae
586 1513 820 1576 suburbicariae.
843 1511 949 1573 caeteri
976 1513 1049 1574 verb
1075 1513 1163 1577 tituli
1260 1527 1261 1544 ²

171 1602 377 1664 cardinalium
391 1601 638 1682 Presbyterorum
655 1609 685 1663 et
698 1601 901 1664 Diaconorum
916 1599 1009 1662 videri
1024 1608 1165 1681 possunt

170 1689 253 1771 apud
268 1691 419 1765 Ferraria,
435 1699 464 1750 v⁰
479 1688 665 1765 cardinalis,
682 1695 737 1752 art.
755 1694 783 1760 l,
799 1698 831 1749 n⁰
843 1694 894 1750 tl.

212 1781 282 1840 367.
308 1778 428 1850 Ouaerit.
446 1783 477 1840 2⁰
488 1781 707 1852 Quaenamsint
722 1795 850 1840 anunera
861 1775 1095 1839 cardinalium?

213 1869 303 1948 Resp.
319 1869 435 1929 Eorum
453 1885 581 1930 munera
599 1867 762 1948 respicere,
777 1865 824 1928 vel
847 1865 984 1947 proprias
1003 1865 1166 1930 Ecclesiae

68 1957 71 1962 ’
173 1973 228 2018 sen
242 1955 356 2031 titulos,
371 1957 418 2018 vel
433 1956 635 2025 universalem
650 1955 826 2019 Ecclesiam.

213 2047 247 2107 ln
262 2045 324 2107 suis
338 2044 430 2107 titulis
445 2045 629 2120 cardinales,
643 2047 705 2106 tam
719 2041 890 2124 Presbyteri
905 2043 998 2124 quam
1013 2044 1166 2121 Diaconi,

174 2135 306 2215 amplam
320 2134 431 2196 habent
444 2133 687 2213 jurisdictionem
706 2134 738 2195 in
752 2131 895 2194 omnibus
908 2150 978 2212 quae
997 2132 1036 2194 ad
1048 2151 1169 2197 earum

175 2223 378 2285 Ecclesiarum
392 2221 548 2285 servitium
564 2223 731 2303 pertinent;
749 2239 810 2283 non
826 2227 928 2282 tamen
945 2221 1027 2282 iniis
1042 2221 1170 2287 babent

174 2311 413 2391 iurisdictionem
428 2312 644 2393 episcopalem,
660 2317 692 2374 ut
707 2328 792 2372 nunc
811 2315 928 2371 certum
943 2318 986 2372 est
1007 2329 1061 2392 per
1081 2312 1171 2376 Con·

177 2401 237 2463 stit.
262 2401 409 2462 Romanus
425 2400 581 2481 Pontisec,
600 2400 618 2482 ξ
638 2403 668 2477 9,
692 2397 861 2461 Innocentii
881 2400 954 2472 Xll;
982 2399 1063 2461 unde
1088 2399 1173 2465 licet

177 2489 339 2570 episcopali
360 2498 510 2552 caractere
528 2489 587 2550 sint
601 2488 755 2569 insigniti,
772 2488 804 2549 in
823 2487 997 2567 hujusmodi
1013 2487 1173 2554 Ecclesiis

178 2596 240 2639 non
253 2588 380 2658 possunt
393 2578 514 2640 ordines
527 2579 656 2657 majores
671 2576 820 2640 conferre.

218 2666 390 2729 Cardinales
417 2667 587 2747 Presbyteri
608 2673 637 2728 et
659 2667 786 2728 Diaconi
804 2671 949 2728 tenentur
970 2665 1108 2729 residere
1136 2669 1174 2732 in

180 2756 242 2818 suis
255 2756 359 2830 titulis,
376 2756 449 2818 alias
462 2756 581 2831 iisdem,
595 2755 620 2816 si
629 2755 775 2818 canonice
790 2755 896 2816 moniti
913 2773 974 2816 non
989 2755 1126 2819 redeant
1141 2767 1176 2822 et

179 2843 341 2919 resideant,
358 2844 592 2927 suntprivandi.
614 2845 645 2906 Si
664 2845 724 2906 sint
737 2843 880 2926 Episcopi
895 2841 1040 2925 (exceptis
1054 2845 1175 2910 cardi·

181 2933 299 2996 nulibus
311 2932 553 3016 suburbicariis),
563 2932 596 2995 in
610 2934 665 2996 suc
679 2933 890 3015 unusquisque
904 2933 1071 3015 respectiva
1081 2933 1175 3000 dim·

181 3023 254 3099 cesi,
276 3024 407 3086 residere
426 3029 578 3086 tenentur.
598 3021 726 3095 Quando
749 3029 850 3085 tamen
872 3023 976 3084 Romae
993 3021 1136 3102 adstant,
1157 3029 1178 3090 a

181 3113 270 3176 Curia
283 3115 440 3189 Romana,
454 3113 509 3175 etsi
524 3112 586 3173 sint
597 3111 759 3193 Episcopi,
776 3129 838 3173 non
856 3116 983 3194 possunt
1004 3110 1178 3178 discedere

183 3201 248 3262 sinc
261 3202 381 3264 licentia
396 3201 505 3283 Papae:
523 3201 594 3282 quia
609 3206 679 3262 sunt
692 3199 787 3282 ipsius
799 3199 994 3276 collaterales,
1006 3205 1034 3261 et
1050 3199 1178 3267 debent

184 3289 211 3352 ei
224 3291 362 3353 assistere
384 3295 530 3373 tanquam
548 3289 738 3370 coadiutores
757 3287 790 3351 in
810 3288 988 3352 executione
1002 3291 1181 3370 pastoralis

184 3379 286 3441 ollicii.

224 3468 329 3539 Quoad
345 3467 511 3532 Ecclesiam
534 3465 747 3544 universalem,
772 3470 889 3531 vivente
906 3467 1000 3548 Papa,
1025 3466 1182 3536 ollicium

184 3556 388 3618 Cardinalium
413 3563 458 3620 est
478 3557 640 3637 ipsummet
663 3575 777 3619 munus
796 3558 994 3631 Senatorum,
1018 3573 1074 3618 seu
1097 3577 1185 3623 con-

186 3644 366 3707 siliariorum
391 3653 420 3708 et
445 3645 683 3723 coadjutorum:
710 3663 770 3708 non
795 3651 897 3707 tamen
922 3643 961 3706 de
985 3647 1183 3715 necessitate

187 3735 241 3794 ss.
261 3733 420 3795 Pontifices
444 3732 567 3795 illorum
596 3733 722 3798 consilio
741 3733 788 3798 rel
810 3734 924 3798 auxilio
942 3739 1094 3807 utuntur,
1121 3742 1183 3803 sed
