2590 4214
207 269 268 326 tat
484 281 635 324 scaurum
657 281 739 327 rums
760 281 909 326 cauouicr.

209 383 259 453 sit,
274 383 319 442 vel
341 388 490 462 repugnat
508 381 625 460 spiritui
647 381 799 455 Ecclesiae,
812 381 859 443 vel
879 383 946 462 ejus
964 383 1146 448 ministrum
1167 384 1194 444 in

208 474 420 551 contemptum
435 468 584 530 adducere
599 475 705 548 polest.
807 502 810 506 ·

252 563 321 621 596.
346 559 467 628 ttuaerit.
484 561 517 619 3⁰
529 558 658 629 Quinam
680 559 740 620 siut
761 559 886 621 effectus
909 561 1192 642 irregularitatuml

252 649 342 728 ltesp.
372 652 398 708 l·
413 647 660 723 urdettnttione,
678 655 757 726 patet
779 649 1032 728 irregularitatem
1053 651 1194 713 inhabili·
1286 719 1287 722 Ἴ

211 741 276 797 tare
290 738 328 798 ad
343 737 464 800 ordines
483 735 673 816 recipiendos
692 744 722 798 et
739 737 886 818 impedire
907 739 1083 820 legitimum
1109 757 1194 802 usum
1286 735 1287 750 ¹

212 836 440 908 susceptorum
455 824 537 887 unde
555 825 711 904 «graviter
726 834 847 906 peccat,
861 827 914 908 qul
930 829 962 888 in
977 829 1195 907 irregularitate

220 936 234 970 a
255 922 372 977 exercet
385 922 486 976 actum
500 913 633 996 ordinis,
658 920 709 975 aut
724 914 801 996 (eos)
813 916 976 996 suscipit...
997 917 1036 978 Et
1050 919 1096 978 sic
1110 918 1196 979 etiarn

220 1024 235 1059 a
255 1009 359 1084 peccat
374 1004 502 1084 gravit-ar
516 1003 689 1082 irregularis
701 996 868 1084 suscipiens
881 1005 1012 1084 primam
1026 1013 1196 1082 tousuram,

221 1114 235 1147 a
255 1092 333 1154 sicut
347 1093 514 1172 Episcopus
528 1092 579 1172 qui
595 1109 662 1152 eam
686 1091 728 1152 illi
744 1092 899 1155 confert...
923 1095 1103 1155 Notandum
1120 1094 1198 1176 qudd

217 1202 235 1236 a
255 1178 459 1261 irregularitas
482 1180 567 1240 nullo
591 1179 682 1240 modo
705 1181 801 1260 privet
817 1181 854 1242 iis
867 1182 1039 1243 actionibus
1053 1201 1125 1263 quae
1140 1201 1199 1244 uon

222 1292 235 1325 a
258 1269 417 1350 requirunt
426 1269 602 1331 exercitium
613 1269 736 1339 ordinis,
749 1275 779 1330 et
789 1289 864 1350 quas
874 1269 964 1331 etiarn
976 1271 1045 1332 laici
1057 1289 1200 1334 exercere

222 1380 236 1413 a
257 1366 382 1430 possunt
399 1378 405 1418 :
423 1365 457 1420 ut
470 1358 603 1438 racipere
618 1365 805 1420 sacramenta
819 1366 849 1420 et
863 1359 958 1420 olliela
978 1377 1110 1436 canere,
1125 1360 1201 1421 sicut

219 1469 235 1503 o
258 1454 285 1508 et
299 1446 436 1508 conferre
449 1445 596 1508 beneficia
613 1466 620 1506 :
640 1447 710 1527 quia
725 1447 790 1508 haec
804 1453 941 1528 spectant
961 1449 999 1509 ad
1021 1449 1201 1510 exercitium

224 1559 236 1590 υ
258 1535 472 1610 ‘iurisdictionis
494 1553 556 1596 non
580 1535 711 1610 ordinis;
727 1538 800 1598 item
821 1536 1016 1598 matrimonio
1042 1537 1199 1612 assistere,

221 1649 236 1680 a
259 1626 304 1686 vel
332 1625 486 1687 licentiam
511 1625 669 1686 assistendi
697 1625 783 1688 alteri
811 1625 962 1706 praebere,
978 1624 1159 1706 dispensare
1173 1626 1202 1686 in

224 1739 237 1766 a
259 1715 349 1786 votis,
370 1713 523 1776 absolvere
547 1712 565 1774 a
588 1714 741 1787 censuris,
765 1713 836 1776 dare
859 1713 1032 1776 laeultatem
1057 1714 1201 1776 audiendi

220 1827 237 1860 a
258 1803 499 1865 confessiones...
517 1825 532 1862 n
549 1805 593 1864 lta
608 1802 639 1866 S.
656 1805 792 1884 Lignea,
807 1803 860 1866 lib.
876 1809 906 1876 7,
925 1815 958 1864 n⁰
971 1806 1042 1864 ata.

259 1894 334 1952 Nota
349 1891 448 1953 adbuc
462 1892 544 1973 qudd
560 1892 749 1972 irregularis,
763 1893 817 1954 etsi
837 1893 966 1972 graviter
980 1897 1090 1972 peccet
1103 1911 1202 1954 sacro·

220 1998 287 2041 rum
309 1980 452 2042 ordinum
471 1982 576 2042 munia
595 1981 768 2062 implendo,
785 1982 900 2044 nullam
915 1986 1018 2042 tamen
1042 1988 1203 2062 propterea

217 2087 379 2132 censuram
392 2071 438 2130 vel
453 2069 541 2130 aliam
556 2070 804 2150 irregularitatem
819 2071 955 2132 incurrit.

261 2163 400 2220 Attamen
420 2159 472 2240 qui
494 2166 563 2220 ante
585 2160 750 2240 legitimam
770 2165 905 2235 aetatem,
922 2159 1051 2239 proinde
1066 2157 1146 2221 dum
1161 2166 1205 2222 est

221 2247 408 2328 irregularis,
425 2247 675 2310 subdiaconatum
690 2249 736 2310 vel
756 2249 830 2310 alios
850 2249 959 2309 Sacros
977 2246 1109 2309 Ordines
1124 2249 1205 2311 reci·

221 2342 320 2415 peret,
337 2337 506 2398 incurreret
519 2339 750 2418 suspensionem
765 2338 853 2417 Papae
874 2344 1075 2411 reservatam,
1094 2336 1139 2398 uti
1154 2356 1206 2399 ex·

221 2427 322 2504 presse
337 2430 481 2486 statutum
499 2425 554 2487 luit
573 2445 627 2508 per
642 2427 765 2488 Constit.
785 2425 859 2489 Clam
873 2445 911 2486 ec·
923 2444 1013 2500 sceau,
1030 2425 1076 2485 Pii
1091 2427 1130 2486 ll.
1148 2426 1206 2488 Sed

222 2531 282 2574 non
304 2514 430 2575 incurrit
454 2533 490 2575 eo
511 2515 576 2594 ipso
597 2515 845 2594 irregularitatem
872 2532 1022 2584 annexam
1049 2513 1205 2576 violationi

221 2621 357 2664 censurae
367 2603 410 2665 sic
424 2609 596 2681 contractae,
605 2605 660 2666 etsi
673 2604 859 2666 functionem
870 2603 916 2665 sui
930 2601 1046 2664 ordinis
1059 2601 1206 2685 adimple

222 2699 266 2752 ret
277 2693 307 2752 in
320 2693 411 2753 missa
422 2692 631 2768 ordinationis,
641 2692 779 2754 canendo
788 2713 817 2755 v.
832 2713 861 2774 g.
874 2691 1040 2773 Epistolam
1050 2691 1100 2754 vel
1110 2695 1207 2754 Euan-

223 2781 349 2859 gelium‚
363 2786 415 2841 aut
429 2782 635 2843 consecrando
650 2801 721 2843 cum
732 2781 893 2863 Episcopo
910 2784 953 2842 lta
966 2781 1170 2844 communius
1180 2791 1207 2843 et

224 2869 423 2935 probabilius
440 2870 523 2941 jnrta
550 2873 569 2930 S
607 2869 812 2946 intractabili.
838 2875 872 2943 6,
896 2881 931 2927 u⁰
953 2873 1027 2934 799.
1043 2867 1146 2930 dotia
1163 2871 1204 2931 3l.

222 2951 307 3014 Ratio
321 2956 365 3012 est
379 2950 450 3030 quia
469 2965 530 3008 nou
549 2951 626 3006 esset
641 2963 764 3024 aequutn
778 2946 860 3025 qudd
876 2945 937 3004 und
951 2943 1074 3004 actione
1092 2945 1201 3006 morali

221 3041 332 3120 duplex
347 3039 552 3100 incurreretur
563 3035 662 3112 poeua.
678 3033 783 3094 Ablata
797 3039 842 3093 est
854 3048 938 3110 susp.
949 3031 982 3091 C.
994 3029 1197 3110 ApatuSedia

261 3131 353 3190 Sacas
367 3131 444 3188 esset
457 3123 619 3184 dicendum
632 3122 668 3182 de
679 3140 715 3182 eo
730 3121 796 3202 qui,
808 3120 871 3200 jam
886 3126 956 3180 ante
971 3117 1201 3183 ordinationem

223 3219 329 3298 ligatus
358 3215 459 3294 aliqud
485 3213 631 3287 censura,
659 3215 812 3272 exerceret
839 3208 870 3268 ia
897 3207 964 3288 ipsll
993 3207 1201 3272 ordinationis

221 3306 324 3381 missa,
347 3303 516 3368 lunationes
539 3299 653 3360 ordinis
676 3298 752 3360 sacri
776 3315 868 3378 quem
890 3295 1031 3376 reecpit,
1058 3298 1201 3360 canendo

222 3391 396 3474 Epistulam,
409 3389 617 3470 Evangelium,
629 3387 848 3463 consecrando,
861 3391 918 3448 etc.
933 3407 941 3456 ;
954 3383 1003 3446 hic
1017 3386 1104 3448 certe
1116 3386 1203 3450 tieret

221 3479 519 3558 irregularispertale
529 3477 708 3540 exercitium
717 3475 860 3537 ordinum
873 3479 1101 3552 susceptorum,
1114 3475 1200 3557 quia,

222 3567 263 3628 uti
278 3565 426 3627 ridebitur
447 3565 535 3640 inira,
555 3564 729 3645 irregularis
752 3564 784 3625 stt
798 3563 851 3644 qul
865 3562 967 3642 aliqua
986 3561 1099 3643 ligatus
1123 3582 1200 3628 ceu·

221 3653 289 3714 surb
305 3651 472 3714 lanctiones
492 3653 618 3731 alicujus
632 3653 708 3713 sacri
723 3652 846 3714 ordines
861 3657 990 3714 exercet.

261 3737 431 3800 Notandum
452 3746 497 3800 ost
515 3748 616 3804 autam
635 3741 719 3818 qudd
738 3741 817 3803 dicta
838 3742 855 3803 a
877 3741 908 3804 S.
926 3685 1050 3820 Liguoffi
1079 3741 1148 3821 (lib.
1169 3749 1199 3822 Ἰ,
