2526 4210
141 273 197 330 280
413 283 563 328 serasera
585 281 667 326 runis
688 282 837 326 ceremur.

143 382 303 444 atium..
330 381 372 443 De
398 378 567 461 hujusmodi
589 388 684 440 autem
706 377 914 457 impedimento
934 376 1040 438 docebo
1063 398 1125 458 per

143 471 327 551 ‹r'lepttrrnas
334 469 530 552 pmbotrffones
548 467 588 529 ad
595 466 713 530 sancto
724 466 866 528 Romame
880 466 1023 527 Ecclestoe
1041 465 1117 529 Cor

143 579 159 617 a
178 557 306 619 deicolam
329 556 574 640 Proponentem
561 575 594 616 m
617 554 850 636 Concreputtone
867 553 901 616 S
921 553 1051 616 Concilii
1060 575 1125 636 per

143 668 158 706 a
177 647 378 729 supradictum
393 648 530 708 nuntium
544 643 793 705 transmittendos.
805 665 820 702 n

179 736 284 808 Quoad
300 736 499 816 frequentiam
521 733 696 812 hujusmodi
717 732 937 806 visitationum,
958 731 1002 794 sic
1025 731 1126 796 habet

140 823 316 886 constitutio
331 825 481 886 Romanus
496 820 638 902 Pontifex
647 821 720 882 ertr
732 822 774 880 V.
790 820 863 882 «Ad
873 819 967 882 hoc...
977 820 1131 892 debiturn¹

144 933 159 970 a
178 913 353 974 visitationis
367 911 589 994 explendum...
609 908 803 981 Patriarchae,
820 908 976 986 Friniates,
994 909 1129 972 Archia·

144 1023 159 1058 a
179 1001 293 1082 piscopi
308 1008 336 1062 et
349 1001 500 1082 Episcopi,
513 999 576 1060 ltali
588 998 728 1060 videlicet
737 997 782 1059 vel
795 1015 830 1059 ex
845 997 953 1058 ltalicis
965 998 1093 1060 lnsulis
1103 1049 1129 1078 .,

145 1109 160 1146 n
179 1089 258 1149 velut
274 1089 377 1166 Siculi,
394 1089 490 1165 Sardi,
506 1088 604 1160 Corsi,
621 1093 648 1147 et
662 1085 712 1148 alii
724 1085 926 1167 adiacentium
942 1085 1130 1150 Provincia-

145 1195 248 1237 arum
269 1177 360 1239 ltaliae
384 1197 419 1240 ac
440 1179 530 1240 etiam
555 1175 711 1237 Dalmatiae
737 1182 767 1236 et
793 1176 982 1251 Graecorum,
1006 1195 1084 1256 quae
1111 1180 1132 1239 ὸ

146 1285 161 1324 a
182 1265 304 1346 regione
318 1266 411 1347 ipsius
424 1265 514 1327 ltaliae
533 1271 561 1324 at
582 1264 690 1325 Siciliae
708 1263 770 1326 oris
789 1270 875 1340 sunt,
898 1263 986 1325 tertio
1008 1283 1103 1328 anno
1120 1288 1129 1342 ;

144 1374 159 1413 o
180 1355 321 1416 Germani
335 1354 424 1431 verb,
440 1353 533 1428 Galli,
549 1353 690 1433 Hispani,
708 1352 820 1433 Belgae,
834 1351 972 1430 Buhemi,
989 1355 1127 1435 Ungari,

144 1462 159 1500 o
180 1441 287 1524 Angli,
308 1442 404 1517 Secti,
421 1440 546 1504 Hilrerni
564 1449 593 1502 et
611 1441 711 1502 caeteri
731 1442 907 1521 omnesqui
932 1442 962 1502 in
985 1444 1131 1524 Europa

144 1551 159 1588 o
179 1537 249 1592 sunt
263 1531 336 1593 citra
353 1549 436 1593 marc
457 1529 669 1592 Germanicum
684 1536 714 1591 ct
733 1530 900 1604 Balneum,
917 1548 953 1592 ac
975 1533 1131 1597 omnium

144 1641 159 1677 a
179 1619 344 1683 insularum
359 1620 448 1682 Maris
460 1618 683 1694 Mediterranei,
698 1627 804 1701 quarto
814 1637 917 1694 ann0;
934 1619 1027 1701 etqui
1039 1619 1132 1687 intra

144 1731 158 1766 a
179 1709 310 1790 Europae
325 1710 400 1772 lines
415 1716 486 1772 sunt
499 1708 546 1770 his
561 1708 724 1791 provinciis
747 1709 943 1784 remotiores,
966 1727 1000 1770 ac
1025 1711 1132 1776 etiarn

144 1819 157 1853 a
181 1796 329 1875 Africani,
345 1798 496 1861 littoribus
508 1797 642 1874 adversi,
663 1817 698 1859 ac
709 1797 880 1859 lnsularum
896 1797 988 1861 maris
1002 1799 1132 1866 Oceani

143 1906 157 1941 «
179 1887 421 1966 septentrionalis
436 1894 466 1948 et
480 1880 674 1948 occidentalis
689 1888 818 1967 Europae
837 1891 867 1947 et
886 1885 1010 1963 Africae,
1038 1890 1132 1955 circa

143 1997 157 2030 a
178 1975 384 2037 continentem
407 1977 481 2037 Nori
505 1975 629 2038 Orbis...
650 1975 754 2057 quinto
772 1993 853 2036 anno
874 1995 881 2037 ε
900 1975 1023 2037 Asiatici
1046 1985 1134 2044 verb

143 2087 157 2122 a
179 2060 275 2144 etqui
295 2071 377 2126 extra
393 2065 494 2126 Asiam
508 2071 537 2126 et
554 2065 586 2124 in
608 2065 673 2125 aliis
691 2064 776 2126 novis
797 2063 883 2125 terris
897 2064 1108 2130 orientalibus
1123 2122 1131 2140 ,

143 2175 157 2209 a
179 2153 443 2228 meridionalibus,
458 2152 695 2215 occidentalibus
707 2159 736 2215 et
754 2153 1042 2235 septentrionalibus
1055 2160 1134 2223 lain

143 2265 157 2300 a
178 2243 209 2302 in
224 2243 332 2304 lnsulis
353 2245 446 2323 qu‘am
469 2241 498 2302 in
525 2241 775 2318 Continentibus,
801 2240 912 2303 decimo
934 2260 1037 2322 anno,
1065 2246 1133 2312 iter

142 2352 156 2389 a
177 2329 361 2412 suscipiant,
376 2338 404 2392 et
417 2331 480 2392 Deo
489 2329 693 2408 concedente,
706 2329 899 2411 perficiant...
913 2352 928 2390 a

581 2500 597 2582 s
618 2503 667 2562 rv.

334 2631 379 2692 Ile
388 2629 645 2692 administratione
658 2628 909 2693 Semiaom'orum.

174 2777 244 2836 tue
261 2773 767 2838 DesominariissichabetConcil.
778 2774 860 2837 Trid.
873 2793 947 2838 sess.
955 2781 1008 2857 23,
1020 2800 1048 2844 c.
1068 2789 1128 2866 l8,

138 2862 179 2924 De
193 2862 338 2943 reform

178 2973 193 3011 o
214 2954 323 3014 Sancta
337 2951 477 3033 Synorlus
491 2953 592 3014 statuit
606 2957 638 3013 ut
662 2952 789 3032 singulae
808 2951 1021 3032 Catbedrales‚
1046 2960 1124 3026 Me.

137 3041 384 3122 atropolitanae,
415 3047 504 3122 atque
527 3039 574 3101 his
596 3039 726 3120 majores
750 3041 912 3117 Ecclesia,
938 3061 996 3124 pro
1020 3051 1124 3118 modo

137 3129 347 3191 «facultatum
368 3141 397 3190 et
417 3128 555 3190 dioecesis
573 3128 789 3208 amplitudine,
805 3138 922 3192 certum
944 3151 1124 3213 puerorum

137 3237 152 3277 a
172 3216 265 3297 ipsius
280 3217 406 3279 civitatis
420 3225 448 3278 et
462 3216 598 3278 dioecesis
613 3217 700 3277 vel
675 3236 740 3294 erus
758 3217 931 3298 provinciae,
946 3240 972 3282 sr
964 3222 1027 3284 ibi
1049 3244 1125 3295 non

136 3327 151 3364 a
171 3307 374 3384 reperiantur,
392 3323 552 3366 numerum
568 3306 599 3365 in
622 3305 761 3386 collegio,
778 3305 815 3367 ad
835 3305 893 3369 hoc
913 3327 1009 3391 prope
1029 3311 1127 3394 ipsas

135 3415 150 3450 o
171 3394 312 3455 eeclesias
325 3394 372 3456 vel
386 3392 466 3456 alio
459 3412 490 3454 rn
504 3394 570 3456 loco
585 3394 797 3470 convenienti,
821 3395 859 3456 ab
877 3396 1029 3480 Episcopo
1052 3404 1124 3468 eli-

136 3503 151 3539 o
172 3479 290 3560 gendo,
308 3482 388 3544 alere
401 3501 437 3545 ac
451 3483 590 3563 religiose
604 3483 732 3546 educare
750 3490 779 3545 et
794 3484 1003 3548 ecclesiasticis
1017 3487 1125 3558 disci.

136 3567 261 3647 oplinis
281 3569 436 3633 instituere
456 3573 681 3634 teneantur.1n
701 3570 761 3634 hoc
780 3574 851 3634 verb
871 3574 1005 3656 tullegio
1030 3585 1125 3646 reci-

136 3653 309 3734 «piantur,
332 3658 384 3736 qni
405 3657 442 3720 ad
467 3660 629 3721 minimum
654 3663 691 3722 ta
715 3677 828 3736 annos,
855 3668 884 3724 et
909 3681 944 3724 err
972 3664 1126 3746 legitimo

136 3763 151 3800 a
171 3743 365 3807 matrimonio
380 3746 441 3807 nati
456 3747 525 3825 sint,
547 3766 583 3810 ac
600 3749 698 3826 legere
712 3755 741 3812 et
754 3708 886 3814 scribere
898 3759 1127 3835 competenter
