2616 4228
249 239 283 290 1¹2>
520 249 669 293 utendum
691 249 774 296 tuuis
796 251 944 298 CANONICI.

251 340 272 398 o
286 346 455 406 lessius...
477 347 529 424 qui
547 350 587 406 uit
604 344 738 424 obligare
760 349 879 408 tantum
902 350 932 409 in
954 351 1044 412 Curia
1066 354 1222 432 Romanii,

247 456 265 488 a
285 441 315 494 et
325 434 395 495 huia
408 433 562 494 adhaerent
573 433 667 494 Diana
680 441 710 494 et
722 432 783 494 alii.
801 437 860 495 Sed
872 437 1002 499 atiirmat
1016 440 1139 519 ittazzat,
1153 463 1224 506 oum

252 544 265 576 u
287 523 381 592 Azan,
397 523 524 598 Gourez,
540 529 617 596 etc.;
639 523 711 601 quia
731 521 776 583 sio
798 521 855 584 feu
875 527 986 604 praxis.
1002 549 1018 585 a
1044 529 1075 591 S.
1097 531 1221 612 Ligaar.

246 609 298 672 tib.
316 615 352 684 1,
370 613 437 672 toa.

285 699 363 760 Huic
384 700 540 761 sententiae
560 697 675 760 sortiter
698 697 830 760 adhaeret
854 703 889 762 D.
913 703 1030 781 Bouix,
1053 707 1107 786 qui
1123 709 1166 771 ait
1179 711 1224 788 (de

250 787 397 867 Princip,
415 808 443 867 p.
457 789 527 868 out)
543 805 550 846 :
570 809 585 844 u
598 785 721 866 Regulae
734 787 792 848 ittae
804 795 947 868 tanquam
965 811 1033 872 pars
1043 794 1123 872 iuris
1137 817 1223 860 cam·

248 899 265 932 «
287 880 388 937 munis
406 875 552 937 habenda
572 881 661 950 sunt,
685 893 747 936 uon
765 876 867 938 miuus
885 897 920 938 ao
941 888 1049 942 caetera
1064 885 1224 950 Pontitiois

251 987 266 1022 a
286 964 419 1028 decreta.
434 982 502 1044 quae
514 963 552 1024 de
565 962 721 1041 disciplina
735 965 895 1026 universali
910 967 1086 1046 disponunt.
1104 995 1120 1030 »
1147 977 1224 1038 Item

244 1053 333 1114 Gard.
350 1053 486 1126 Gousset,
499 1050 689 1132 Enposition,
706 1071 736 1132 p.
754 1055 821 1114 111.
840 1055 899 1116 Sed
914 1056 950 1117 iis
963 1077 1017 1137 por
1032 1060 1222 1128 concordata

246 1141 277 1200 in
290 1141 426 1222 pluribus
438 1140 494 1202 suit
507 1140 694 1219 derogatum.

368 1308 414 1379 ,vt
430 1339 465 1349 -
483 1309 522 1364 os
544 1321 751 1365 coususromua
774 1323 917 1373 aauruuus
945 1327 996 1370 usr
1021 1329 1091 1374 rous

612 1402 688 1445 sauss
707 1403 843 1447 asuarius.

335 1531 362 1578 1⁰
376 1531 411 1581 De
432 1533 523 1582 natura
547 1531 729 1581 consuetudinis
750 1535 773 1582 et
794 1533 868 1584 ratiis
895 1535 972 1598 ipsius
995 1539 1131 1602 speciebus.

285 1647 333 1705 70.
351 1677 389 1688 —
411 1646 433 1704 1.
458 1641 651 1705 Consuetudo
671 1641 709 1702 de
728 1643 790 1722 qud
813 1642 861 1704 hio
880 1645 977 1724 agitur
995 1665 1002 1706 :
1019 1647 1077 1709 alia
1091 1657 1137 1711 est
1147 1651 1225 1732 facti

243 1737 275 1791 ot
288 1732 431 1793 definitur
455 1752 462 1791 :
492 1754 507 1790 u
527 1730 686 1793 Similium
710 1729 837 1811 aiicujus
857 1736 1078 1797 communitatis
1098 1748 1222 1803 actuum

242 1821 422 1900 frequentia.
449 1819 514 1880 Alia
534 1826 578 1879 est
593 1818 677 1898 juris
695 1838 764 1899 quae
782 1826 903 1882 vocatur
910 1821 965 1902 jus
978 1843 1037 1885 non
1050 1828 1223 1910 scriptum·

243 1915 273 1968 at
292 1907 435 1968 definitur
448 1907 486 1967 ab
501 1905 613 1967 Isidoro
630 1925 638 1966 τ
669 1929 684 1965 u
701 1907 756 1968 Jus
769 1908 930 1988 quoddam,
947 1913 1078 1974 maribus
1093 1917 1221 1980 institu-

245 2005 307 2056 tum
332 1995 409 2076 quod
425 2015 483 2078 pro
506 1995 569 2076 ieqc
591 1995 770 2076 suscipitur,
793 1999 858 2058 ciem
886 1998 994 2074 deicit
1021 2001 1106 2063 iana
1133 2007 1218 2088 (Cap.

245 2084 425 2148 Consuetudo
438 2088 468 2159 3,
484 2084 554 2145 dist.
572 2087 599 2162 t)
616 2105 625 2161 ;
646 2094 674 2144 et
688 2085 806 2146 definiri
822 2087 910 2146 etium
927 2097 1022 2165 [intest
1039 2109 1045 2150 :
1069 2095 1154 2156 ulus
1164 2116 1222 2177 per

242 2174 390 2234 similium
404 2172 534 2253 alicujus
545 2173 766 2235 communitatis
779 2183 896 2235 actuum
910 2177 1111 2258 frequentiam
1121 2187 1222 2266 aequi·

241 2263 375 2324 situm».
692 2341 695 2346 Ι
925 2283 926 2286 ’

281 2362 395 2424 Dicitur
417 2381 424 2422 :
444 2365 474 2424 1ο
485 2361 685 2442 Frequentius,
700 2361 770 2440 quia
784 2365 869 2422 actus
884 2364 1050 2444 perplures
1064 2369 1218 2436 vioesde-

241 2449 313 2511 hent
327 2470 391 2511 esse
407 2450 523 2530 repetiti
538 2453 622 2528 juxta
639 2449 835 2529 prudentium
853 2451 1034 2531 arbitrium,
1057 2464 1091 2518 ut
1109 2458 1219 2525 dicunt

241 2539 464 2600 Saturionem
477 2539 576 2612 Patao,
590 2540 713 2611 Bonae,
728 2540 902 2613 Suar.,eto.,
913 2551 1016 2604 cantra
1030 2546 1129 2625 Less,
1142 2555 1214 2630 eto,

238 2627 291 2706 qui
321 2627 507 2688 contendunt
523 2625 599 2686 duos
612 2625 656 2686 vel
670 2631 731 2687 tres
746 2635 828 2689 actus
848 2629 983 2692 sufficere
1008 2634 1050 2710 (S.
1074 2635 1215 2718 Liguor.,

240 2715 290 2776 lib.
306 2709 334 2790 t',
351 2724 385 2774 n⁰
393 2715 473 2796 107).
1043 2743 1044 2746 ¹

276 2810 411 2870 Dicitur:
431 2814 462 2871 2⁰
478 2809 615 2890 Aiicujus
633 2811 870 2887 communitatis,
890 2833 949 2875 nou
965 2817 1212 2906 cujuscumque,

243 2897 370 2978 aedquae
388 2899 425 2959 sit
443 2918 536 2980 capax
562 2894 714 2980 potestatis
737 2900 906 2980 legislativae
933 2924 987 2984 pro
1012 2909 1132 2990 seipso,
1166 2915 1214 2978 vel

236 2986 339 3047 saltem
361 2987 512 3050 sufficiens
535 2998 566 3050 ut
587 3007 654 3048 vera
674 2990 720 3049 tex
740 2989 780 3049 itti
803 2991 894 3069 possit
909 2993 1023 3074 imponi
1041 2999 1161 3079 (Suam,
1177 3003 1213 3067 de

238 3076 304 3157 Lea.
321 3077 370 3136 tib.
386 3083 419 3152 7,
436 3095 502 3158 cap.
519 3083 555 3154 9,
572 3086 605 3138 n⁰
618 3079 661 3156 6).
685 3079 892 3158 communitas
910 3102 982 3162 erga
1004 3105 1073 3165 quae
1095 3088 1213 3155 familia

234 3165 357 3237 dicitur,
375 3183 434 3224 nan
450 3173 528 3228 esset
544 3165 712 3242 sufficiens,
731 3168 803 3246 quta
817 3167 865 3228 lex
880 3189 948 3232 vera
964 3173 1004 3232 tttt
1020 3175 1138 3256 imponi
1156 3199 1211 3244 ne·

232 3254 315 3332 quit,
333 3252 383 3314 s'ed
401 3265 585 3334 praeceptum
599 3256 728 3316 tantum.

270 3355 373 3411 71..-
395 3355 430 3413 11.
454 3351 644 3414 Consuetudo
668 3355 699 3410 1θ
716 3351 781 3412 Alia
804 3359 850 3414 est
870 3356 1023 3416 secuudum
1037 3358 1111 3440 jos,
1137 3383 1211 3446 quaa

231 3444 284 3496 aa*
295 3439 394 3518 legem
412 3441 781 3519 dubiamiuterpretatur,
802 3451 854 3503 aut
867 3445 1027 3506 confirmat
1040 3455 1070 3508 et
1084 3451 1210 3530 adjuvat

227 3524 406 3587 deducenda
421 3530 554 3609 inopus.
579 3529 642 3588 Atta
658 3537 771 3606 proter
780 3529 849 3607 jus,
869 3551 938 3612 quae
954 3534 1067 3614 aliquid
1085 3542 1208 3619 statuit,

231 3611 279 3672 ubi
293 3614 394 3674 detioit
408 3616 465 3678 lex.
483 3618 548 3678 Atia
561 3625 665 3678 contra
671 3617 725 3696 jus
737 3636 806 3696 quae
821 3619 918 3700 legem
933 3621 1067 3703 abrogat,
1084 3627 1131 3689 vel
1142 3648 1208 3695 non

227 3698 296 3760 sinit
312 3701 393 3762 ittam
406 3703 554 3782 obligare,
568 3705 690 3786 quando
705 3705 840 3767 nondum
856 3715 901 3769 est
912 3713 1046 3789 accepto.
