2562 4224
1136 149 1147 178 0

174 264 231 322 tlt
445 273 598 318 enarrarem
619 272 702 317 ruars
722 271 870 316 canonici.

176 373 346 435 aecclesia
370 377 540 433 serretur...
564 371 593 433 Si
617 373 688 434 roro
708 391 836 452 persona
861 369 994 432 matricis
1017 369 1151 433 ecclesia

175 461 307 524 anirum
330 460 475 522 idoneum
497 469 677 540 praesentare
698 461 866 534 distulerit,
897 459 941 521 vel
971 477 1051 533 opus
1077 459 1156 520 illud

176 573 190 610 r
210 550 338 612 voluerit
361 549 525 629 impedire,
551 555 583 610 tu
606 549 803 612 nihilominus
818 549 908 611 facias
921 548 1003 609 idem
1019 566 1098 630 opus
1112 547 1152 609 ad

177 639 425 722 «perfectionem
448 637 575 711 deduci,
600 646 628 698 et
655 639 751 700 virum
775 638 912 711 bonum,
940 637 1157 718 appellationis

211 733 346 792 cessante
361 725 507 807 diffugio,
523 727 679 788 instituere
692 747 752 788 non
769 729 899 790 omittas.
915 748 931 786 a

161 867 164 872 .
211 821 354 880 Innovate
368 815 424 877 luit
439 814 915 895 praelataConstitutiodlexandri
930 819 969 878 ΙΙΙ
982 818 1001 878 a
1015 819 1158 880 Concilio

196 907 268 981 rid,
282 925 353 967 sess.
371 909 420 974 at.
436 923 502 984 cap.
519 909 548 977 t,
565 904 617 966 ubi
633 904 761 985 tegitur:
782 927 796 963 n
812 905 969 986 Episcopi,
984 905 1074 967 etiam
1088 916 1146 968 tan

212 1014 302 1077 qnam
313 997 336 1054 A
336 993 491 1075 pastoliroe
504 991 590 1053 Sedis
603 991 740 1074 deleqati,
756 995 786 1054 iu
797 994 940 1056 omnibus
949 995 1144 1076 ecclesiispa-

177 1103 192 1140 c
212 1082 395 1144 rochialibus
410 1081 454 1142 ret
471 1080 710 1161 baptismatibus,
721 1082 751 1142 in
763 1083 873 1163 quibus
888 1083 1019 1163 populus
1033 1084 1074 1144 ita
1090 1103 1148 1146 nu-

178 1197 192 1228 «
215 1189 351 1233 rnerosus
365 1171 401 1231 sit
414 1177 447 1232 ut
460 1189 540 1232 unus
555 1178 653 1232 rector
663 1189 724 1232 non
740 1171 832 1251 possit
847 1171 985 1234 sufficere
999 1172 1158 1235 ecclesias·

179 1284 193 1319 a
214 1261 281 1322 ticis
299 1259 495 1321 sacramentis
513 1259 759 1320 administrandis
778 1267 806 1321 ot
826 1259 919 1322 cultui
941 1259 1043 1322 divino
1064 1281 1159 1342 pera·

180 1373 194 1408 a
216 1347 334 1430 gendo,
352 1356 460 1428 cogant
475 1357 619 1417 rectores,
637 1347 682 1410 rcl
697 1349 772 1410 alios
785 1349 823 1409 ad
838 1367 915 1429 quos
928 1351 1080 1430 pertinet,
1095 1353 1159 1413 sitii

180 1462 194 1497 r
216 1445 257 1500 tot
272 1437 440 1500 sacerdotes
455 1436 563 1502 adhoc
578 1454 690 1498 munus
704 1437 887 1519 adjungere,
908 1444 982 1518 quot
1001 1438 1159 1501 sufficiant

182 1551 196 1587 a
217 1527 255 1590 ad
269 1533 454 1590 sacramenta
473 1525 641 1588 exhibenda
655 1535 682 1587 et
699 1526 814 1588 cultum
834 1527 971 1588 divinum
993 1527 1161 1590 celebran-

181 1641 195 1678 c
217 1619 301 1680 dum.
324 1619 357 1678 ln
373 1616 410 1677 iis
431 1615 501 1677 vero
516 1615 546 1675 in
561 1615 684 1695 quibus,
700 1615 739 1678 ob
754 1616 890 1678 locorum
903 1615 1077 1678 distantiam
1090 1619 1163 1682 sive

183 1731 196 1765 n
217 1706 430 1788 difficultatem,
445 1703 618 1784 parochiani
632 1703 697 1764 sine
710 1722 817 1784 maana
833 1703 1015 1765 incommodo
1029 1705 1068 1766 ad
1085 1725 1163 1788 per-

184 1820 197 1853 a
218 1795 356 1876 cipienda
372 1800 558 1854 sacramenta
572 1798 602 1852 et
614 1791 714 1854 divina
726 1793 822 1854 officia
842 1793 991 1854 audienda
1008 1795 1165 1859 accedere

183 1906 197 1940 o
219 1903 281 1944 non
296 1887 438 1962 possunt,
456 1899 543 1942 acuas
556 1881 729 1962 parochias,
747 1882 835 1943 etiam
854 1882 958 1942 a'naitis
972 1883 1162 1965 rectoribus,

184 1995 197 2030 a
217 1972 300 2053 juxta
319 1969 446 2030 formam
467 1970 693 2031 constitutionis
710 1970 869 2032 Alexandri
886 1973 940 2044 ΙΙΙ,
964 1991 1033 2052 quae
1047 1973 1164 2054 incipit

178 2075 197 2117 u
219 2060 270 2122 Aa
281 2059 474 2134 audientiam,
491 2059 673 2120 constituere
687 2059 812 2140 possint.
828 2059 889 2120 Illis
901 2065 1002 2121 autem
1018 2063 1165 2124 sacerdo-

184 2175 197 2208 «
219 2151 318 2223 tibus,
335 2149 386 2230 qui
402 2148 439 2210 de
458 2167 536 2210 noro
550 2155 637 2210 crunt
650 2149 783 2210 ecclesiis
796 2149 911 2209 noviter
926 2149 1031 2211 erectis
1046 2152 1163 2230 praefr-

184 2263 197 2297 n
218 2237 334 2316 ciendi,
351 2245 525 2319 competens
539 2238 707 2317 assignetur
723 2237 819 2318 portio
832 2284 840 2314 ‚
855 2237 978 2299 arbitrio
991 2238 1164 2321 Episcopi,

183 2353 197 2386 a
218 2349 254 2392 ex
277 2329 423 2392 fructibus
441 2327 478 2389 ad
500 2327 665 2389 Ecclesiam
686 2327 844 2388 matricem
865 2327 1167 2411 quomodocumque

182 2443 197 2479 a
218 2417 463 2501 pertinentibus;
489 2423 517 2478 et
540 2417 563 2478 si
588 2434 710 2478 necesse
730 2415 834 2488 fuerit,
857 2417 1037 2497 compellere
1057 2423 1167 2498 possit

183 2532 197 2568 a
217 2510 364 2590 populum
376 2525 411 2569 ea
425 2505 670 2578 subministrare,
688 2525 757 2585 quae
771 2505 919 2566 sufficiant
933 2506 971 2567 ad
985 2505 1074 2567 vitam
1086 2507 1163 2573 dic-

183 2622 197 2658 a
218 2606 319 2658 torum
331 2595 521 2658 sacerdotum
536 2594 772 2656 sustentandam.
789 2617 804 2653 n

217 2691 286 2748 ΙΙΙ.
310 2689 348 2749 ΙΙΙ
362 2703 434 2765 orgo
449 2701 533 2744 norae
548 2683 699 2764 parochiae
712 2702 766 2764 per
780 2683 1078 2748 dismembrationem
1095 2695 1166 2755 eri.

178 2784 305 2858 garitur,
324 2775 407 2855 plura
423 2781 492 2836 sunt
510 2773 676 2834 necessaria
698 2792 705 2833 τ
729 2779 758 2834 et
778 2773 922 2853 quidem,
938 2781 1006 2836 ante
1024 2780 1162 2862 amnia,

82 2892 83 2896 ¹
177 2863 429 2946 aequiriturjusta
446 2881 535 2924 causa
551 2883 558 2923 ε
575 2881 684 2942 nempe
701 2861 838 2924 distantia
853 2863 900 2924 vet
914 2863 1052 2926 locorum
1067 2866 1164 2932 diffi.

178 2957 320 3028 cultata,
343 2953 507 3036 exquibus
528 2951 624 3014 evenit
646 2959 679 3014 ut
698 2951 870 3031 parochiani
890 2961 1061 3034 nequeant,
1083 2959 1164 3026 sina

177 3064 288 3126 magno
306 3041 516 3117 incommoda,
531 3041 569 3103 ad
581 3041 774 3122 percipienda
788 3049 973 3103 sacramenta
988 3044 1032 3105 vet
1046 3033 1165 3116 divina

177 3135 274 3197 cilicia
288 3133 437 3195 audienda
448 3131 600 3192 accedere.
617 3133 727 3210 Ingens
741 3131 844 3210 populi
861 3131 1018 3193 multitudo
1031 3153 1095 3196 uon
1106 3153 1163 3206 est

175 3245 230 3308 per
241 3245 269 3286 se
282 3242 371 3286 causa
386 3221 548 3294 sufficiens,
566 3219 621 3279 nisi
639 3220 713 3280 torte
734 3227 812 3280 esset
830 3220 1018 3283 exorbitans:
1034 3225 1164 3310 quippe

178 3321 297 3394 propter
311 3309 414 3394 populi
430 3309 676 3380 multitudinem,
699 3327 735 3369 ex
750 3309 883 3370 concilio
902 3310 1034 3373 Trident.
1056 3332 1162 3396 supra

177 3403 285 3476 relato,
307 3409 438 3462 rectores
461 3397 652 3459 solummodo
673 3405 741 3458 sunt
762 3397 888 3477 cogendi
905 3399 940 3459 ad
960 3401 1015 3461 sibi
1033 3401 1162 3482 adjun-

177 3491 291 3573 gendos
305 3497 347 3550 tot
360 3489 485 3549 vicarios
499 3495 573 3568 quot
587 3488 713 3567 requirit
733 3487 900 3566 parochiale
914 3490 1135 3560 ministerium.

215 3579 319 3652 Quorul
340 3585 462 3639 cataras
482 3577 671 3638 conditiones
689 3585 719 3637 ct
741 3575 932 3638 torruatitates
947 3579 1163 3652 observandas
1233 3641 1246 3660 ‚

173 3672 207 3736 in
221 3667 394 3747 hujusmodi
408 3665 739 3739 dismembrationibus,
753 3665 820 3728 vidc
835 3674 969 3729 nostrum
985 3671 1158 3753 tranacta,

177 3767 209 3820 n⁰
223 3762 292 3829 3ΙΙ,
308 3765 365 3818 otc.
