2616 4228
239 297 259 356 6
512 305 664 351 nrrururn
686 303 768 349 auara
789 301 939 347 canourcr.

279 413 327 472 li.
351 413 523 472 Pnorosrrro
534 398 876 470 l·.-Estqucctesici,
887 401 1042 462 consulum
1055 404 1202 470 directim

236 497 366 560 sedrueru
383 506 513 580 potestus
532 493 700 576 lepislutivu
713 488 852 552 condendi
864 488 940 570 leqcs
959 490 1049 552 etlam
1072 493 1114 554 ud
1131 504 1206 558 cetur

237 589 398 649 ectcrr'ores
411 587 584 668 obtipoutes.

277 676 362 749 Quod
380 677 417 738 sit
431 677 463 738 in
477 673 611 737 Ecclesid
625 676 759 754 potestas
769 667 932 750 legislativa
945 667 984 730 ad
1003 671 1168 750 regendam
1181 681 1212 738 et

238 765 467 848 gubernandam
489 763 623 825 fidelium
649 761 840 830 societatem,
863 759 988 820 assertio
1011 766 1056 820 est
1073 760 1112 824 de
1137 761 1208 844 lide,

181 885 185 890 ·
236 855 319 932 iuxta
335 857 445 917 Suarez
458 853 514 932 (Dc
528 854 613 934 Lep„
627 850 679 911 lib.
691 853 721 926 3,
736 867 803 929 cap.
821 847 864 927 l).

275 944 367 1006 Proh.
383 947 476 1006 1⁰.-
488 941 544 1004 Ec
562 937 752 1021 Scripturd:
778 936 879 999 «tibi
902 935 980 999 dabo
1001 937 1102 1001 claves
1123 943 1207 1022 regni

239 1033 474 1096 «emiorum...
500 1029 720 1110 Quodcumque
746 1026 884 1108 ligaveris
907 1044 999 1107 super
1021 1033 1132 1091 terrem
1153 1031 1209 1093 erit

239 1143 254 1180 a
276 1121 400 1201 ligatum
414 1127 443 1183 et
457 1121 488 1182 in
501 1120 608 1183 coelisn
627 1116 758 1202 (Alaun,
773 1134 801 1179 c.
819 1119 868 1186 lo,
880 1134 908 1178 v.
924 1115 987 1198 ru).
1001 1117 1123 1180 uPasce
1138 1137 1211 1182 oves

238 1230 254 1268 c
275 1227 385 1272 meas»
398 1209 547 1292 (loan.,c.
557 1208 767 1286 at,r.tu).ltx
779 1205 828 1266 his
838 1204 936 1266 verbis
948 1205 1108 1268 manifeste
1117 1207 1208 1271 dedu·

235 1298 315 1360 citur
338 1298 439 1360 datam
463 1315 528 1359 esse
542 1296 640 1374 Petro,
655 1301 686 1358 ct
707 1293 835 1376 proinde
857 1293 953 1374 ipsius
971 1296 1204 1372 successoribus,

235 1393 412 1468 potestatem
439 1386 564 1466 regendi
591 1391 622 1448 et
646 1383 833 1466 gubernandi
862 1383 1035 1446 societatem
1058 1382 1203 1450 fidelium.

237 1496 254 1533 r
275 1476 427 1538 Attendite
444 1476 530 1539 vobis
544 1482 573 1537 et
586 1475 727 1537 universo
746 1472 850 1553 gregi,
871 1471 902 1532 in
924 1490 985 1552 quo
1004 1490 1059 1535 uos
1080 1474 1209 1555 Spiritus

237 1585 253 1622 ι(
273 1565 403 1628 Sanctus
425 1565 527 1648 posuit
545 1565 710 1646 Episcopus
725 1580 826 1644 repere
839 1559 1005 1622 Ecclesium
1019 1561 1106 1623 Dei»
1126 1560 1203 1644 (Act.

233 1653 353 1734 Apost,
369 1674 397 1718 c.
411 1659 462 1733 20,
477 1674 504 1716 v.
521 1653 585 1736 28).

247 1761 252 1771 ·
273 1742 319 1804 Ad
334 1744 450 1823 praxim
464 1743 657 1806 deduxerunt
674 1741 752 1803 hanc
773 1743 948 1820 potestatem
968 1739 1120 1820 Apostoli,
1135 1741 1205 1804 cdrn

231 1835 300 1911 post
312 1831 476 1894 concilium
494 1830 802 1911 Hierosolymilanurn
820 1827 959 1890 dicebant
975 1844 983 1888 ε
1002 1829 1141 1891 «Visum
1161 1838 1207 1894 est

234 1939 250 1978 u
270 1919 394 2001 Spiritui
407 1922 517 1982 Sancto
529 1930 558 1982 et
571 1919 664 1981 Nobis
677 1918 751 1979 nihil
764 1915 842 1982 ultra
852 1917 1000 1998 imponere
1011 1917 1097 1979 vobis
1105 1919 1209 1982 oneris

234 2027 249 2064 e
270 2025 363 2088 quarn
377 2008 443 2071 haec
462 2008 645 2083 necessaria,
666 2015 700 2069 ut
718 2004 893 2068 abstineatis
910 2022 965 2068 vos
985 2003 1024 2067 ab
1044 2005 1209 2070 immolatis

233 2118 248 2152 u
269 2097 501 2161 simulacrorum
522 2104 552 2159 et
570 2095 719 2178 sanguine
739 2102 770 2158 et
789 2093 934 2157 suffocato
949 2113 966 2153 s
984 2093 1064 2174 (Act.
1085 2097 1203 2178 Apost,

229 2203 257 2246 c.
275 2189 324 2260 15,
340 2206 368 2250 v.
381 2189 421 2250 28
437 2193 467 2250 ct
484 2190 544 2264 29).
556 2186 632 2248 Vide
647 2184 747 2246 adhuc
763 2185 886 2265 Epistl
908 2182 946 2245 ad
966 2181 1096 2248 Timoth.
1110 2203 1139 2248 c.
1154 2189 1208 2266 ld,

229 2278 360 2347 r.19,et
373 2294 400 2338 c.
417 2278 447 2349 3,
463 2295 492 2339 v.
508 2279 538 2338 2.

267 2363 388 2428 Probat.
404 2368 437 2429 2⁰
452 2363 612 2448 Expressit
623 2361 856 2447 definitionibus.
873 2361 984 2426 Praeter
997 2363 1112 2426 Concil.
1128 2365 1202 2428 Flo·

228 2461 321 2524 rent,
335 2455 378 2517 sic
389 2453 517 2518 habetur
528 2455 558 2516 in
572 2472 646 2518 sess.
660 2459 690 2525 7.
707 2459 809 2517 canl
828 2454 943 2517 Concil.
962 2454 1096 2516 trident.
1113 2475 1122 2516 r
1141 2457 1204 2518 «Si

231 2566 246 2602 u
266 2544 335 2625 quis
353 2543 462 2606 dixerit
475 2545 636 2625 baptizatos
654 2544 765 2605 liberos
784 2561 851 2605 esse
871 2544 909 2605 ab
927 2542 1071 2606 omnibus
1091 2554 1204 2609 sanctae

231 2654 246 2689 c
266 2633 408 2696 Ecclesiae
422 2635 631 2716 praeceptis...,
643 2633 683 2695 iu
697 2639 731 2696 ut
744 2650 780 2695 ea
793 2632 951 2696 observare
966 2649 1032 2696 non·
1042 2638 1205 2699 teneantur

231 2743 245 2778 r
267 2722 327 2783 uisi
336 2742 366 2786 se
374 2722 426 2784 suci
435 2723 608 2806 spumeum
618 2721 1120 2800 submitterevoluerint,anathetna
1129 2723 1198 2786 sit.»

267 2810 353 2874 Bulla
367 2814 525 2875 Auctorem
538 2812 610 2896 fidei
625 2813 668 2875 sic
682 2811 773 2874 habet
786 2820 819 2873 n⁰
833 2817 853 2874 4
869 2830 878 2874 τ
898 2812 1095 2894 «Propositio
1115 2813 1207 2877 affir·
1281 2843 1282 2846 ¹

231 2917 355 2964 amans
373 2901 495 2964 abusum
514 2903 580 2985 fore
603 2902 790 2963 auctoritatis
814 2901 973 2974 Ecclesia,
999 2901 1206 2983 transferendi

230 3009 246 3042 u
266 2989 352 3052 illum
368 2989 452 3053 ultrd
467 2990 579 3054 liariter
591 2990 735 3054 doctrinm
748 3009 874 3068 morum,
889 3001 918 3054 ct
938 3011 1002 3053 eum
1020 2991 1206 3055 extendendo

230 3097 245 3133 u
264 3077 363 3141 adres
376 3081 549 3158 errorores,
562 3089 661 3162 etper
679 3081 740 3141 cim
757 3080 899 3162 caluendo
912 3079 946 3141 id
964 3078 1043 3162 quod
1052 3081 1160 3162 pendet
1187 3083 1206 3144 d

229 3167 449 3248 «persuasione
468 3177 499 3230 ct
519 3167 626 3244 corde;
645 3169 706 3230 tium
726 3170 814 3232 etium
839 3167 933 3230 multd
954 3169 1053 3230 minias
1073 3168 1114 3231 od
1134 3189 1205 3232 eum
1279 3181 1280 3213 l

229 3275 244 3313 c
259 3258 427 3337 pertinere,
447 3259 567 3339 carpere
576 3277 632 3339 per
644 3258 704 3320 uim
721 3259 898 3321 austeriorem
914 3257 1122 3339 subjectionem
1136 3258 1204 3322 tuis

228 3364 243 3400 u
263 3345 1204 3420 decretis:Quatenusindeterminatisillisverbis‚e.rteudeudo

184 3474 187 3484 .
228 3453 243 3490 c
261 3433 360 3496 adres
373 3437 549 3513 celeriores,
565 3435 742 3499 notetvelut
753 3437 882 3500 abusum
897 3437 1080 3500 auctoritatis
1093 3438 1202 3500 Eccle·
1220 3487 1233 3496 .
1277 3489 1278 3498 ἶ

227 3542 242 3579 ι
264 3521 334 3598 siae,
349 3540 439 3586 usum
452 3526 517 3603 ejus
529 3525 683 3606 potestatis
695 3533 826 3608 acceptae
839 3528 942 3603 aDeo,
954 3528 1015 3607 qud
1024 3526 1070 3588 usi
1084 3531 1200 3590 suntet

227 3631 242 3666 u
263 3609 383 3691 ipsimet
397 3613 530 3693 Apostoli
546 3615 577 3675 in
596 3613 755 3694 disciplina
775 3616 921 3678 exteriore
938 3615 1148 3678 constituendt
1168 3624 1200 3680 et
1276 3637 1277 3660 ³

225 3699 489 3762 «sanciendtz-
503 3702 654 3766 haeretico.
680 3704 745 3774 Oua
766 3711 849 3786 parte
871 3704 1006 3767 insinuat
1030 3704 1199 3767 Ecclesiam

227 3806 241 3842 c
260 3803 322 3847 non
338 3785 448 3850 habore
460 3790 667 3851 auctoritatem
687 3792 884 3861 subjectionis
901 3793 963 3852 suis
980 3791 1109 3853 decretis
1128 3793 1196 3855 exi·
