2616 4228
222 209 243 266 2
494 225 646 282 recucurri
670 224 752 271 runis
772 222 923 268 cnnourcr.

259 317 316 380 lus
326 325 370 380 est
385 321 430 382 vol
444 323 578 386 naturale
595 323 642 386 vel
657 322 827 404 positivum.
848 319 991 382 Naturale
1003 327 1049 382 cst
1062 322 1196 403 comple-

221 405 272 468 xio
284 405 502 490 obligationum
518 430 587 493 quae
598 411 638 474 ita
653 409 823 474 necessario
838 407 938 470 lluunt
950 426 987 470 ex
1002 408 1055 470 Dei
1071 415 1102 470 ct
1114 429 1196 474 crea·

221 499 358 558 tororum
376 501 506 575 nature,
524 507 558 563 ut
583 519 645 563 non
660 499 776 582 possint
790 516 852 560 non
867 497 1005 560 existere.
1032 497 1196 563 Positioum

221 589 266 646 est
279 585 352 648 illud
365 587 449 668 quod
462 588 576 665 libert,
606 589 667 652 sivo
682 587 755 663 Dei,
781 587 842 648 sive
860 585 1012 660 hominis,
1040 587 1196 652 voluntate

221 672 277 737 luit
287 675 483 740 constitutum
498 699 505 741 :
520 679 602 742 uude
624 677 704 741 uliud
720 681 766 738 est
779 675 931 748 divinurn,
944 681 973 736 et
985 675 1066 738 aliud
1080 675 1193 740 huma·
1284 685 1285 690 ’

214 776 307 840 snum.
323 767 434 828 Itenrm
442 766 498 850 jos
511 767 669 829 homonum
692 767 802 828 intres
822 763 938 845 species
958 763 1121 827 dividitur:
1144 766 1194 848 jus

220 849 456 938 ecclesiasticum
475 873 606 936 nempe,
625 856 675 934 jus
688 854 775 917 civile
789 859 819 915 et
831 853 880 931 Jus
895 852 1043 933 gentium.
1059 853 1114 915 los
1126 875 1195 936 pen·-

223 941 297 1001 tium
311 947 357 1003 est
367 941 441 1004 illud
455 963 517 1025 quo
530 949 655 1006 utuntur
666 961 774 1005 omnes
787 942 833 1004 vel
848 941 910 1004 lere
935 959 1043 1004 omncs
1063 950 1191 1022 gentes3

221 1028 268 1091 lus
278 1029 365 1092 civile
379 1031 473 1112 quod,
490 1051 544 1113 pro
559 1032 640 1095 bono
654 1031 811 1114 temporali
825 1029 1017 1112 reipublicae,
1033 1031 1071 1092 ab
1084 1037 1192 1096 aucto·
1284 1113 1285 1116 Ἴ

220 1117 305 1180 ritate
319 1119 399 1182 civili
410 1121 601 1184 constituitur
609 1142 619 1196 ;
640 1121 695 1203 jus
708 1122 781 1185 vero
796 1119 1017 1182 ecclesiasticum
1032 1165 1041 1195 ,
1055 1118 1136 1182 idern
1150 1128 1195 1185 cst

220 1225 255 1269 ac
266 1209 316 1286 jus
329 1209 510 1272 canonicum
523 1258 532 1288 ,
546 1209 585 1272 de
599 1229 661 1292 quo
675 1216 720 1273 est
733 1208 887 1291 agendum
899 1206 931 1269 in
950 1213 1013 1270 toto
1027 1207 1168 1273 discursu
1186 1259 1193 1288 ‚

102 1367 105 1384 .
221 1295 303 1377 quod
315 1296 444 1378 proinde
454 1305 500 1360 est
512 1298 563 1361 hic
576 1295 716 1364 accurate
730 1296 950 1360 deliniendum.

259 1389 290 1448 3.
312 1387 349 1448 Il.
372 1386 410 1448 Et
434 1387 586 1468 quidem,
609 1387 708 1470 quood
741 1405 875 1461 nomen,
908 1404 966 1448 vox
984 1387 1195 1452 concuterent

220 1492 320 1555 graeco
342 1501 411 1535 aar„
429 1477 521 1553 venit,
542 1477 620 1557 qood
640 1476 791 1558 significat
815 1473 954 1556 regulam
978 1475 1038 1552 qut
1064 1475 1195 1540 artifices
1285 1539 1286 1546 ,

220 1569 348 1627 utuntur
370 1565 409 1628 od
436 1565 531 1628 lineos
549 1565 731 1646 dirigendas.
753 1564 826 1626 Aliis
853 1563 943 1626 etiam
970 1562 1123 1626 vocabulis
1143 1565 1194 1646 ius

219 1652 300 1716 istud
323 1653 561 1717 denominatur:
589 1652 807 1717 diciturenim
827 1652 882 1735 jos
910 1651 1138 1714 ecclesiasticum
1166 1663 1196 1718 ct

218 1760 357 1821 surum,
381 1743 452 1824 quio
473 1743 512 1804 de
527 1746 665 1824 personis
678 1750 707 1805 et
720 1742 812 1805 rebus
826 1740 921 1804 sacris
932 1748 962 1802 et
984 1741 1195 1807 ecclesiasticis

145 1873 150 1888 .
219 1831 301 1910 ogit,
316 1836 346 1893 ot
356 1831 451 1894 lutum
466 1837 512 1894 est
529 1832 731 1895 ecclesiastico
742 1851 796 1893 seu
810 1834 896 1892 sucrtt
907 1835 1062 1910 potestate.
1079 1831 1195 1896 Dicitur

219 1918 310 1980 etiarn
328 1919 536 2002 pontificium,
562 1920 634 2001 quia
658 1921 675 1982 u
696 1919 830 1982 romanis
844 1917 1064 1995 Pontificibus,
1085 1919 1194 1983 saltem

220 2009 330 2088 mugnt
341 2026 378 2070 ex
392 2013 487 2089 porte,
501 2016 546 2071 est
561 2009 770 2071 constitutum.

259 2101 290 2159 t.
313 2096 417 2169 Quoad
425 2117 485 2159 rem
493 2098 580 2160 vero:
595 2097 641 2160 vel
656 2096 863 2160 consideratur
873 2114 881 2158 :
892 2099 922 2158 1ο
933 2096 964 2157 in
978 2095 1194 2177 sensu'stricto,

219 2183 251 2248 id
263 2192 308 2248 est
319 2186 403 2267 juxti
415 2204 466 2249 eus
478 2188 595 2249 tuntum
614 2186 697 2268 leges
708 2204 777 2267 quae
800 2184 1025 2247 obcuntoritate
1041 2185 1199 2250 ecclesius·
1286 2191 1287 2240 l

218 2273 293 2348 licto,
315 2293 490 2356 supremam
513 2281 545 2338 et
563 2275 764 2338 universalem
788 2273 1027 2352 iurisdictionem
1043 2273 1192 2356 habente,

218 2365 339 2427 sancitae
350 2369 436 2441 sunt;
451 2369 481 2427 et
490 2364 533 2427 sic
544 2364 741 2442 intellectum,
752 2364 834 2425 reott
843 2361 963 2424 definiri
977 2367 1075 2443 potest
1086 2381 1096 2425 ε
1109 2362 1190 2429 Com·

216 2452 321 2532 pleuto
334 2453 432 2534 teporo
446 2454 625 2514 auctoritate
639 2455 734 2534 Popoe
747 2452 940 2533 firmatorum
955 2450 1080 2532 ‚quibus
1092 2452 1194 2536 fideles

217 2539 258 2601 od
268 2541 357 2623 finem
370 2540 513 2604 Ecclesioe
523 2542 678 2623 proprium
689 2540 878 2622 diripientur.

257 2629 373 2692 Dicitur
389 2630 638 2692 :1⁰ouctoritote
659 2631 753 2710 Popoe
772 2630 987 2712 firmatorum,
1007 2647 1070 2692 non
1089 2636 1191 2695 autom

215 2719 449 2780 constitutarum
464 2764 473 2794 ‚
495 2724 547 2781 aut
560 2717 814 2800 approbatorum:
834 2718 905 2800 quio
918 2717 1028 2798 injure
1042 2721 1191 2785 canonico

215 2811 287 2869 sunt
312 2807 415 2869 multae
428 2807 510 2888 leges
521 2808 599 2886 iuris
615 2806 724 2881 divini,
740 2813 805 2870 tum
829 2806 992 2886 naturalis,
1007 2812 1072 2869 turn
1098 2809 1191 2873 etiam

216 2895 333 2976 positivi
348 2943 355 2969 ,
369 2913 438 2978 quoe
453 2915 511 2960 nec
527 2896 651 2959 fuerunt
662 2898 680 2958 t
693 2897 775 2978 Papt
788 2896 973 2974 constitute,
996 2914 1055 2960 neo
1068 2900 1190 2980 proprio

215 2985 398 3065 approbetae,
410 2985 463 3048 sed
477 2985 577 3048 solnm
590 2985 628 3048 ob
643 2985 709 3067 ipso
722 2986 878 3050 declaratae
892 2990 923 3048 et
931 2985 1100 3049 executioni
1119 3005 1189 3070 spe-

214 3073 329 3135 cialiter
341 3074 503 3138 mcndotae.

254 3162 371 3225 Dicitur
388 3167 445 3225 :2⁰
469 3161 575 3246 quidue
600 3163 701 3246 fideles
713 3163 754 3226 od
762 3164 852 3247 finem
871 3162 1014 3228 Ecclesioe
1027 3170 1188 3247 proprium

214 3250 391 3333 diripientur
400 3271 413 3315 .·
427 3253 540 3316 scilicet
553 3252 591 3315 ad
605 3253 757 3335 spirituale
772 3254 887 3316 honum
895 3262 1101 3336 aeternumque
1114 3255 1188 3320 beu·

214 3340 384 3403 titudinem.

253 3433 284 3490 5.
308 3431 362 3492 Vel
377 3430 663 3494 consideratur2⁰in
680 3449 771 3495 sensu
783 3432 1184 3516 letiorcetminusproprio;

213 3521 243 3579 el
256 3517 424 3581 definitur:
451 3519 623 3602 t'ompleuio
651 3522 746 3602 lepom
769 3524 787 3584 ri
814 3541 990 3604 quorumque
1008 3532 1185 3605 potestatem

215 3605 412 3688 lepr'slotr'vom
419 3609 583 3690 possidente
594 3609 626 3670 in
639 3608 744 3672 Ionum
755 3610 890 3693 fidelium
897 3611 1105 3694 firmaturum:
1121 3619 1184 3697 qud

217 3695 392 3760 delinitione
406 3698 704 3779 comprehenduntur
725 3720 787 3762 non
802 3701 900 3763 solum
922 3701 1003 3785 leges
1017 3704 1035 3766 t
1049 3705 1080 3765 S.
1097 3705 1181 3766 Pon-
