2562 4224
205 297 261 354 120
478 301 630 346 auruum
649 299 732 344 runis
752 297 902 343 cauoumr.

241 406 310 466 233.
334 401 458 473 Quaerit.
476 406 506 464 l⁰
523 405 570 463 An
584 400 712 463 omnino
727 400 765 460 sit
780 398 948 460 necessaria
963 397 1102 460 institutio
1116 413 1143 458 ca

206 491 314 554 nonica
327 489 355 551 ei
369 491 421 570 qui
435 491 520 552 obire
530 490 593 551 vult
602 488 724 570 aliquod
735 486 869 548 officium
883 485 1129 548 ecclesiasticum?

209 627 211 640 .
244 574 1148 660 Resp.Affirmant,etprobaturl⁰exverbissshristi(toann.

207 687 273 748 cap.
289 672 337 743 10,
350 687 378 729 v.
396 667 427 748 l)
442 687 449 728 :
468 669 551 743 «Qui
567 686 628 729 non
638 667 730 728 intrat
739 683 793 747 per
806 665 919 724 ostium
934 663 965 723 in
975 664 1051 725 ovile
1064 663 1151 725 ovium

209 777 228 838 ¹a
248 756 300 817 sed
315 755 450 818 ascendit
470 755 608 833 aliunde,
624 755 673 816 ille
690 754 738 816 fur
752 757 841 814 estet
863 752 949 812 latro.
971 753 1111 813 »Intrare
1122 767 1160 830 pei

201 887 203 893 ι
217 843 577 906 istiumeatcerteintrare
586 843 814 924 perlegitimam
824 857 1001 902 missionem
1009 838 1155 922 superioris

213 949 264 996 seu
279 931 761 1013 perinstitutionemcanonicam.
778 931 871 1009 Ergo,
887 935 944 990 etc.

250 1022 325 1080 item
344 1039 381 1082 ex
395 1020 539 1082 verbisS
557 1020 638 1081 l'auli
656 1017 707 1100 (ad
729 1016 834 1088 Hebr‚
856 1035 884 1080 c
909 1020 984 1090 5‚v.
1008 1017 1068 1098 4)·
1088 1019 1166 1077 ulier

218 1129 233 1166 ι(
253 1109 414 1190 quisquam
435 1110 528 1172 sumit
547 1109 603 1170 sibi
617 1108 786 1183 honorem,
809 1105 863 1168 sed
882 1105 934 1186 qui
954 1113 1076 1168 vocatur
1091 1107 1168 1167 ilico

219 1202 398 1276 «tanquam
414 1202 554 1258 Aaron.»
578 1195 637 1258 Sed
662 1195 714 1275 qui
735 1193 849 1255 invadit
870 1193 967 1255 officia
986 1193 1169 1255 ecclesiastica

215 1285 280 1345 sine
298 1284 496 1362 institutione,
518 1284 610 1346 sumit
623 1283 681 1344 sibi
694 1282 854 1358 honorem,
870 1300 928 1344 neo
942 1289 1063 1344 vocatur
1081 1283 1169 1343 alteo.

217 1373 307 1451 Ergo,
322 1379 379 1434 etc.

256 1459 372 1521 Probat.
388 1461 418 1520 2⁰
432 1462 476 1521 Ex
491 1461 605 1522 Concil.
622 1459 757 1522 Trident.
777 1459 864 1541 (sess
883 1463 946 1536 23³,
962 1477 1030 1522 can.
1054 1459 1085 1540 7)
1102 1478 1108 1518 :
1127 1456 1172 1517 uSi

220 1569 237 1607 u
256 1548 324 1629 quis
333 1547 445 1610 'dixerit
458 1567 510 1610 eos
524 1551 578 1630 qni
594 1567 652 1610 nec
665 1549 703 1609 ab
717 1547 919 1610 ecelesiastica
933 1555 963 1609 et
980 1547 1116 1609 ccuoaicd
1127 1563 1173 1628 pc-

221 1645 357 1698 «testate
381 1637 524 1715 ordinati,
550 1656 606 1700 nec
629 1637 712 1697 missi
731 1645 814 1710 sulit,
839 1634 893 1697 sed
914 1636 1035 1698 aliunde
1055 1636 1174 1708 veniunt,

223 1747 237 1782 u
260 1725 410 1806 legitimos
430 1745 495 1787 esse
510 1726 593 1787 verbi
611 1731 641 1787 et
660 1731 919 1787 sacramentorum
933 1725 1099 1795 ministros
1121 1739 1177 1784 ana·

222 1813 359 1874 «thema
373 1813 420 1874 sit.
441 1835 456 1871 n
484 1815 578 1875 Porrd
596 1813 722 1888 missio,
745 1813 913 1894 procedens
937 1813 975 1874 ab
995 1811 1177 1875 ecclesiastici

220 1906 377 1980 potestate,
393 1908 436 1960 est
448 1902 577 1980 ipsamet
590 1901 736 1962 institutio
747 1901 894 1963 canonica
907 1901 945 1964 de
954 1903 1015 1983 qut
1027 1901 1176 1982 loquimur.

220 1990 310 2068 Erga,
326 1994 384 2050 etc.

260 2075 378 2148 Probat.
396 2081 429 2138 3⁰
444 2079 488 2138 Ex
502 2095 569 2158 cap.
596 2081 631 2155 l,
649 2077 692 2140 De
706 2079 819 2160 repulia
822 2079 908 2159 juris
922 2078 953 2140 in
968 2085 999 2143 6⁰
1016 2099 1022 2141 ε
1043 2076 1179 2142 «Benefi-

224 2187 238 2224 o
258 2165 340 2227 cium
354 2166 591 2228 ecclesiasticum
602 2184 666 2229 non
680 2173 777 2247 potest
788 2169 998 2230 sinecunooz‘od
1012 2168 1180 2231 institutione

225 2276 239 2313 u
259 2254 415 2336 possideri.
433 2276 448 2312 u
466 2254 560 2316 Porro
574 2254 632 2316 hoc
645 2254 760 2316 dictum
777 2262 821 2316 est
834 2255 872 2318 de
886 2255 1053 2332 beneficiis,
1067 2271 1179 2340 praeser-

221 2343 273 2404 tim
310 2344 381 2425 quia
418 2342 524 2404 iisdem
565 2343 735 2404 annectitur
773 2343 908 2406 officium
944 2347 1179 2408 ecclesiasticum.
1244 2335 1245 2364 ³

222 2431 322 2513 Ergo,
338 2440 395 2494 etc.

262 2520 441 2582 Corollaria,
458 2522 555 2580 -Ex
574 2520 753 2600 praecedenti
774 2522 971 2602 responsione
985 2523 1124 2587 concludi
1137 2539 1180 2602 pc-

220 2615 276 2671 test
291 2608 363 2688 quid
376 2609 414 2668 sit
427 2609 622 2670 sentiendum
635 2630 641 2669 :

260 2699 329 2758 234.
354 2699 384 2756 1⁰
398 2694 443 2757 De
460 2696 654 2758 Iauestituriu
671 2697 855 2760 Investiturae
868 2700 993 2763 nomine
1014 2700 1183 2782 intelligeba-

221 2793 269 2849 tur
283 2785 394 2846 abnsus
408 2784 508 2845 ureditt
522 2791 608 2846 aetate
623 2785 772 2861 invectus,
789 2806 851 2867 quo
869 2789 1022 2871 principes
1036 2791 1183 2852 saeculares

222 2873 323 2936 electis
332 2873 369 2933 ad
382 2872 530 2935 beneficia
542 2874 667 2952 maj0ra‚
681 2892 792 2955 nempe
802 2876 839 2936 ad
854 2877 1049 2958 Episcopatus
1063 2886 1092 2941 et
1101 2876 1183 2939 Abba·

222 2963 287 3038 tiae,
309 2961 466 3022 tradebant
484 2961 625 3024 baculum
647 2963 794 3042 pastorale
816 2971 846 3026 et
864 2967 1023 3030 annulum.
1041 2971 1184 3030 Damnata

222 3057 291 3112 sunt
306 3055 407 3112 autem
421 3051 607 3112 investiturae
619 3052 637 3112 a
649 3052 679 3112 S.
697 3052 841 3133 Gregorio
855 3056 907 3115 Vll
924 3061 953 3117 et
973 3057 1086 3120 Galixto
1100 3059 1143 3131 Il,
1157 3055 1183 3115 in

223 3139 320 3220 primo
334 3139 468 3201 Concilio
482 3139 674 3202 Lateranensi
694 3142 883 3204 oecumenico
899 3161 908 3203 τ
924 3143 992 3206 licet
1011 3146 1093 3207 eninr
1108 3143 1184 3208 multi

223 3227 438 3290 contenderent
451 3227 510 3289 illis
530 3228 623 3308 signis
642 3227 792 3307 designari
814 3231 935 3293 tantiam
955 3233 1184 3312 jurisdictionem

223 3315 1183 3398 saecularem,tunctemporisbeneficiisecclesiasticisannexanr,

222 3405 390 3466 timendum
411 3411 476 3466 erat
497 3423 551 3480 ne,
567 3406 603 3466 ea
617 3405 750 3481 ratione,
771 3406 827 3486 ipsi
851 3409 1003 3491 principes
1020 3412 1185 3474 viderentur

223 3493 359 3553 conterre
381 3494 471 3554 etianr
492 3499 669 3574 potestatem
690 3494 945 3576 ecclesiasticam,
968 3499 1015 3562 his
1038 3499 1185 3564 beneficiis

224 3578 433 3642 inhaerentem

261 3671 331 3728 235.
361 3672 392 3728 2⁰
418 3668 463 3729 De
482 3669 557 3731 Jure
580 3671 688 3753 repat
675 3691 723 3734 ιω.
753 3673 858 3738 Hoc'
848 3694 913 3755 pua,
940 3684 1076 3760 tempore
1099 3677 1187 3742 Ludo

223 3754 278 3814 vici
293 3757 379 3829 titt,
401 3757 601 3836 reponebatur
618 3761 840 3840 potissimum
832 3783 863 3824 1n
884 3783 921 3827 eo
942 3768 1044 3846 quod,
1069 3773 1186 3832 vacante
