2526 4210
172 231 231 298 aur
449 243 601 288 rurrranrs
624 245 706 288 ruitis
727 244 878 292 canonici.

176 375 192 410 c
212 345 320 430 nequit
341 345 514 426 dispensare
538 363 629 424 super
651 344 773 424 Synodo
796 346 980 426 provinciali.
1006 341 1150 416 Quinimb

175 465 191 497 a
213 457 270 500 nec
286 434 535 514 archiepiscopus
546 432 720 510 dispensare
731 433 907 516 valetsuper
921 435 1065 514 (eadem);
1079 432 1149 493 cbm

176 527 251 589 «ab
274 527 340 604 ipso
362 529 506 604 tanquam
531 517 664 582 inferiori
686 521 721 582 ad
745 521 964 585 Provincialem
991 519 1149 602 Synodum

176 639 192 674 a
212 613 420 697 appelletur.»
439 610 498 672 Sed
512 610 661 670 sententia
678 609 832 672 affirmans
846 615 877 673 S.
894 614 1056 693 Liguono,
1074 610 1149 672 sicut

171 707 302 777 suavior,
318 703 361 764 sic
375 697 628 783 aequioruidetur,
639 699 710 760 clim
724 718 760 761 ex
775 704 834 762 una
846 707 930 782 parte
945 705 1074 781 possunt
1088 716 1151 760 essc

172 815 262 858 casus
276 797 307 858 in
322 792 432 878 quibus
446 787 547 862 utilis,
567 787 630 848 imb
648 793 677 848 et
698 790 866 850 necessaria
883 796 981 870 potest
1001 807 1069 850 esse
1089 787 1148 849 dis·

172 887 307 964 pensatio
326 899 418 963 super
442 875 569 938 decretis
595 875 708 955 Synodi
736 877 963 954 Prouincialis3
989 884 1021 940 et
1039 896 1077 939 ex
1096 877 1151 938 alil

172 980 267 1052 parte,
284 987 406 1052 aequum
420 967 539 1029 videtur
552 971 584 1026 ut
593 965 735 1046 Episcopi
750 967 964 1029 tuncbabeant
978 967 1151 1028 facultatem

172 1062 204 1120 in
227 1058 401 1143 hujusmodi
420 1054 550 1118 decretis
573 1053 783 1135 dispensandi,
803 1063 914 1117 utnon
933 1058 972 1118 sit
987 1061 1149 1137 expectan-

173 1150 246 1212 dum
260 1149 343 1211 alind
359 1145 527 1209 Concilium
544 1141 743 1219 Provinciale,
756 1145 803 1206 vel
825 1146 862 1206 sit
877 1145 1102 1207 recurrendum
1117 1145 1152 1204 ait

176 1239 285 1300 Sedem
301 1234 515 1316 Apostolicam.
966 1307 968 1312 Ι

213 1326 359 1406 Quidquit
370 1323 407 1385 sit
419 1321 611 1383 sentiendum
624 1329 661 1379 de
677 1323 825 1384 sententia
839 1325 930 1384 modo
941 1333 1035 1386 relata
1049 1338 1139 1386 Anno

172 1417 275 1478 tatoris
288 1411 419 1476 Ferraris
431 1417 460 1473 et
469 1412 504 1470 D.
522 1409 635 1484 Bouix,
656 1410 979 1489 cquandoreservatio
992 1412 1026 1473 lit
1037 1413 1073 1474 in
1089 1418 1155 1476 Pro-

177 1504 330 1567 crinciali
356 1498 490 1584 Synodo,
511 1497 594 1575 juxta
613 1497 778 1578 ipsummet
794 1500 891 1562 Bouix
914 1499 1151 1586 (DeEpfscopo,

176 1615 192 1650 a
212 1601 234 1656 t.
251 1599 281 1669 2,
298 1613 329 1674 p.
346 1591 432 1671 Eli),
444 1605 506 1650 non
521 1586 662 1648 adimitur
676 1588 802 1668 singulis
816 1589 981 1652 Provinciae
993 1592 1154 1674 Episcopis

176 1705 193 1741 ι
213 1690 344 1765 potestas
356 1682 394 1742 ab
406 1680 443 1741 iis
457 1675 630 1738 absolvendi
641 1695 649 1736 ε
661 1678 732 1758 quia
743 1683 817 1740 lunc
829 1679 970 1759 Synodus
981 1698 1044 1742 non
1056 1682 1147 1744 sibi...

177 1793 192 1827 e
213 1772 266 1832 sed
288 1771 415 1851 singulis
436 1765 592 1847 Episcopis
612 1784 700 1828 casus
718 1785 884 1829 reservasse
906 1775 1061 1832 censetur.
1078 1771 1155 1834 Vide

176 1881 191 1917 a
213 1858 327 1920 Bened.
343 1860 421 1930 XlV‚
438 1857 482 1917 ue
493 1853 620 1936 Synod,
635 1853 686 1916 lib.
703 1859 734 1932 5,
750 1873 817 1936 cap.
833 1861 864 1935 l,
878 1859 911 1917 n⁰
923 1860 954 1920 3.
970 1880 986 1916 n

212 1951 245 2008 3⁰
260 1946 390 2008 Possunt
403 1945 543 2025 Episcopi
558 1942 733 2024 dispensare
749 1961 820 2005 cum
840 1945 903 2008 suis
917 1945 1046 2008 subditis
1062 1947 1093 2009 in
1103 1949 1150 2028 je-

169 2035 281 2115 juniis,
311 2053 368 2116 pro
391 2033 518 2114 singulis
545 2031 665 2092 casibus
692 2033 941 2110 occurrentibus,
974 2053 1046 2098 oum
1073 2035 1156 2118 justis

171 2128 276 2186 umen
292 2124 402 2198 caust3
418 2121 442 2182 si
454 2127 554 2182 autem
567 2137 659 2181 eausa
671 2137 732 2180 non
744 2121 878 2183 videatur
891 2123 1058 2201 sufficiens,
1070 2125 1116 2186 uel
1129 2127 1154 2187 si

172 2212 210 2274 de
232 2213 296 2292 ejus
317 2209 496 2273 sufficientia
518 2207 691 2284 dubitetur,
716 2210 826 2290 poterit
848 2210 1017 2292 Episcopus
1041 2213 1155 2294 partim

172 2299 348 2383 dispensare
362 2306 391 2362 et
405 2297 514 2380 partim
530 2304 720 2358 commutare
734 2299 766 2358 in
781 2299 863 2360 alind
878 2317 954 2378 opas
968 2301 1069 2382 pium.

211 2392 287 2451 Item
302 2393 428 2469 possunt
449 2385 611 2466 Episcopi,
627 2403 664 2447 ex
675 2387 755 2464 iusta
771 2389 882 2465 causa,
899 2406 970 2450 cum
987 2390 1156 2469 particula·

172 2472 256 2539 ribus
270 2477 407 2558 personis
420 2475 595 2556 dispensare
613 2473 644 2534 in
664 2475 731 2555 lege
745 2475 933 2538 abstinentiae
951 2479 968 2538 b
983 2479 1153 2558 carnibus,

173 2563 282 2626 oviset
305 2565 482 2639 lacticiniis,
497 2571 527 2624 et
543 2563 575 2623 in
591 2571 739 2644 praecepto
760 2563 928 2626 abstinendi
948 2565 987 2626 ab
1007 2568 1157 2648 operibus

173 2651 346 2729 servilibus,
363 2652 469 2714 diebus
485 2649 569 2712 festis
590 2653 644 2713 toti
661 2651 803 2714 Ecclesiae
819 2654 1049 2717 communibus
1068 2656 1153 2718 Idem

172 2748 269 2819 potest
283 2741 470 2821 Capitulum,
492 2740 563 2801 sede
582 2745 724 2816 vacante;
746 2740 830 2803 adest
849 2741 949 2819 enim,
968 2744 1072 2824 quoad
1086 2744 1153 2808 haec

173 2829 285 2904 omnia,
300 2829 446 2910 pecoralis
460 2830 652 2906 connoetudo,
668 2831 715 2892 cui
732 2830 840 2892 meritd
861 2840 1003 2894 censetur
1023 2852 1154 2896 consen-

173 2917 228 2980 tire
248 2919 280 2981 S.
307 2917 462 2994 Pontifex,
482 2918 521 2979 ob
542 2918 733 3000 frequentem
757 2919 966 2984 necessitatem
987 2921 1018 2982 in
1042 2923 1157 2985 talibus

173 3009 292 3070 casibus
307 3005 513 3088 dispensandi.

217 3118 232 3155 a
266 3097 510 3177 Dispensationes
547 3114 638 3176 super
671 3097 860 3159 observantia
904 3098 1154 3182 Quadrageslmae

177 3206 191 3243 c
212 3185 413 3248 concedendae
437 3203 498 3247 non
518 3191 609 3262 sunt,
628 3185 685 3248 nisi
701 3185 817 3266 adjecto
831 3195 982 3268 praecepto
1002 3187 1042 3250 dc
1060 3190 1154 3252 unica

177 3275 396 3336 «comestione
423 3273 513 3336 etde
536 3291 597 3335 non
624 3275 842 3357 permiscendis
870 3276 979 3356 epulis.
1004 3297 1020 3335 a
1046 3278 1153 3341 const.

177 3359 373 3442 docuerimus
382 3368 413 3425 et
421 3361 546 3425 Constit.
559 3362 744 3424 Frateroitoa
756 3363 870 3425 Bened.
881 3366 959 3428 Xll'.

210 3455 281 3514 ltu.
298 3450 418 3523 Quaerit.
435 3453 466 3514 2⁰
486 3455 594 3515 Utrum
615 3452 646 3514 in
664 3452 794 3534 praefatis
815 3453 952 3534 legibus,
967 3455 1084 3536 absque
1099 3458 1156 3517 ln·

170 3539 256 3602 dulto
278 3541 455 3617 Pontificio,
476 3540 617 3622 Episcopi
636 3541 753 3602 valeant
775 3541 951 3622 dispensare
968 3543 1158 3625 generalitor

172 3625 272 3708 quoad
285 3633 379 3688 totam
393 3629 562 3692 dioecesim.

210 3713 302 3793 Resp.
331 3717 419 3777 Juxta
438 3719 470 3779 S.
495 3718 629 3796 lignos,
657 3717 709 3780 lib.
734 3722 765 3794 3,
783 3730 818 3779 n·
840 3721 917 3780 tuta
940 3734 948 3780 ε
974 3719 1153 3784 «Potest...
