2526 4210
174 232 233 290 250
448 243 598 288 ruunenrn
619 243 700 289 runis
720 243 868 290 GANONlcl.

213 344 355 417 Econtra,
375 341 481 403 eadem
502 342 623 404 decreta
648 341 807 402 contrarie
824 341 1038 402 consuetudini
1067 343 1173 425 dero·

177 436 256 512 gant.
282 432 324 492 lta
346 430 482 514 decisum
503 433 519 492 a
543 432 574 492 S.
599 429 710 509 Congr.
736 429 810 504 nit,
831 431 865 490 ll
896 435 971 509 sept.
1000 433 1098 508 1847,
1125 431 1159 494 in

177 518 426 600 Angelopolitant
444 519 620 599 (Tlascala).
637 552 675 566 -
690 516 813 580 Obstare
836 517 942 597 nequit
960 536 1027 599 cap.
1053 519 1158 596 Licet,

177 607 211 670 dc
226 606 363 680 Constet„
383 609 414 669 in
429 612 474 684 6⁰,
490 606 667 670 ubidicitur
684 608 714 668 S.
731 605 908 668 Pontificem
925 624 988 667 non
1007 606 1160 688 derogare

176 697 296 777 privatis
305 696 576 760 consuetudinibus
586 695 643 757 nisi
654 694 692 757 de
706 695 741 757 iis
751 696 939 757 mentionem
953 694 1044 757 iaciat
1059 715 1066 755 z
1084 715 1159 759 nam

175 784 296 848 decreta
315 788 346 849 S.
365 787 426 847 itit.
447 783 696 868 congregationis
713 784 910 866 pronuntiant
928 784 1010 846 circa
1030 804 1160 848 sensum

175 872 250 954 legis
262 875 324 953 jam
339 875 512 951 existentis,
530 879 635 936 contra
652 889 744 953 quam
757 872 946 934 consuetudo
960 873 1053 934 etiam
1072 875 1160 934 inve-

176 965 281 1034 terato,
294 969 328 1024 ut
342 963 433 1025 modd
445 963 588 1039 diximus,
604 961 766 1044 praevalere
776 979 838 1024 non
853 960 960 1042 potuit.
978 962 1024 1023 De
1037 960 1161 1043 Synodo

177 1046 348 1122 dioecesanei,
360 1051 411 1112 lib.
428 1056 458 1127 9,
471 1070 537 1133 cap.
554 1055 584 1127 8,
597 1052 629 1111 n⁰
642 1053 671 1112 3.

217 1139 257 1200 Ut
266 1139 381 1200 valeant
391 1140 625 1201 consuetudines
636 1144 740 1201 contra
753 1137 872 1201 Missale
881 1145 913 1199 ct
925 1138 1162 1218 Gaeremoniale,

179 1230 318 1306 expresse
332 1228 491 1308 approbari
506 1220 646 1290 debent¹.

244 1373 325 1425 vlt-
335 1374 497 1441 Conpreaatic
511 1375 691 1428 iurisdictionis
703 1379 727 1427 el
738 1374 903 1428 immunitatis
915 1375 1096 1429 ceclcdmtieoe.

218 1510 580 1590 alumnusalumnus
594 1508 681 1571 Card.
697 1508 735 1570 de
749 1509 841 1586 Luca,
853 1508 932 1570 circa
946 1509 1070 1572 initium
1082 1509 1163 1574 Pon·

181 1599 310 1664 tilicatds
319 1601 432 1664 Urbani
447 1602 523 1662 Vlll.
850 1663 859 1674 ⁵

219 1690 378 1771 Cognoscit
387 1689 452 1750 hauc
461 1687 660 1769 congregatio
670 1685 862 1768 potissimum
871 1685 909 1748 de
919 1686 1013 1748 rebus
1021 1687 1060 1748 ad
1070 1689 1162 1766 iuris

180 1778 344 1841 dictionem
364 1777 595 1840 ecclesiasticam
614 1774 855 1858 pertinentibus,
871 1779 903 1838 et
917 1774 956 1838 de
980 1776 1163 1839 lmmunita-

181 1867 261 1928 tibus
270 1866 478 1949 personalibus
487 1872 516 1927 et
530 1865 672 1939 realibus.

313 2001 371 2055 vlu.
382 2003 574 2068 -Conprepatto
590 2001 801 2068 indulgentiarum
812 2004 835 2052 ct
843 1999 1023 2067 Reliqumrom.

219 2132 288 2196 380.
304 2133 441 2194 Instituta
454 2130 540 2193 tuiti
556 2130 708 2192 Clemente
724 2131 764 2190 IX
774 2146 827 2210 per
838 2129 932 2190 Breve
942 2130 978 2192 In
989 2131 1064 2212 ipsis
1074 2133 1166 2196 Pon.

181 2219 325 2301 tificctris,
344 2226 407 2282 «ut
421 2220 496 2281 sacri
513 2219 774 2299 Indulgentiarum
793 2218 937 2279 Thesauri
953 2237 1037 2280 curae
1057 2227 1088 2281 et
1103 2221 1166 2286 dis

184 2309 386 2391 «pausationi
411 2325 624 2389 sacrarumque
647 2306 843 2386 reliquiarum
864 2307 1077 2386 recognitioni,
1103 2310 1166 2374 dis-

184 2416 199 2457 o
219 2398 372 2478 quisitioni
382 2407 409 2458 et
420 2405 509 2458 rectae
523 2395 711 2478 dispositioni
722 2395 915 2476 peculiariter
926 2395 1136 2460 incumberet.
1150 2424 1165 2458 o

220 2487 339 2548 Censuit
364 2486 451 2546 debet
474 2486 609 2548 Pontifex
628 2486 660 2545 in
683 2482 869 2564 gravioribus
884 2489 914 2544 ct
935 2483 1169 2549 difficilioribus

180 2575 395 2655 quaestionibus
416 2594 423 2634 ε
444 2575 553 2637 solutio
576 2579 677 2636 autem
696 2571 858 2634 dubiorum
877 2570 915 2632 ad
932 2572 1045 2654 dogma
1063 2581 1169 2656 perti-

180 2663 329 2738 nentium,
340 2663 376 2723 ed
392 2664 490 2724 solum
505 2664 616 2745 Papam
630 2663 772 2744 pertinet.

218 2753 262 2812 Ex
276 2751 397 2812 decreto
418 2752 509 2830 hujus
527 2753 689 2832 Congreg,
710 2753 746 2812 la
765 2750 828 2826 jan.
850 2752 938 2824 1756,
955 2747 1102 2815 innovato
1129 2759 1169 2817 lt

179 2857 227 2921 ap.
246 2843 340 2916 1836,
353 2841 523 2920 omnesqui
539 2841 702 2921 impetrant
714 2840 731 2900 d
745 2838 825 2918 Papa
837 2838 1050 2900 concessiones
1064 2859 1133 2920 gen
1142 2865 1170 2900 e-

178 2929 255 2991 rales
263 2928 535 3010 indulgentiarum,
550 2935 693 2990 tenentur
707 2927 763 2990 sub
777 2929 867 3008 poena
879 2927 1037 3006 nuditatis,
1054 2948 1168 2994 exem-

178 3019 243 3100 plar
265 3018 442 3080 earumdem
465 3018 698 3080 concessionum
722 3016 760 3076 ad
788 3015 989 3078 secretarium
1015 3018 1166 3096 ejusdem

177 3107 424 3190 congregationis
446 3106 573 3169 deferre.
595 3105 751 3187 Rescripta
768 3105 867 3186 quaea
886 3105 917 3165 S.
937 3102 1014 3166 Sede
1030 3105 1167 3175 fuerunt

205 3305 298 3356 ‘idn
325 3303 495 3366 Pontifioalis‚
515 3303 698 3357 Carcmonialis
718 3300 915 3369 opiscoporum,
938 3300 1117 3369 llartyrologii
1140 3313 1168 3362 et

204 3371 310 3427 Rituelis
326 3375 430 3426 Romani
443 3376 601 3442 praceptivas
619 3376 735 3440 regulas,
753 3374 874 3424 tolerante
886 3388 974 3438 nempe
985 3379 1029 3423 aut
1049 3379 1168 3439 permit.

205 3450 273 3497 tonte
294 3453 337 3498 aut
357 3449 431 3498 etiarn
443 3448 570 3514 quidpiam
583 3448 654 3499 aliter
666 3452 790 3497 statuente
809 3445 861 3496 ΗΒ.
876 3444 1018 3510 Episcopo,
1036 3451 1168 3506 canonici

206 3515 277 3566 aliive
294 3519 436 3570 sacerdotes
455 3519 564 3586 possint,
583 3517 660 3570 illast
679 3516 847 3578 eonscientii,
865 3515 1000 3581 infringere
1015 3523 1060 3567 aut
1075 3523 1167 3574 omit-

187 3589 266 3646 ntere,
279 3593 353 3654 atque
366 3589 570 3642 Reverendissimi
583 3589 697 3656 Episcopi
708 3589 831 3647 voluntas,
848 3587 886 3637 his
900 3587 925 3636 in
937 3586 1048 3650 casibus,
1064 3589 1103 3641 sit
1117 3609 1167 3660 pro

181 3655 262 3774 roipsis
274 3658 399 3710 sulliciens
411 3660 584 3726 dispensatio?
594 3661 622 3712 R,
635 3661 760 3724 Negitat,
772 3663 796 3710 ct
808 3657 921 3723 emptitia.
938 3676 948 3704 a
960 3656 1035 3720 (S.R.
1049 3657 1167 3729 Gange„

217 3726 268 3784 jan.
280 3729 362 3777 l85tl
