2590 4214
164 333 222 394 loo
436 336 589 386 ammuh
608 334 691 381 suam
710 334 862 382 arnamar.

165 444 270 526 quales
284 446 357 506 sunt
369 439 451 521 apud
462 437 533 516 uos)
548 435 642 518 possit
652 433 802 498 committi
815 435 993 517 temporalis
1002 437 1153 501 Ecclesiae

165 529 410 596 administratio?

206 623 296 702 hosp.
315 616 511 690 hlhrmativd,
523 612 691 676 dummodo
700 611 739 674 ab
753 613 956 676 ecclesiastiea
969 616 1153 680 auctoritate

166 711 359 794 deputentur.
371 706 404 770 ld
415 703 560 786 supponit
573 701 688 766 concil.
700 700 834 764 Trident.
851 703 938 783 (sess.
955 706 1007 780 22,
1017 722 1087 786 cap.
1101 705 1150 788 9).

140 807 146 824 ’
207 807 367 882 Quomodo
380 800 700 869 autemintroductnm
710 797 800 862 fuerit
814 799 845 862 in
862 801 957 863 Gallia
969 801 1154 881 quddinde·

170 897 336 980 pendentur
346 896 385 958 ab
393 892 569 957 auctoritate
578 888 780 953 ecclesiastica
790 889 1046 952 reseoclesiarum
1058 891 1155 954 admi-

162 987 331 1049 nistrarent
345 985 410 1047 laici
421 1031 429 1057 ,
442 981 578 1044 invenire
589 995 652 1040 uon
662 977 759 1059 potuit
769 978 1003 1041 Thomassinus:
1016 981 1155 1052 rouand

175 1096 191 1133 a
209 1083 239 1136 et
252 1078 407 1137 comment
425 1089 475 1134 ces
493 1066 696 1150 marguilliers
710 1073 779 1128 sont
792 1067 927 1128 devenus
945 1085 981 1130 ce
996 1087 1058 1148 que
1074 1086 1154 1134 noua

176 1161 253 1225 ales
275 1179 391 1243 voyons
408 1161 634 1241 presentement
656 1153 733 1216 dans
749 1173 805 1218 nos
822 1155 931 1236 egliscs
950 1155 990 1218 de
1011 1158 1155 1236 Franae,

176 1273 192 1310 ι
210 1249 283 1312 c'est
296 1269 338 1312 un
352 1247 444 1311 detail
458 1265 518 1329 quc
529 1246 561 1327 je
571 1243 711 1307 voudrais
725 1244 896 1326 apprendre
919 1243 958 1306 de
978 1244 1155 1328 quelqu'un

174 1361 190 1396 a
209 1338 279 1418 plus
291 1337 391 1400 habile
405 1355 464 1416 que
476 1337 579 1396 moia.
598 1331 657 1395 Sed
671 1331 730 1394 hoc
741 1334 759 1394 d
772 1332 930 1396 manilesld
951 1335 1155 1415 usurpatione

171 1427 255 1490 laicae
269 1427 423 1508 potestatis
438 1423 559 1486 initium
576 1420 743 1502 sumpissse
763 1421 892 1484 videtur.
912 1420 989 1483 Vide
1009 1430 1154 1489 nostrum

170 1515 314 1580 Manuale
328 1511 544 1597 (5303-5315).

210 1614 353 1689 Quamvis
366 1630 473 1676 norme
487 1613 503 1674 lt
518 1608 636 1691 legibus
650 1607 788 1672 civilibus
801 1613 911 1670 statuta
925 1627 982 1690 pro
999 1609 1156 1676 adminis-

171 1705 299 1768 tratione
314 1705 466 1766 bonorum
480 1700 753 1764 ecclesiasticorum
771 1697 928 1779 illegitima
947 1697 1005 1772 sit,
1026 1703 1157 1780 quando

172 1810 322 1856 consensu
335 1792 476 1854 Ecclesiae
492 1807 553 1851 non
568 1786 691 1849 fulcitur
702 1788 739 1862 ,h
756 1786 895 1867 parochis
914 1793 1018 1848 tamen
1035 1789 1156 1854 addisci

175 1882 285 1958 dehet,
312 1882 384 1943 cinn
402 1879 612 1960 obtemperare
632 1875 806 1953 hujusmodi
830 1875 1078 1940 ordinationibus
1095 1898 1157 1942 co-

175 1975 298 2052 gantur.

227 2135 280 2192 vti.
290 2131 369 2189 -Da
383 2143 538 2196 oureusmn
556 2141 628 2186 tuns
645 2139 832 2185 ranoouoauu
842 2141 1083 2190 oauoarromaus.

210 2298 280 2358 551.
310 2297 341 2355 l·
366 2294 456 2354 Sacra
478 2287 677 2369 congregatio
696 2287 814 2350 censuit
833 2273 1021 2370 Episcopum
1042 2311 1159 2374 cogere

93 2439 98 2448 .
171 2403 271 2468 posse,
283 2383 320 2444 ad
330 2377 571 2444 interessendum
581 2374 806 2457 congregationi
817 2393 944 2439 casuum
956 2381 1159 2448 conscientiae

171 2473 337 2556 parochos,
367 2473 427 2532 tam
453 2466 612 2530 saeculares
638 2467 731 2546 quem
755 2465 928 2544 regulares,
959 2485 1065 2530 curam
1088 2474 1159 2535 ani-

172 2579 293 2625 marum
305 2564 479 2622 exercentes
494 2558 521 2634 (3
537 2560 613 2636 sept.
629 2556 727 2632 toto).

214 2659 279 2722 lmd
294 2657 447 2740 proposito
464 2653 559 2716 dubio
577 2675 592 2712 a
607 2655 654 2714 An
670 2651 838 2734 Episcopus
851 2653 946 2733 possit
964 2655 1158 2737 compellere

178 2774 193 2808 a
213 2747 381 2809 canonicos
395 2742 613 2819 confessarios,
633 2747 819 2822 caeterosque
837 2743 1030 2823 presbyteros
1044 2745 1158 2810 Cathe-

178 2861 194 2898 a
214 2835 325 2910 dralis,
342 2833 399 2896 suh
411 2835 500 2914 poent
516 2831 710 2913 pecuniaria,
726 2835 761 2891 ut
773 2829 919 2892 accedant
930 2831 969 2893 ad
984 2851 1156 2916 congrega-

179 2949 195 2988 α
213 2925 328 2988 tionem
349 2939 474 2984 casuum
489 2919 701 2983 conscientia:
718 2951 756 2966 ·-
767 2918 957 2999 Rescriptum
974 2919 1031 2983 fuit
1048 2941 1057 2982 ε
1073 2941 1157 3004 pasca

179 3039 195 3076 a
214 3012 491 3095 campellereamues
502 3007 1156 3089 sacerdotessoecaalarescousessurios,etiamsa

175 3127 195 3164 a
213 3105 276 3168 aiut
294 3101 455 3175 Cauauiei;
477 3108 594 3163 caeteros
614 3099 682 3158 uerd
703 3115 760 3158 uon
778 3115 862 3178 passe
883 3098 1080 3180 compellere,
1103 3113 1156 3165 aad

181 3217 197 3254 a
215 3192 333 3256 hortari
346 3213 376 3250 a.
392 3194 431 3253 Ed
443 3188 574 3268 januarii
586 3189 674 3248 1732.

215 3295 247 3358 2?
267 3291 389 3352 Certum
414 3293 458 3348 est
482 3283 633 3347 Paroahos
651 3283 747 3344 teneri
771 3283 894 3365 Synodo
917 3284 1081 3362 interesse,
1110 3289 1156 3352 uti

178 3385 292 3445 constat
318 3395 356 3440 ex
382 3375 498 3446 Concil.
520 3373 603 3438 Trid.
636 3371 723 3456 (sess.
750 3375 808 3450 ll,
829 3391 897 3451 cap
920 3377 950 3448 2,
972 3373 1018 3438 lle
1045 3375 1154 3459 πῶς

182 3467 343 3529 aRatione
368 3463 585 3542 parochialium
604 3468 656 3524 aut
684 3460 814 3524 aliarum
837 3462 1028 3525 secularium
1052 3466 1156 3529 accle-

183 3577 199 3613 a
217 3555 342 3628 siarum,
352 3555 443 3614 etiam
454 3569 652 3626 annexarum,
664 3550 793 3612 debeant
803 3550 845 3611 illi
855 3552 906 3632 qui
919 3551 1154 3618 illarumcuraut

183 3664 197 3700 a
218 3645 343 3720 gerunt,
358 3641 543 3720 quicumque
557 3639 600 3701 illi
613 3639 692 3714 sint,
707 3638 830 3721 Synodo
841 3640 985 3702 interesse
999 3663 1030 3705 a.
1041 3635 1154 3706 -sm

180 3727 302 3808 praeliata
316 3727 380 3806 lege
395 3735 474 3806 patet
487 3725 702 3808 comprehendi
717 3728 863 3807 parochos
882 3729 1027 3791 etiamad
1045 3739 1153 3794 nutum

181 3836 200 3891 ¹a
219 3811 403 3874 amovihiles.
416 3813 528 3876 Bened.
545 3817 610 3876 xlv
623 3813 680 3890 (Ile
690 3813 783 3895 Syn„
800 3815 851 3878 lib.
868 3819 906 3892 3,
922 3834 951 3879 c.
963 3820 994 3893 a,
1007 3821 1042 3878 ιιο
1056 3819 1102 3897 2).
