2548 4216
160 241 219 300 ddi
434 249 585 295 susurrus
605 243 688 297 strato
706 241 856 298 dtnomcr.

166 348 310 412 «Nullibi
331 346 479 410 audierim
503 347 669 430 Episcopos
687 347 864 427 hujusmodi
884 349 1063 413 iacultstem
1077 348 1145 410 aliis

165 439 366 517 «delegasse.
389 450 406 498 s
431 435 555 500 Certum
577 442 624 498 est
645 436 844 500 nihilominus
864 438 947 502 nane
967 437 1146 502 facultatem

161 527 364 592 communiter
376 525 510 607 deteges
525 525 605 606 apud
619 543 676 586 nos
688 525 719 586 in
730 525 838 602 cattis,
851 527 970 608 absque
982 525 1145 590 Pontiticio

162 616 294 692 indulto;
317 621 347 677 et
366 633 428 678 non
454 614 532 676 bene
549 613 667 676 videtur
684 631 739 675 cur
761 613 828 676 lime
845 615 1061 691 sarmento,
1076 629 1148 696 quae

153 699 410 766 ‘immemorabilis
436 702 563 776 vidnur,
583 710 634 765 aut
656 703 762 764 saltem
785 703 978 768 reviriscitd
1006 711 1149 785 tempore

163 793 340 857 Concordati
356 797 445 868 root,
462 809 525 855 non
538 793 631 874 possit
648 792 709 854 dici
724 792 866 873 legitime.
883 793 923 856 ed
935 793 1038 874 megis
1048 791 1148 874 uudd,

164 884 287 946 nonnisi
299 894 371 946 ctum
386 879 715 952 mtximtditlicultste,
730 881 909 943 {intermina
920 889 953 943 et
966 886 1149 962 puramente

165 989 263 1044 sacra,
283 973 317 1034 m
332 969 506 1033 vastissimis
527 970 637 1031 nouus
654 969 858 1048 dioecesibus,
873 969 994 1052 possint
1006 987 1094 1050 saepe
1110 968 1149 1031 ad

165 1059 350 1140 Episcopum
364 1057 525 1120 transmitti
541 1062 576 1120 ut
595 1057 634 1119 ab
652 1059 718 1138 ipso
734 1057 973 1134 benedicentur3
989 1064 1022 1120 et
1037 1057 1150 1121 rerdsi

166 1167 203 1211 ex
227 1148 292 1228 ipso
311 1147 421 1210 Ritusli
441 1149 598 1224 Romano,
619 1147 772 1226 simplices
791 1147 959 1228 presbyteri
974 1148 1098 1210 valeant
1113 1165 1151 1209 ex

167 1235 382 1299 commissione
403 1235 567 1316 Episcopi,
593 1236 684 1298 etiam
707 1236 852 1298 ecciesiae
874 1235 1072 1312 benedicere,
1093 1253 1150 1299 cur

167 1322 352 1405 inpossibile
369 1330 462 1400 esset,
475 1323 697 1386 cousuetudine
711 1323 770 1386 hoc
785 1325 995 1404 permittente,
1012 1325 1101 1406 qudd
1114 1341 1150 1387 ex
1259 1321 1260 1328 '

168 1412 274 1475 eidem
292 1411 507 1474 commissione
524 1411 684 1493 Episcopi,
699 1413 832 1474 valerent
851 1413 942 1474 etism
962 1411 1152 1476 benedicere

169 1500 344 1563 linteamina
370 1506 400 1561 et
426 1505 601 1580 paramenta
629 1499 744 1562 secant
774 1501 966 1562 Concessisse
990 1501 1152 1582 mum

169 1589 341 1653 facultatem
365 1587 524 1667 detegendi
549 1587 694 1650 manilius
723 1589 880 1670 Episcopis
905 1589 995 1651 nobis
1020 1591 1153 1652 ssscmit

169 1679 200 1741 S.
212 1677 348 1740 Pontifex
364 1675 434 1738 Pius
448 1678 497 1750 lX,
510 1675 541 1738 in
553 1675 709 1738 erudientis
717 1677 790 1739 dats
802 1677 1006 1758 presentibus
1018 1677 1151 1740 vArchio-

168 1767 244 1849 pisc.
263 1765 396 1847 Aquensi
410 1773 439 1825 et
452 1763 588 1844 pluribus
602 1764 807 1827 sacerdotibus
820 1783 859 1827 ex
870 1766 938 1845 ejus
951 1765 1053 1844 clero,
1066 1777 1152 1828 snno

171 1857 351 1918 tutu-D.
377 1853 479 1914 Andre
496 1853 602 1933 (Cornu
624 1853 660 1916 de
679 1854 760 1915 droit
777 1855 957 1936 curentque,
980 1865 1012 1916 r·
1032 1854 1154 1918 Vicaire

169 1942 290 2026 potum
300 1989 308 2020 ,
323 1960 355 2023 p.
374 1945 443 2020 331)
464 1941 592 2004 atlirmst
606 1943 792 2023 Episcopum
810 1961 900 2024 posse
918 1948 951 2004 et
964 1943 1006 2004 de
1026 1944 1109 2006 lacto
1121 1946 1152 2005 in

170 2031 265 2094 Gallis
277 2029 444 2093 concedere
462 2031 585 2093 Vicurtis
597 2031 661 2092 suis
676 2031 874 2094 Generalibus
887 2031 1063 2094 facultatem
1076 2045 1154 2094 cam·

166 2138 261 2202 panes
283 2119 362 2202 ipsas
377 2118 574 2182 benedicendi
587 2137 600 2180 s
614 2119 687 2194 huic
700 2119 818 2182 obstare
836 2119 955 2182 viderur
971 2135 1037 2182 non
1052 2121 1152 2183 solum

170 2207 282 2271 decisio
299 2225 392 2290 supra
403 2207 520 2286 relata,
545 2207 600 2269 sed
621 2207 704 2287 qaod
721 2208 813 2269 etism
830 2213 862 2269 in
883 2209 920 2271 et
937 2208 1154 2272 benedtomse

172 2296 350 2359 adhibeatur
364 2298 395 2360 S.
410 2297 547 2358 Chrisrna
560 2301 592 2357 et
602 2296 706 2357 oleum
721 2295 925 2359 intirmorum.

214 2389 285 2449 465.
308 2385 430 2458 Quaerit.
454 2386 485 2446 3⁰
502 2386 647 2456 Quaenam
673 2385 736 2446 sint
756 2401 825 2466 que
847 2386 922 2447 scitu
945 2387 1046 2466 magis
1064 2386 1153 2449 utiles
1262 2441 1263 2450 ,

175 2481 263 2554 sunt,
278 2495 315 2537 ex
330 2473 462 2536 nistoriis
476 2473 514 2535 ad
529 2477 610 2555 due,
626 2472 690 2534 sine
704 2473 824 2553 speciali
840 2474 981 2556 Episcopi
995 2473 1152 2552 mandato,

173 2581 239 2626 sese
253 2563 387 2625 extendit
399 2561 552 2624 ordinarie
565 2561 676 2623 vicarii
690 2561 844 2623 densatis
855 2562 1052 2640 iurisdictio?

212 2653 302 2732 Resp.
320 2655 351 2712 l⁰
368 2653 442 2712 Esse
460 2657 642 2732 sequentes:
663 2651 718 2712 Jus
733 2649 821 2712 habet
838 2651 978 2714 Vicarius
991 2651 1154 2714 Generalis

173 2739 375 2804 concurrendi
394 2739 425 2800 in
444 2738 701 2800 administratione
721 2745 981 2802 sacramentorum
995 2747 1033 2802 et
1044 2739 1155 2823 preti·

173 2827 485 2892 cationecumulative
500 2827 1017 2891 cumomnibuscuretisdioecesis.
1172 2842 1179 2876 ⁴

213 2921 246 2981 2⁰
260 2915 391 2978 Absents
402 2916 553 2998 Episcopo
565 2935 619 2998 per
626 2916 712 2977 diem
725 2915 854 2994 itineris,
866 2924 967 2998 potest
976 2917 1154 3002 dispensate

174 3007 206 3070 in
219 3004 384 3070 interstitiis
399 3005 560 3083 ordinum,
573 3010 606 3066 et
620 3005 731 3066 litteras
745 3003 965 3068 dimissoriales
984 3007 1153 3071 messuere

174 3098 256 3179 (Gap.
273 3095 346 3160 cum
359 3094 469 3173 notius,
490 3094 536 3158 De
555 3102 678 3177 tempor.
697 3092 815 3168 ordin,
832 3094 865 3154 in
878 3097 923 3170 θ’,
938 3111 1011 3158 cum
1025 3097 1151 3176 Glosst).

175 3187 327 3250 Praesente
343 3191 445 3248 eutem
469 3185 635 3267 Episcopo,
658 3181 833 3264 hujusmodi
847 3197 916 3245 non
941 3184 1020 3246 valet
1041 3185 1154 3267 stupae

172 3275 297 3358 ‘speciali
312 3275 377 3356 ejus
392 3273 619 3338 commissione.

215 3367 247 3428 3⁰
269 3367 368 3426 Potest
389 3363 543 3426 absolvere
567 3361 605 3424 ab
632 3361 947 3425 excommunicatione
962 3379 1063 3444 quam
1087 3365 1155 3427 tulit

177 3455 344 3536 Episcopus
353 3454 399 3516 vel
411 3454 507 3535 ipsius
520 3451 692 3533 Delegatus,
704 3450 752 3513 vel
766 3465 860 3533 quarn
873 3450 1004 3532 ipsemet
1015 3451 1087 3514 tulit
1099 3453 1154 3516 vt·

178 3544 276 3605 carius
289 3543 464 3616 Generalis,
480 3558 541 3605 non
557 3547 659 3604 autem
673 3557 766 3622 quam
782 3538 904 3602 tuimet
914 3539 959 3601 uti
974 3539 1154 3621 selegens,

179 3630 293 3712 absque
307 3631 429 3710 speciali
441 3631 583 3712 Episcopi
595 3628 748 3692 facultate.

219 3723 252 3778 ⁴⁰
268 3719 369 3778 Potest
387 3719 554 3779 concedere
572 3717 744 3780 facultatem
759 3714 934 3779 sltsolrendi
946 3715 992 3777 ul)
1009 3717 1155 3780 ennomus
