2526 4210
220 252 277 312 191
491 251 641 298 munaum
664 249 747 296 sonis
769 249 917 294 canorum.

260 359 289 420 Si
302 370 438 418 censura
449 349 658 430 infligerentur
673 353 739 428 post
752 347 939 424 interjectam
953 347 1193 426 appellationem,

221 448 310 512 nullae
319 447 431 517 essent,
442 458 514 502 casu
524 456 585 518 quo
594 441 695 498 essent
707 435 772 496 latae
781 433 819 495 ad
829 433 1019 514 puniendam
1032 435 1195 496 inobedien-

216 538 291 600 tiam
305 551 376 613 erga
390 528 571 592 sententiam
587 528 603 586 a
618 528 678 606 qut
692 525 749 586 fuit
761 523 947 604 appeliatum
961 525 1042 604 (cap.
1061 524 1113 584 Ad
1119 543 1197 606 prce-

219 625 343 687 seoriam
359 625 413 696 16,
428 619 471 680 De
484 613 613 698 appell.)
630 633 638 676 ε
654 631 742 676 secus
755 613 779 674 si
795 611 1007 693 infligerentur
1021 619 1095 675 ante
1110 613 1197 676 inter-

215 714 328 794 jectam
340 706 583 790 appellationem.

260 798 428 882 Appellatio
443 798 461 857 a
481 791 696 874 suspensione,
718 807 787 872 quae
802 809 865 852 non
880 793 958 852 esta
979 790 1094 854 divinis
1107 793 1154 855 vel
1166 793 1199 854 ab

221 890 343 963 ordine,
363 885 415 948 sed
430 884 529 946 sotum
542 884 559 942 a
574 879 722 942 beneticio
743 879 788 942 vel
808 881 825 939 a
842 878 1015 960 Dignitate,
1031 886 1068 942 ut
1081 887 1154 962 puta
1166 882 1199 944 ab

215 997 276 1040 usu
299 975 381 1058 pallii
403 974 489 1036 auta
512 967 755 1053 pontificalibus,
777 967 918 1030 effectum
940 970 1034 1031 etiarn
1049 972 1197 1053 suspensi·

219 1085 289 1128 vum
306 1063 404 1125 habet.

258 1157 290 1215 11ο
312 1151 436 1224 Quando
450 1150 518 1230 quis
539 1146 786 1228 appellatcontra
810 1146 909 1228 legem
933 1167 1003 1229 quac
1022 1149 1082 1230 ipsi
1107 1152 1197 1232 appli-

215 1247 304 1304 catur
317 1241 385 1320 (nisi
400 1239 510 1320 inJ'usta
529 1235 683 1310 videatur,
705 1235 788 1316 quod
802 1237 934 1316 supponi
951 1245 1052 1318 potest
1074 1239 1115 1302 de
1138 1241 1196 1320 lege

221 1329 411 1410 particulari,
431 1347 460 1390 v.
485 1346 515 1407 g.
540 1325 726 1399 dioecesana,
747 1324 793 1386 vet
817 1325 875 1384 nisi
897 1325 937 1386 ob
958 1327 1133 1407 periculum
1154 1337 1198 1391 aut

214 1437 309 1500 grave
329 1415 559 1483 incommodum
576 1412 694 1474 desinat
707 1411 865 1494 obligare),
882 1419 958 1476 tunc
978 1415 1076 1494 ipsius
1100 1419 1196 1500 appel·

221 1507 291 1569 tatio
313 1525 374 1568 non
399 1511 443 1567 est
461 1500 644 1566 admittenda
658 1506 762 1582 utpote
783 1501 887 1564 frivola
902 1501 982 1584 (cap.
999 1505 1196 1586 Reprehensi-

213 1593 289 1658 tilis
302 1599 352 1672 16,
365 1593 409 1657 De
421 1591 557 1674 oppeld).

257 1689 290 1746 1ο
311 1689 344 1745 11
366 1681 481 1745 actibus
505 1679 681 1742 visitationis
699 1686 730 1740 et
748 1679 960 1754 correctionis,
986 1681 1058 1744 licet
1078 1685 1195 1766 cuidem

216 1773 369 1852 appellare
383 1773 401 1832 a
415 1769 563 1832 sententia
577 1767 793 1846 extrajudiciali
809 1769 977 1844 Antistitis;
994 1775 1026 1832 at
1040 1775 1194 1854 appellatio

215 1878 281 1926 non
293 1860 383 1922 habet
395 1857 536 1920 effectum
550 1856 774 1935 suspensivum,
787 1856 841 1918 sed
851 1859 971 1920 tantum
983 1859 1193 1941 devolutivum,

219 1949 310 2010 Gonc.
335 1947 482 2023 Trident,
504 1963 577 2007 sess.
599 1949 649 2019 11,
675 1963 741 2025 11ρ.
767 1949 796 2023 1,
813 1945 857 2008 De
881 1947 1018 2028 reform.;
1044 1968 1119 2014 sess.
1144 1958 1191 2032 11,

212 2055 246 2098 c.
264 2041 312 2113 10,
332 2037 376 2098 De
393 2036 462 2117 ref.;
483 2053 557 2096 sess.
579 2037 627 2106 t3,
642 2051 669 2095 c.
688 2037 717 2110 1,
733 2033 777 2096 De
791 2033 863 2115 rcf.;
879 2043 909 2096 et
930 2055 998 2119 cap.
1021 2039 1192 2126 111111191-

220 2124 277 2186 tili
291 2131 339 2203 13,
355 2124 398 2186 Dc
414 2123 502 2206 Offic.
518 2122 585 2186 lud.
600 2121 698 2186 ordin.

211 2304 369 2388 rectionis,
381 2300 524 2383 appellari
534 2299 626 2380 possit
639 2305 706 2380 post
720 2299 917 2379 definitivam,
929 2307 1090 2385 respondit
1099 2329 1189 2391 posse,

218 2394 258 2456 ita
270 2399 373 2456 tamen
388 2398 422 2452 ut
439 2389 598 2471 appellatio
611 2407 674 2450 non
689 2389 853 2470 suspendat
866 2395 1079 2458 executionem
1094 2405 1191 2469 contra

211 2483 299 2564 quod
313 2481 463 2544 sancitum
476 2487 531 2542 est.
549 2481 628 2542 Sess.
645 2483 695 2554 11,
712 2497 779 2560 cap.
804 2484 853 2559 10,
875 2488 905 2544 et
923 2501 996 2548 sess.
1013 2491 1065 2566 11,
1082 2509 1147 2572 cap.
1164 2495 1190 2554 1.

216 2575 291 2634 ttem
305 2569 442 2632 consulta
458 2587 534 2630 num
548 2569 704 2630 decretum
718 2567 793 2630 iliud
807 2571 897 2652 capit.
915 2574 964 2650 10,
980 2593 1056 2639 sess.
1070 2583 1121 2657 11,
1135 2599 1191 2643 sus

216 2660 316 2722 tulerit
330 2658 562 2740 appeliationem
575 2655 790 2736 devolutivam,
814 2660 932 2723 censuit
944 2680 1007 2725 non
1021 2669 1189 2749 sustulisse,

210 2748 268 2812 sed
282 2749 489 2830 suspensivam
501 2747 630 2810 tanturn.

255 2839 286 2900 Si
299 2837 372 2899 verd
392 2836 559 2918 Episcopus
574 2835 755 2916 judicialiter
774 2838 918 2918 procedat
938 2841 970 2904 in
995 2862 1070 2909 casu
1093 2849 1190 2914 visita·

213 2926 313 3001 rionis,
325 2925 482 3008 appellatio
496 2923 637 2988 effectum
649 2924 739 2988 habet
752 2929 964 3008 suspensivum
978 2932 1038 2996 :ita
1051 2937 1082 2999 S.
1098 2939 1188 3022 Cong.

211 3015 313 3187 {pise
329 3022 360 3077 et
372 3014 479 3097 Regul.
494 3014 658 3096 approbata
676 3015 694 3076 a
710 3014 864 3080 Clemente
884 3021 966 3102 Vnt,
988 3041 1071 3087 anno
1096 3031 1189 3107 1600,

224 3202 227 3208 ’
251 3197 327 3256 Item
341 3193 501 3275 appellatio
515 3193 533 3254 a
546 3191 741 3273 synodalibus
755 3196 1039 3280 Constitutionibus,
1057 3223 1120 3270 non
1132 3227 1189 3272 sua

212 3283 388 3363 pensivum‚
404 3282 458 3344 sed
477 3280 681 3344 devolutivum
694 3281 783 3348 habet
797 3284 949 3352 effectum.
974 3291 1090 3358 Bened.
1113 3299 1187 3376 XIV,

212 3371 254 3434 De
266 3370 402 3453 Speculo,
418 3370 471 3434 lib.
486 3373 535 3444 13,
551 3389 617 3452 cap.
635 3376 665 3448 5,
685 3377 785 3438 1111.

250 3464 281 3522 5ο
304 3458 500 3522 Asententiis
525 3459 755 3524 interlocutoriis
778 3483 841 3528 non
861 3465 929 3530 licet
948 3471 1102 3551 appellare
1122 3482 1187 3541 anto

204 3546 393 3612 definitivam
407 3547 599 3625 sententiam,
613 3549 670 3612 nisi
683 3550 858 3631 hujusmodi
873 3560 1031 3622 sententiae
1046 3563 1108 3625 vim
1118 3564 1187 3630 defl-

206 3637 306 3700 nitivae
321 3638 469 3714 habeant,
488 3635 534 3700 vel
549 3638 605 3700 nisi
627 3658 786 3721 pronomen
798 3663 855 3725 per
873 3645 1062 3728 definitivum
1075 3670 1186 3718 senten·

206 3725 281 3786 tium
301 3725 450 3804 reparari,
469 3725 515 3786 vel
535 3726 572 3786 ab
595 3727 659 3807 ipsit
678 3730 829 3792 definitiva
846 3737 989 3815 appellari
1015 3759 1078 3804 non
1094 3748 1185 3823 possit
