2590 4214
395 315 398 324 .
490 273 577 320 urum
598 269 716 316 urruns,
1033 257 1090 317 473

115 389 185 432 sare
207 372 326 433 tantum
348 378 445 454 potest
469 390 540 435 cum
555 371 617 431 suis
638 365 784 442 subditis,
802 383 864 428 non
883 383 955 428 cum
974 363 1089 432 alienis.
1181 424 1185 430 .

159 459 340 540 Dispensare
381 479 452 522 cunr
475 456 664 541 regularibus
682 451 720 516 ad
743 453 927 534 Episcopum
946 455 1092 537 pertinet,

116 565 183 609 non
196 549 266 609 verb
280 548 318 609 ad
332 567 438 610 eorum
453 549 610 621 Praelatos3
629 561 760 625 quorum
774 547 877 604 tamen
889 542 1004 622 judicio
1016 550 1093 610 stare

117 642 241 698 tenetur
255 637 442 717 Episcopus,
458 637 483 699 si
498 634 615 698 Praelati
629 638 764 696 asserent
778 629 883 692 adesse
895 631 1007 710 iustam
1020 650 1091 696 cau.

118 741 186 786 sam
200 726 438 788 emittendorum
459 724 699 787 interstitiorum.
721 718 803 781 idem
818 725 946 800 possunt
959 719 1095 786 Vicariua

119 812 276 875 Generalis
289 819 328 888 et,
345 813 422 876 Sede
436 819 570 886 vacante,
586 809 722 872 Vicarius
737 805 924 887 Capitularis.

163 901 242 964 Nota
254 902 337 982 qudd
350 902 455 964 adesse
469 901 577 964 meritd
591 901 750 962 censeatur
768 894 913 958 Ecclesia
926 899 1093 970 necessitas,

121 991 224 1072 quoad
247 991 414 1054 omittenda
428 989 600 1061 interstitia,
617 983 740 1068 quando
751 984 834 1046 deest
847 982 1001 1048 sufficiens
1015 986 1097 1068 pres-

122 1081 299 1160 byterorum
315 1097 485 1156 numerus;
507 1077 625 1141 utilitas
639 1081 758 1149 autem,
785 1071 909 1154 quando
930 1073 1096 1156 presbyteri

119 1170 185 1248 jam
218 1167 366 1242 ordinati,
391 1169 446 1230 etsi
475 1184 605 1230 numero
630 1161 831 1238 sufficientes,
858 1163 966 1243 parlim
994 1169 1097 1224 tamen

123 1256 226 1319 idonei
240 1265 321 1334 sunt,
335 1255 409 1318 dum
423 1254 647 1338 promovendus
660 1251 704 1315 uir
718 1255 764 1312 est
774 1251 945 1332 praestantis
953 1250 1098 1315 doctrinan

123 1352 295 1408 etmaturae
308 1345 413 1408 aetatis.
677 1391 679 1396 ,

165 1437 235 1498 635.
260 1434 383 1506 Quaerit.
401 1435 553 1506 Quasnam
567 1447 674 1512 peenas
689 1427 846 1489 incurrant
857 1429 920 1488 tam
931 1427 1099 1509 Episcopus

124 1523 271 1586 ordinans
284 1523 378 1604 quam
399 1520 548 1597 ordinati,
566 1536 628 1581 non
646 1516 840 1579 observantes
853 1514 954 1577 locum
974 1522 1005 1578 et
1018 1521 1098 1578 tem-

125 1630 186 1694 pus
198 1611 412 1688 ordinationis,
423 1616 474 1672 aut
487 1607 646 1670 interstitia
656 1607 673 1667 t
685 1606 753 1684 iure
765 1602 939 1684 praescripta
950 1602 967 1664 t

167 1701 258 1782 Resp.
275 1700 307 1762 1ο
319 1699 514 1780 Episcopum,
530 1696 582 1779 qui
595 1695 627 1756 in
638 1691 760 1756 dioecesi
777 1693 875 1754 aliena
889 1691 1010 1754 ordines
1024 1708 1098 1754 con·-

125 1789 204 1867 tert,
224 1789 290 1869 ipso
308 1787 386 1850 facto
410 1786 641 1868 suspensionem
661 1782 700 1844 ab
720 1779 862 1844 exercitio
881 1780 1100 1862 pontificalium

126 1879 301 1950 incurrere;
315 1875 487 1939 ordinatum
496 1873 567 1938 vero
577 1871 776 1952 suspensione
785 1869 823 1930 ab
833 1869 974 1932 exercitio
986 1869 1101 1933 ordinis

125 1965 260 2046 suscepti
273 1965 339 2046 ipso
352 1964 464 2045 pariter
473 1962 551 2024 tacto
564 1959 729 2040 constringi
745 1956 854 2039 (Trid,
872 1976 945 2020 sess.
960 1962 997 2035 6,
1013 1975 1041 2020 c.
1058 1962 1098 2033 5).

127 2058 194 2118 Hoc
214 2063 316 2116 tamen
332 2054 414 2116 recte
433 2051 538 2114 dicunt
552 2050 696 2114 Salmcnt.
714 2065 785 2110 oum
801 2049 929 2122 Bonae,
944 2053 1023 2124 etc,
1039 2064 1101 2108 non

128 2143 256 2224 intelligi
268 2142 307 2204 de
324 2141 484 2206 collatione
502 2140 608 2221 primae
624 2145 775 2210 tonsurae,
791 2135 863 2196 clun
877 2134 941 2196 haec
952 2134 1019 2196 sine
1032 2151 1104 2214 pon·

128 2231 291 2296 tilicalibus
305 2229 489 2294 conferatur.
505 2228 589 2290 Idem
600 2225 705 2286 asserit
719 2223 863 2304 Phillipps
879 2221 1101 2304 (Decumates,

129 2329 204 2386 tom.
222 2325 252 2398 l,
272 2340 302 2402 p.
316 2318 389 2400 469)
404 2324 434 2380 et
452 2317 564 2381 Hallier
586 2312 708 2396 (Cursus
721 2311 954 2394 conplet.,tom.
966 2314 1024 2390 ul,
1043 2311 1101 2374 col.

129 2411 222 2492 1381)
235 2409 273 2470 de
287 2407 457 2470 minoribus
470 2405 640 2468 ordinibus.
921 2459 923 2464 .

169 2503 261 2579 Resp.
278 2503 311 2559 2⁰
329 2497 386 2570 Qui
400 2495 534 2569 ordines,
549 2500 631 2554 extra
643 2497 781 2572 tempora
798 2491 896 2570 tjure
907 2489 1102 2571 prescripta,

129 2588 196 2652 sine
208 2585 329 2649 lieentia
346 2585 377 2648 S.
397 2581 552 2646 Pontifieis
573 2579 709 2657 confert,
724 2578 955 2660 suspensionem
970 2577 1103 2642 terendae

129 2675 288 2740 sententiae
309 2676 328 2736 t
346 2671 506 2740 collatione
526 2669 669 2732 ordinum
691 2668 735 2732 sic
752 2667 932 2732 collatorum
957 2667 1048 2730 simul
1074 2671 1105 2730 et

129 2763 324 2848 superiorum
337 2761 474 2825 incurrit.
490 2760 562 2840 Gap.
578 2756 667 2832 Suae,
680 2756 725 2820 De
739 2765 828 2838 temp.
844 2764 873 2820 et
885 2755 969 2837 qual.
985 2755 1049 2818 ord.

165 2858 299 2926 Clericus
306 2856 431 2925 amenter
444 2851 481 2915 ad
495 2865 597 2914 sacros
610 2844 731 2910 ordines
745 2845 902 2925 promotus
915 2843 1001 2902 extra
1012 2842 1092 2901 tem·

127 2968 215 3034 pora,
235 2947 301 3010 sine
318 2945 419 3008 debita
432 2937 668 3021 dispensatione,
685 2935 751 3015 ipso
765 2931 844 2994 lacto
856 2930 890 2992 fit
908 2942 1091 3006 suspensus;

127 3045 159 3102 et
172 3039 196 3100 si
210 3035 369 3106 ministret,
383 3027 558 3110 irregularis
565 3024 695 3088 efficitur
707 3041 714 3084 :
731 3019 873 3100 aquibus
886 3015 983 3096 poenis
993 3012 1093 3074 absol·

128 3144 198 3190 vere
209 3125 256 3188 vel
269 3125 302 3186 in
315 3123 359 3186 eis
372 3120 547 3198 dispensare
560 3117 659 3195 posset
673 3108 851 3189 Episcopus,
862 3104 888 3165 si
900 3102 1043 3163 delictum
1054 3099 1091 3162 sit

128 3215 303 3292 occultum3
319 3211 345 3274 si
360 3209 434 3274 verd
449 3207 487 3270 sit
499 3204 666 3286 publicum,
682 3215 721 3262 an
735 3203 809 3259 tunc
823 3194 860 3254 sit
872 3187 1094 3254 recurrendum

128 3303 170 3368 ad
184 3303 254 3367 Sed.
266 3306 368 3382 Apost.
385 3295 628 3362 controvertitur.
641 3287 744 3350 Ablata
757 3290 891 3362 estsusp.
909 3279 941 3340 G.
958 3284 1012 3355 Ap.
1023 3275 1093 3339 Sed.

171 3395 262 3474 Resp.
285 3391 316 3454 3⁰
337 3387 394 3462 Oui
412 3386 491 3449 dous
511 3381 633 3446 ordines
652 3393 753 3440 sacros
770 3371 887 3436 confert
905 3367 1013 3430 eadem
1031 3362 1092 3440 die,

131 3481 226 3546 etiem
248 3478 453 3561 regularibus,
474 3469 706 3554 suspensionem
728 3467 745 3528 a
770 3460 931 3526 collatione
953 3453 1095 3518 ordinum

132 3569 272 3636 incurrit.
297 3567 357 3632 Sed
379 3567 547 3646 disputatur
572 3576 612 3622 an
635 3555 700 3618 haec
726 3549 885 3632 suspensio
902 3545 940 3610 ait
966 3536 1100 3606 loterel

134 3658 269 3728 terendae
283 3655 449 3721 sententiaa.
467 3655 509 3714 De
521 3651 556 3712 et
572 3649 638 3710 silet
651 3647 684 3708 G.
701 3647 760 3725 Ap.
777 3640 846 3704 Sed.

177 3744 235 3822 Hui
250 3746 358 3829 recipit
371 3745 448 3806 duos
461 3740 582 3805 ordines
598 3751 710 3808 sacros,
725 3729 833 3795 eodem
846 3726 907 3799 die,
