2548 4216
222 253 283 312 384
498 267 647 312 crannum
668 267 751 312 runis
772 265 923 312 cruorum.

263 365 361 427 Etiam
381 366 413 428 in
427 385 499 430 casu
517 385 579 448 quo
594 366 795 446 parochianus
816 367 936 430 decedit
950 367 982 428 in
997 366 1175 446 monsterio,

224 451 269 513 vel
282 455 440 519 casualiter
462 455 508 519 vel
521 461 667 538 tanquam
680 455 806 538 hospes,
823 456 972 538 parochus
986 456 1024 518 ad
1042 456 1176 519 lunusro

224 541 285 602 cari
299 542 400 607 dehet.

263 631 330 692 Non
344 639 445 696 autem
468 632 639 698 necessarid
657 633 815 697 'vocandus
837 639 883 696 est
903 633 1054 716 parochus
1077 633 1176 715 quando

224 717 381 800 religiosus
394 723 511 785 decedit
528 729 611 784 extra
624 723 852 786 monasterium.
867 725 926 785 Iste
940 723 1025 784 euim
1042 723 1177 786 defunctus
1245 783 1246 810 ,

225 814 321 887 potest
334 810 442 873 deferri
455 811 493 874 ad
507 811 724 874 monasterium
738 818 769 875 et
782 811 919 893 sepeliri,
932 811 1103 874 inconsulto
1114 831 1177 894 paro
1245 813 1246 818 ’

136 897 143 908 ’
225 896 291 958 cho.
309 901 340 961 S.
358 901 469 982 Congr.
487 902 592 978 Cone,
610 900 707 980 aJulii
723 904 812 967 1620.

265 987 392 1057 Quando
406 989 551 1070 regularis
564 989 724 1052 defunctus
735 989 856 1068 sepeliri
868 991 974 1072 nequit
988 990 1023 1051 in
1038 990 1178 1052 eonventds

224 1075 348 1137 ecclesia
373 1076 536 1158 (obstante,
559 1097 587 1140 v.
605 1099 634 1158 g.
655 1077 721 1159 lege
740 1077 834 1153 civili,
858 1086 891 1141 ut
913 1078 1006 1141 hodic
1027 1080 1059 1140 in
1081 1079 1177 1161 Gallia),

223 1172 351 1244 possunt
363 1167 515 1247 regulares
535 1166 661 1230 cadaver
673 1167 712 1228 ad
732 1184 895 1230 commuue
913 1169 1118 1231 coemeterium
1136 1167 1178 1230 de·

226 1250 303 1314 serre
325 1271 397 1316 cum
416 1255 492 1318 stola
512 1261 542 1317 et
561 1274 652 1319 cruce
675 1257 864 1330 convenitis,
888 1256 1006 1338 absque
1034 1259 1178 1320 interventu

224 1340 316 1403 ullius
330 1343 470 1423 parochi,
485 1343 652 1407 dummodo
665 1350 767 1407 tamen
781 1345 907 1407 cadaver
921 1345 1076 1408 deleratur
1087 1346 1179 1428 absquo
1246 1371 1247 1376 ¹

226 1429 353 1493 solemni
363 1435 474 1516 pompa
486 1441 515 1495 et
526 1441 607 1496 recto
620 1433 741 1496 tramite
750 1432 788 1495 ad
797 1435 1021 1496 coemeterium.
1034 1439 1092 1497 Res
1100 1435 1179 1496 decise

225 1517 282 1581 luit
293 1519 324 1582 in
337 1524 428 1584 causa
437 1522 552 1584 ordinis
562 1521 811 1597 Praedieatorum,
824 1527 863 1585 24
875 1524 997 1602 januar.
1017 1528 1105 1588 1846.
1115 1526 1179 1596 Qua

226 1607 297 1670 dam
310 1615 411 1672 tamen
425 1611 495 1674 oriri
511 1617 632 1693 possent
646 1610 833 1674 difficultates
848 1611 928 1693 apud
952 1630 1011 1674 nos
1025 1613 1101 1676 circa
1119 1631 1178 1694 pre

225 1697 321 1759 latum
333 1719 452 1773 casum,
467 1701 551 1779 juxta
562 1700 747 1781 Episcopum
763 1700 917 1780 andegav.

267 1787 371 1850 Clarus
384 1788 535 1853 saecularis
558 1787 632 1848 nihil
655 1794 752 1868 potest
774 1788 962 1869 praetendere
987 1797 1109 1873 propter
1125 1807 1178 1852 ere·

226 1875 313 1954 quias
337 1885 390 1939 aut
417 1877 602 1959 sepulturam
638 1875 860 1940 monachorum
890 1877 1092 1942 morientium
1116 1883 1179 1940 extra

227 1963 365 2028 claustra.
388 1969 419 2029 S.
445 1968 477 2028 G.
497 1965 638 2048 Episcop.
660 1971 691 2027 et
713 1967 800 2047 fleg,
823 1970 863 2028 al
885 1967 1031 2031 novemb.
1055 1970 1141 2046 1634,
1158 1971 1180 2028 et

225 2057 265 2115 24
280 2063 356 2136 sept.
373 2059 461 2118 1636.

267 2143 314 2204 Ad
331 2145 496 2227 parochum
506 2144 646 2227 pertinet,
658 2143 781 2225 quaudo
795 2143 861 2222 ejus
872 2144 1077 2225 parochianus
1085 2145 1120 2208 ab
1131 2143 1181 2207 aliis

224 2233 385 2314 sepelitur,
410 2239 441 2296 et
463 2232 494 2295 in
516 2232 613 2295 atiena
636 2233 778 2308 ecelesia,
802 2233 909 2294 stolam
929 2233 1070 2314 deleme,
1091 2251 1181 2315 eorpus

227 2321 244 2383 d
266 2321 359 2386 donno
381 2323 494 2399 levare,
518 2323 597 2402 aqud
619 2321 777 2384 benedicta
796 2339 971 2403 respergere
988 2329 1020 2385 et
1038 2325 1182 2406 pmciucre

227 2412 422 2492 antiphonam
436 2409 628 2473 Eeultulunt
640 2410 785 2484 Domino,
808 2410 976 2472 orationem
990 2414 1111 2476 solitam
1127 2417 1182 2474 aute

226 2500 348 2577 januam
380 2500 515 2564 ecclesie
541 2506 675 2563 cantare.
703 2501 813 2562 -lta
841 2499 954 2581 pluries
985 2501 1019 2565 S.
1051 2503 1180 2584 Congreg.

225 2589 361 2650 ltituum.
1248 2601 1249 2604 ’

266 2679 337 2740 Haec
352 2679 539 2762 regularibus
549 2697 611 2742 non
621 2678 723 2756 licent,
733 2678 789 2742 etsi
803 2677 836 2741 in
848 2696 952 2742 earum
962 2681 1092 2746 eeclesia
1102 2677 1182 2762 sepul

224 2773 293 2827 tura
309 2766 377 2844 fiat,
393 2768 449 2829 nisi
462 2787 533 2831 casu
550 2787 612 2850 quo
625 2773 748 2831 vocatus
770 2767 932 2850 parochus,
955 2777 984 2830 ct
1006 2790 1063 2852 per
1081 2778 1182 2850 tempus

222 2871 320 2915 unam
329 2855 435 2917 horam
446 2873 508 2917 non
516 2856 854 2939 excedensexpectatus,
863 2857 1181 2925 renueritintervenirer

223 2951 299 3008 tunc
313 2951 439 3025 possunt
451 2944 489 3007 ad
503 2964 589 3009 suam
603 2945 762 3008 ecclesiam
775 2944 903 3009 deferre.

266 3033 418 3096 Parcchus
439 3041 541 3098 autem
563 3040 682 3098 tenetur
713 3033 861 3100 associare
887 3033 1015 3100 cadaver
1042 3032 1182 3121 usquead

221 3124 361 3188 eeclesiae
384 3125 571 3208 regularium
599 3125 736 3202 januam.
770 3124 975 3188 «Occasione
1002 3122 1182 3191 funerationis

231 3234 246 3273 u
264 3214 442 3278 cadaverum
465 3214 587 3277 alterius
607 3211 745 3276 dioecesis
766 3217 818 3275 aut
840 3212 989 3295 parochiae
1009 3215 1042 3278 in
1065 3211 1182 3279 ecclesiis

232 3324 247 3364 ι
266 3303 469 3384 regularium,
484 3307 581 3384 potest
593 3300 733 3384 proprius
751 3301 900 3383 parochus
912 3302 1047 3366 defuncti
1061 3304 1099 3366 ad
1111 3302 1182 3366 ettae

231 3413 247 3451 u
266 3397 333 3454 tum
345 3390 497 3453 deferendi
514 3389 774 3471 processionaliter
793 3390 919 3453 cadaver
932 3391 971 3452 ad
983 3391 1080 3456 dictas
1096 3391 1181 3456 eccle·

230 3501 246 3540 a
265 3481 339 3557 sias,
354 3481 447 3544 libere
460 3479 586 3542 transire
599 3497 654 3562 per
666 3497 877 3561 quascumque
890 3479 1036 3544 dioeceses
1054 3489 1085 3544 et
1105 3496 1181 3563 paro·

231 3567 347 3630 achias
373 3587 443 3631 cum
471 3568 601 3630 stultat
628 3586 719 3632 cruce
743 3567 872 3647 elevata,
900 3570 991 3632 etiam
1020 3567 1181 3652 irrequisitis

229 3679 245 3714 (ι
265 3657 441 3718 earumdem
455 3656 605 3739 parochis.
620 3677 637 3718 u
655 3656 701 3740 (S.
716 3657 866 3740 Congreg.
882 3657 1073 3742 Episcopor.,
1088 3664 1124 3720 ht
1136 3676 1179 3718 uo·

228 3743 472 3824 serrrhrislll3.)
