2616 4228
208 261 249 324 30
468 273 627 320 ausurum
645 273 729 320 runis
752 271 903 320 cuneum.

210 419 225 452 ι
248 391 353 472 magis
364 390 456 473 nigra
470 397 501 452 el
515 388 597 486 rudi..
617 412 629 446 r
646 388 749 471 (licili.
767 389 789 451 l.
807 389 835 465 l,
849 389 895 451 tit.
913 387 943 468 2,
963 389 1024 470 tt.)
1040 389 1203 472 Antiquae

209 480 319 537 autem
336 470 499 534 character
517 470 652 612 {ellicus
670 477 812 532 recenter
824 468 969 532 sublatus
988 478 1036 533 est
1055 489 1074 534 a
1095 469 1202 536 Leone

211 552 292 630 lllll,
310 569 451 631 ususque
464 552 522 632 sigi
539 549 559 612 li
576 549 717 631 plumbei
733 549 772 611 ad
793 550 928 643 majeres
942 549 1050 613 Bullas
1070 551 1202 616 restric-

184 633 519 792 tererent·
536 628 589 774 a.
609 631 690 772 tri
709 628 1202 804 tt⁷tlrulurluau

211 814 249 860 ex
269 794 367 857 altera
389 811 511 884 nomen·
532 790 623 873 Papae
644 801 816 884 pegnantrs.
834 789 936 870 Hujus
961 791 1200 885 locorumino·

211 877 302 939 ribus
317 873 417 936 Bullis
439 871 608 934 adhibetur
628 871 769 952 sigillum
786 871 921 934 rubrum
943 879 975 933 et
994 888 1154 954 rmagrnes
1169 881 1200 935 et

211 973 330 1020 nornen
345 951 509 1015 exhibens.

251 1043 361 1105 Brevia
375 1050 451 1104 sunt
460 1059 504 1103 eae
519 1039 630 1104 littera
642 1059 713 1122 quae
726 1040 944 1104 destituuntur
958 1039 1069 1104 formis
1083 1039 1200 1105 solem·

211 1122 320 1187 nibus.
347 1121 576 1185 Describuntur
595 1121 628 1182 in
650 1122 847 1184 membranis
866 1121 1023 1196 candidis,
1038 1129 1200 1186 caractere

211 1204 314 1268 nitido
329 1201 385 1285 qui
401 1201 518 1264 dicitur
543 1200 675 1278 lotiaos5
697 1200 941 1264 subscribuntur
959 1218 1025 1264 non
1047 1199 1066 1262 a
1088 1199 1200 1266 Ponti·

210 1283 281 1362 fica,
298 1288 386 1345 seua
414 1281 568 1344 cardinali
591 1284 646 1362 qui
671 1280 788 1344 dicitur
812 1283 1009 1346 torretorresi
1024 1281 1200 1346 Brecium:

209 1363 288 1447 ipsis
301 1362 495 1444 imprimitur
508 1363 643 1425 annolus
656 1361 822 1426 Piscatorls
842 1361 898 1444 qui
920 1359 1050 1426 exhibet
1069 1359 1201 1426 Petrum

207 1443 381 1526 jacientem
396 1444 487 1505 retia.

249 1531 319 1596 Non
335 1531 474 1594 multum
485 1540 558 1592 ante
568 1547 670 1593 annos
680 1531 930 1613 quadringentos
941 1531 1092 1594 inventus
1101 1527 1200 1595 fuisse

209 1613 337 1678 uidetur
350 1613 481 1676 causulas
493 1611 671 1675 Piscatores.

249 1699 299 1764 43.
318 1700 429 1763 Brevia
449 1700 480 1762 S.
506 1699 923 1772 Preniteutiariae'diversam
944 1700 985 1762 ab
1005 1696 1057 1760 bis
1074 1696 1198 1763 habent

209 1778 357 1852 formam,
374 1779 515 1860 sigillum
532 1793 562 1842 et
576 1781 756 1843 ministros.

249 1867 365 1931 Praeter
378 1868 576 1948 supradictas
595 1867 695 1930 varias
711 1869 832 1949 species
854 1867 1032 1932 litterarum
1048 1865 1198 1946 apostoli·
1289 1897 1290 1908 t

209 1966 332 2022 carum,
346 1955 420 2012 sunt
436 1947 541 2010 adbuc
551 1947 765 2012 Oruculocivm
776 1949 868 2023 cocis,
886 1967 941 2012 seu
951 1945 1200 2020 declarationes,

208 2028 398 2102 decisiones,
419 2046 473 2090 seu
507 2031 726 2092 concessiones
746 2034 765 2090 b
786 2027 816 2092 S.
840 2028 989 2093 Pontifice
1010 2026 1076 2092 sola
1106 2045 1198 2106 voce,

170 2129 173 2140 ’
207 2125 265 2172 seu
275 2127 330 2172 ore
345 2107 437 2171 leuius
451 2111 532 2172 naue
549 2109 633 2176 ;alia
649 2120 722 2170 sunt
737 2110 920 2190 cullreutico,
936 2118 967 2172 et
981 2109 1042 2172 alia
1059 2124 1120 2170 oon
1134 2125 1197 2171 ou-

208 2188 340 2253 lbeulico
353 2208 360 2252 :
373 2189 545 2252 orrlbeulicu
560 2188 719 2251 lrabenlur
728 2190 858 2272 quando
869 2191 901 2252 in
914 2191 1103 2284 scripturam
1113 2187 1198 2251 redi·

207 2279 327 2351 guntur
337 2277 367 2332 et
379 2269 559 2331 testimonio
571 2268 712 2344 illorurn,
726 2269 844 2352 quibus
854 2287 890 2333 es
902 2269 1008 2333 cilicio
1019 2267 1196 2348 incumbit,

206 2351 446 2432 consignantur.
464 2349 496 2414 Si
518 2361 645 2412 careant
661 2351 710 2412 bis
733 2349 983 2426 conditionibus,
1005 2349 1197 2413 authentica

205 2448 271 2494 non
287 2440 361 2493 sunt
377 2455 385 2506 3
402 2441 536 2512 possunt
552 2434 655 2493 valere
667 2442 771 2492 tamen
787 2449 846 2513 pro
860 2430 1066 2494 conscientia,

245 2519 290 2580 De
304 2519 441 2599 gratiisa
454 2517 485 2581 S.
501 2518 653 2582 Pontiliea
668 2520 825 2583 concessis
838 2519 1069 2583 attestationem
1086 2523 1196 2588 lacere
1286 2543 1287 2558 ³

205 2613 339 2680 possunt
352 2617 390 2660 ex
405 2599 510 2661 oliicio
526 2617 534 2660 :
554 2603 584 2660 1⁰
599 2598 781 2662 Cardinales
795 2599 914 2682 quibus
934 2600 966 2662 id
990 2599 1085 2664 suerit
1103 2623 1193 2668 com-

204 2679 360 2751 missum;
377 2677 408 2740 20
423 2679 528 2758 Legati
539 2688 571 2742 et
585 2678 705 2756 Nuntii,
723 2679 840 2744 Notarii
856 2679 1035 2762 apostolici,
1051 2683 1191 2764 Praelati,
1285 2757 1286 2760 Ἴ

205 2757 388 2836 camerarii,
400 2759 565 2821 Auditores
576 2758 662 2824 Sacri
675 2760 783 2823 Palatii
796 2770 826 2823 et
836 2761 1001 2824 Secretarii
1012 2761 1191 2828 litterarum

206 2839 462 2931 apostolicarum.
486 2839 624 2906 Praebet.
650 2839 682 2906 S.
710 2840 839 2922 Sulpitii
853 2845 898 2919 (η’
920 2842 1017 2913 ibin
1032 2841 1107 2927 line)
1135 2845 1190 2908 ubi

206 2927 345 2982 ertantur
357 2919 519 2985 Reiffensl.
538 2921 607 3001 (lib.
622 2921 653 2998 b,
671 2921 718 2984 tit.
735 2920 785 2999 33,
802 2921 817 3003 ς
833 2921 862 3000 7,
877 2920 919 2984 n¹'
932 2919 1097 3005 rte-rot„
1113 2923 1191 2987 Fer·

162 3081 165 3094 ¹
203 2999 297 3080 raris,
312 3015 344 3064 νο
358 2999 490 3065 Oroculc
501 3002 578 3064 vivo
591 3003 681 3066 cocis.

160 3260 188 3380 p

170 3329 187 3375 '¹
235 3359 286 3422 tt.
303 3357 442 3423 Concilia
457 3365 531 3452 sunt
545 3365 636 3422 ectus
653 3359 837 3452 auctoritate
860 3360 994 3452 lepilimrl
1018 3368 1191 3445 conprepati

195 3440 412 3584 mmmdcc
424 3446 543 3521 reporta
557 3441 768 3515 ecclesiastico,
784 3441 821 3502 dc
842 3441 948 3520 quibus
962 3441 1106 3524 Episcopi
1117 3462 1187 3525 pre

409 3188 458 3252 lll.
475 3223 514 3237 —
532 3189 578 3254 Da
598 3208 797 3256 roucruronmr
815 3209 969 3255 uernans

192 3663 266 3736 bulla
280 3661 372 3735 dicitur
384 3675 470 3734 carrea,
499 3663 564 3736 quod
581 3662 635 3712 rarb
648 3661 772 3735 contingit
782 3675 790 3736 ξ
815 3665 840 3712 et
861 3663 914 3712 lieri
931 3665 1029 3714 tantbm
1052 3679 1185 3718 consuere·

191 3725 480 3843 ffissnffiffpmmmbm
501 3725 590 3788 quibus
619 3726 755 3776 electiones
781 3728 987 3790 imperatorumi
1015 3728 1079 3792 Papa
1094 3729 1185 3780 confir*
