2526 4210
161 274 218 328 232
437 278 590 322 araneum
610 276 693 321 rums
714 276 862 321 cxxoxrcr.

160 379 361 460 dependens'b
372 377 512 440 sodetate
527 395 580 438 seu
591 375 766 439 auctoritate
780 375 944 456 spirituali,
956 375 1032 456 quin
1048 377 1142 438 simul

161 469 276 528 dicatur
299 465 506 546 independens
525 464 626 552 alege
644 464 745 525 divina
766 465 797 524 in
811 463 1048 543 temporalibus,
1068 465 1142 526 enm

161 555 260 614 oxxrnis
274 554 322 614 lex
332 553 432 615 divina
445 553 484 614 sit
496 552 665 614 necessario
679 549 899 632 promulganda
911 551 949 610 ab
963 551 1142 613 auctoritate
1257 541 1258 568 ³

162 643 324 722 spirituali,
339 660 409 723 quae
424 641 462 702 ad
476 641 533 702 boc
550 639 605 702 init
622 640 766 702 instituta.
784 640 877 700 Porrb
894 638 1047 700 horrenda
1064 658 1143 700 con·

160 731 285 792 scolaria
298 749 336 792 ex
350 733 408 791 boe
420 729 570 810 principio
584 727 741 790 dimanant
757 747 764 788 :
783 727 807 788 si
824 727 906 788 enim
921 727 1076 788 saecularis
1092 745 1145 807 po

164 824 251 880 testas
264 819 301 880 sit
315 817 523 897 independens
537 816 555 877 b
569 816 634 896 lege
646 816 763 891 divina,
779 821 853 878 tunc
867 815 997 876 nefanda
1012 833 1148 896 quaeque

164 907 328 987 perpetrari
355 912 385 966 et
409 906 551 985 imperari
575 911 728 984 poterunt.
755 905 805 966 Sic
830 903 1010 982 justificatur
1037 904 1146 965 Henri-

164 1012 217 1056 cus
228 996 293 1054 Vlll
305 999 408 1055 auctor
425 992 548 1072 lugendi
562 992 730 1054 schismatis
755 992 870 1073 Angliae
888 994 1000 1052 saeculo
1016 993 1099 1068 XVI,
1116 999 1148 1054 et

164 1081 253 1142 simul
266 1099 335 1142 cum
350 1099 386 1142 eo
400 1099 508 1142 omnes
521 1081 641 1161 tyranni
654 1086 683 1142 et
697 1087 904 1160 persecutores
917 1080 1063 1142 Ecclesiae
1075 1081 1147 1160 jus·

165 1167 326 1231 rideantur.
340 1169 388 1230 Sic
402 1169 511 1249 pariter
524 1169 723 1248 justificantur
735 1169 870 1230 Minister
884 1167 1015 1228 luriaeus
1029 1175 1059 1228 et
1070 1170 1097 1229 J.
1115 1171 1147 1229 l.

49 1319 51 1324 ,
165 1253 318 1318 Rousseau
334 1257 486 1318 dicentes:
502 1259 567 1318 «Le
578 1256 736 1326 souverain
748 1257 797 1317 n’a
809 1275 862 1338 pas
874 1255 979 1316 besoin
990 1255 1029 1316 de
1043 1256 1148 1318 raison
1205 1255 1208 1261 ’

170 1363 185 1400 a
206 1362 284 1423 pour
298 1345 410 1406 valider
423 1363 470 1406 ses
483 1351 573 1408 acles.
590 1367 605 1404 u

183 1437 185 1442 ’
205 1432 321 1494 Exinde
336 1435 460 1513 insuper
471 1433 610 1496 concludi
621 1439 719 1515 potest
731 1433 845 1496 nullam
858 1452 923 1496 esse
933 1433 1152 1496 auctoritatem

166 1521 363 1601 temporalem
375 1541 382 1582 :
398 1523 480 1584 nulla
494 1522 577 1584 enim
589 1529 633 1586 est
647 1528 789 1603 potestas,
805 1541 874 1604 quae
888 1525 904 1584 a
917 1525 982 1584 Deo
993 1541 1054 1584 non
1070 1541 1152 1603 pro·

166 1608 259 1685 cedit;
281 1609 333 1672 sed
353 1617 484 1690 potestas
503 1629 571 1691 qua
588 1613 605 1672 a
625 1612 691 1690 lege
708 1610 809 1672 divina
822 1617 866 1672 est
885 1610 1094 1691 independens
1106 1613 1151 1686 ,a

166 1698 230 1760 Deo
254 1699 415 1776 procedere
439 1699 552 1778 nequit.
569 1701 649 1779 llrgo
667 1699 746 1760 nulla
762 1705 821 1775 est,
839 1707 869 1761 et
882 1718 953 1780 erga
971 1700 1053 1760 illam
1073 1699 1151 1761 sub-

166 1785 255 1863 jectio
270 1794 398 1866 asterga
412 1805 524 1866 purum
538 1787 694 1849 hominem
708 1787 866 1866 subjectio,
880 1806 914 1850 ac
929 1787 1056 1868 proinde
1071 1788 1154 1853 nihil

167 1871 247 1932 aliud
262 1875 354 1952 cruam
367 1875 462 1954 turpis
473 1875 608 1937 servitus.
621 1878 702 1956 Ergo
711 1877 827 1938 ratione
841 1882 958 1937 constat
972 1877 1154 1939 societatem

167 1961 365 2039 temporalem
385 1979 446 2024 non
461 1981 527 2025 esse
539 1965 607 2042 jure
627 1963 729 2026 divino
748 1965 875 2026 omnino
889 1964 1158 2046 independentem

68 2129 70 2136 y
167 2047 184 2107 b
200 2049 340 2111 societate
355 2051 512 2130 spirituali.

207 2138 268 2198 Nee
292 2138 450 2218 objiciatur
476 2157 541 2200 esse
569 2138 723 2220 duplicem
746 2146 923 2222 potestatem
949 2141 1156 2220 distinctam,

168 2226 364 2303 temporalem
380 2245 490 2306 nempe
505 2235 535 2288 et
553 2227 756 2307 spiritualem;
779 2230 860 2310 atqui
880 2249 941 2291 non
961 2239 1062 2293 essent
1078 2231 1160 2298 duae

167 2310 330 2390 distinctae,
347 2315 398 2374 sed
422 2333 484 2375 una
504 2314 647 2377 duntaxat
670 2323 817 2395 potestas,
841 2319 865 2379 si
885 2337 945 2380 una
961 2321 1045 2382 alteri
1059 2331 1161 2387 ‘esset

168 2399 313 2480 subjecta.
331 2404 428 2482 Ergo,
446 2410 503 2464 ete.
524 2437 563 2448 —
577 2405 654 2465 Nam
677 2405 875 2484 respondetur
898 2407 980 2487 qubd
999 2408 1058 2468 sint
1077 2409 1160 2476 duae

167 2494 328 2566 potestates
342 2489 489 2552 distinctae
504 2492 604 2572 quoad
613 2494 843 2574 proprietatem,
862 2497 916 2556 etsi
931 2515 992 2557 nnn
1009 2497 1068 2558 sint
1079 2498 1160 2566 duae

174 2575 266 2654 {nond
286 2577 493 2639 omnimodam
520 2579 773 2662 independentem
794 2602 801 2642 :
822 2583 853 2644 in
867 2585 1041 2665 exemplum
1053 2586 1157 2666 invo-

169 2663 227 2722 tari
244 2671 340 2742 potest
352 2672 482 2745 potestas
493 2677 635 2748 paterna,
649 2688 717 2751 quae
729 2672 806 2751 patri
820 2673 966 2752 competit
981 2675 1012 2735 in
1029 2673 1111 2738 filios
1123 2687 1157 2742 et

168 2765 222 2830 pro
240 2752 456 2830 gubernatione
475 2754 607 2818 fanxiliae.
624 2759 696 2820 Haec
710 2766 839 2839 potestas
856 2779 917 2822 non
930 2763 1011 2823 venit
1024 2765 1042 2828 a
1053 2783 1154 2848 rege,

167 2838 219 2898 sed
234 2840 325 2900 aDeo
340 2859 393 2919 per
412 2842 508 2922 legem
522 2845 690 2907 naturalem
704 2854 733 2906 et
746 2846 897 2925 divinam,
913 2850 995 2912 unde
1014 2854 1031 2914 a
1046 2860 1156 2933 potes·

168 2931 225 2987 tate
241 2929 543 3009 regiadistinguitur,
557 2939 689 2996 attamen
699 2936 914 2998 subordinatur
924 2940 999 3020 Regi
1011 2941 1043 3000 in
1053 2961 1150 3024 quan·

168 3019 231 3076 tum
254 3017 383 3096 postulat
407 3018 522 3081 bonum
541 3023 705 3098 societatis,
726 3030 756 3086 et
777 3026 834 3088 sub
855 3025 913 3089 hoc
932 3035 1074 3108 respectu
1093 3050 1154 3099 seu

168 3106 266 3183 quoad
282 3105 450 3168 absolutam
465 3109 746 3174 subordinationem
761 3131 822 3175 nun
837 3113 1044 3196 distinguiturt

205 3192 325 3256 Probat.
343 3197 375 3258 2⁰
388 3194 594 3260 Auctort'tute:
610 3202 644 3262 ln
669 3200 755 3262 Bulla
777 3201 873 3264 Unam
887 3213 1031 3279 muctam,
1053 3207 1149 3273 Boni·

173 3277 259 3342 iacius
269 3285 345 3361 Vlll,
360 3292 519 3366 postquam
534 3286 641 3350 dixerit
658 3307 666 3350 :
686 3291 848 3372 «Uterque
862 3291 1043 3374 (gladius)...
1055 3305 1105 3359 est
1118 3301 1153 3361 in

175 3390 186 3427 x
208 3378 350 3450 potestate
377 3375 542 3452 Ecclesiae,
573 3376 735 3458 spiritualis
763 3381 875 3442 scilieet
903 3391 931 3442 et
960 3385 1152 3460 materialis;

171 3480 185 3516 a
205 3459 257 3520 sed
276 3461 301 3520 is
315 3461 438 3543 quidem
456 3482 511 3545 pro
524 3465 673 3546 Ecclesia,
689 3467 739 3530 ille
756 3469 828 3530 verb
847 3469 885 3530 ab
902 3470 1036 3533 Ecclesia
1060 3492 1148 3536 exer-

171 3569 184 3605 u
205 3547 338 3625 cendus;
354 3550 402 3612 ille
416 3553 596 3634 sacerdotis,
612 3555 637 3618 is
652 3573 747 3620 manu
762 3575 870 3639 regum
883 3565 911 3619 et
927 3559 1056 3621 militum
1070 3608 1079 3640 ,
1095 3563 1151 3625 sed

170 3635 242 3697 aad
262 3645 367 3700 nutum
382 3647 410 3700 et
429 3641 602 3721 patientiam
622 3645 827 3725 sacerdotis»,
847 3646 970 3726 adjicit:
990 3650 1147 3731 «Oportet

169 3745 184 3782 a
205 3731 306 3788 autem
319 3728 452 3805 gladium
467 3748 532 3793 esse
546 3732 604 3794 sub
621 3733 738 3816 gladio,
755 3742 785 3796 et
799 3737 998 3818 temporalem
1013 3737 1132 3803 auctori
