2526 4210
174 282 234 338 20ss
445 293 595 338 smnnnrn
619 288 702 336 tultis
723 287 873 334 concuret.

182 411 277 468 «esp
262 390 408 470 euripos)
427 391 601 452 Ecclesiae.
623 389 676 470 qui
698 387 769 449 cium
792 386 946 448 uenissent
967 385 1006 448 ad
1029 405 1104 450 eum
1129 394 1156 450 et

153 475 199 566 'qu
220 478 310 541 simul
334 484 453 553 essent,
468 478 544 539 dixit
565 479 646 540 eis...
665 474 840 537 :Attendite
861 475 947 536 vobis
961 481 992 536 et
1013 477 1156 539 universo

170 587 200 622 o
221 583 315 645 gregr
326 585 427 647 rnquo
436 584 488 627 ros
498 567 626 647 Spiritus
635 567 762 626 sauctus
770 563 870 642 posurt
879 562 1042 644 Episcopos
1053 583 1156 645 regere

191 654 389 715 :Ecclesiam
413 653 478 716 llei.
493 656 609 735 »Ergo
633 651 738 732 primis
760 650 903 712 Ecclesire
926 653 1044 714 saeculis
1069 653 1156 716 iidem

185 747 268 802 erant
280 743 444 822 presbyteri
460 750 490 802 et
503 741 653 822 Episcopi.
670 741 762 819 Ergo,
777 746 835 801 etc.

224 831 314 910 Resp.
336 830 453 910 Duplici
469 831 635 910 presertim
653 827 746 892 modo
760 833 939 908 presentem
954 827 1158 896 difficultatem

186 917 283 980 solvi:
306 924 337 978 1ο
357 917 413 979 Alii
434 919 506 980 curn
529 919 649 980 Pelorio
670 917 788 993 dicunt,
813 916 985 996 primordiis
1008 919 1160 993 Ecclesiae,

188 1023 295 1066 omnes
317 1005 362 1067 rol
385 1006 544 1087 plerosque
567 1006 760 1087 presbyteros
782 1003 872 1064 simul
895 1005 1054 1068 ordinatos
1075 1007 1159 1068 luisse

189 1093 365 1174 Episcopus,
386 1100 422 1156 ut
450 1095 493 1156 sic
515 1094 615 1175 plures
639 1094 670 1154 in
693 1098 836 1174 promptu
857 1100 958 1153 essent
979 1094 1034 1172 qui
1054 1095 1153 1175 praelio

190 1179 322 1242 valerent
335 1181 422 1243 variis
435 1182 561 1244 urbibus
574 1188 604 1244 et
617 1180 736 1262 populis
748 1181 800 1260 qui
810 1179 944 1259 quotidie
957 1180 1053 1243 fidem
1071 1183 1150 1244 Chris

192 1267 304 1330 tianam
322 1269 579 1350 amplectebantur
595 1289 603 1331 τ
620 1267 701 1350 quod
720 1285 782 1329 non
802 1267 984 1348 impediebat
1002 1272 1159 1349 quominu.

192 1373 230 1418 ex
239 1362 312 1420 tunc
321 1356 555 1438 distingueretur
565 1358 761 1438 Episcopatus
771 1357 788 1417 lt
800 1355 929 1436 simplici
944 1359 1162 1439 presbyteratu.

233 1447 265 1506 2⁰
281 1445 336 1506 alti
352 1465 423 1507 oum
441 1445 608 1508 Mamachio
628 1445 734 1506 dicunt
747 1443 914 1524 Episcopus
935 1453 1063 1508 vocatos
1080 1448 1167 1510 luisse

194 1533 283 1595 eliam
300 1533 728 1615 presbyteros:presbyterum
742 1531 825 1594 enim
838 1550 905 1594 sese
920 1541 1005 1594 vocat
1016 1537 1049 1598 S.
1067 1538 1169 1598 Petrus

194 1624 237 1698 (1¹
253 1623 358 1702 Epist,
369 1641 397 1684 c.
411 1626 442 1698 5,
454 1642 481 1684 v.
499 1623 551 1703 l);
567 1622 701 1703 itemque
715 1623 747 1682 S.
762 1623 896 1683 loannes
909 1620 953 1702 (2¹
969 1623 1083 1703 Epist,
1097 1645 1125 1688 r.
1141 1631 1167 1700 l,

195 1717 223 1770 et
243 1715 273 1772 3³
297 1712 403 1790 Epist,
423 1731 451 1773 v.
471 1713 498 1787 l)
524 1729 532 1770 :
557 1709 639 1790 quod
664 1727 726 1770 non
748 1709 876 1789 impedit
893 1712 1065 1790 quominus
1088 1715 1168 1775 exsti·

196 1797 299 1859 tisscnt
311 1799 399 1860 eliam
415 1804 488 1860 tunc
501 1800 575 1860 meri
589 1797 764 1879 presbyteri,
776 1797 827 1877 qui
840 1803 992 1861 caractere
1007 1802 1169 1884 episcopati

195 1885 337 1946 carebam
354 1893 384 1948 ct
403 1886 441 1948 ab
455 1887 611 1968 Episcopis
629 1904 753 1966 prorsus
769 1884 902 1947 distincti
915 1897 1016 1953 erant.
1034 1892 1088 1953 Sic
1107 1910 1170 1954 seu·

196 1971 286 2034 tiebat
301 1976 332 2036 S.
344 1977 477 2037 loannes
486 1975 637 2057 Clrrysost.
650 1969 777 2054 (Hamil.
788 1973 819 2034 in
829 1993 896 2054 cap.
908 1975 985 2052 l,od
993 1977 1170 2062 Pnttipp.):

201 2082 217 2116 ι
238 2062 411 2143 Antiquilirs
423 2064 479 2144 ipsi
498 2063 589 2126 etiarn
604 2062 770 2144 presbyteri
781 2063 967 2138 uocabantur
979 2067 1128 2149 Episcopi
1146 2075 1171 2129 et

200 2150 360 2212 «Diaconi
384 2152 509 2226 Christi,
535 2159 565 2214 et
587 2149 728 2232 Episcopi
752 2151 931 2232 presbyteri.
954 2150 1110 2224 Quocirca
1131 2157 1172 2218 rol

202 2237 325 2301 ulrodie
348 2241 435 2302 urultl
458 2239 596 2321 Episcopi
621 2240 661 2300 ita
685 2239 822 2301 scribunt
845 2259 853 2300 :
880 2240 1126 2324 Conpresbytero
1147 2252 1173 2305 ot

202 2349 217 2384 o
239 2326 434 2390 Condiacono.
452 2327 634 2390 Procedente
647 2328 719 2389 vero
730 2333 879 2408 tempore,
891 2330 1051 2410 proprium
1062 2334 1175 2414 cuique
1248 2381 1250 2410 ,

202 2415 428 2480 «distributum
448 2423 493 2478 est
514 2434 638 2492 nomen,
660 2423 693 2477 ut
710 2415 761 2478 hic
782 2415 905 2496 quidem
919 2418 1113 2502 Episcopus,
1128 2423 1176 2484 ille
1249 2411 1250 2458 l

202 2524 219 2562 o
237 2505 309 2564 verd
324 2505 479 2587 presbyter
492 2503 669 2586 appelletur.
685 2525 701 2563 u
1249 2549 1250 2570 i

238 2590 335 2669 Objic.
355 2595 389 2654 2⁰
411 2594 498 2654 Plura
520 2593 657 2655 rerbaS.
684 2592 860 2673 Hieronymi
879 2593 991 2673 quibus
1010 2597 1096 2660 clare
1110 2619 1176 2680 pro
1249 2601 1250 2612 *

200 2679 295 2742 nunti
290 2686 355 2740 itur
369 2682 487 2742 nullum
502 2699 567 2743 esse
580 2680 742 2742 discrimen
753 2683 959 2762 Episcopum
953 2691 1032 2745 mler
1046 2693 1077 2748 ct
1092 2705 1174 2769 prcc-

200 2765 370 2848 byturum.
393 2769 483 2830 sicin
503 2769 597 2850 Epist.
618 2768 656 2830 ud
679 2770 781 2831 Titum
803 2787 895 2850 super
918 2771 965 2833 bis
987 2774 1090 2837 verbis
1115 2787 1176 2837 «ut

205 2877 220 2914 o
242 2857 400 2918 corzstituus
410 2877 464 2938 per
477 2857 607 2920 civitates
613 2856 835 2939 presbyteros»,
849 2864 921 2934 etc,
935 2861 994 2922 ait.
1010 2863 1124 2926 oldem
1133 2872 1175 2926 est

204 2966 220 3002 o
240 2961 313 3024 ergo
332 2946 487 3026 presbyter
509 2946 560 3026 qui
581 2953 610 3008 et
628 2946 812 3026 Episcopus;
835 2955 864 3008 et
881 2955 1047 3030 antequam
1061 2951 1176 3015 diaboli

204 3032 422 3096 «instinctu...
440 3033 589 3095 diceretur
604 3035 636 3094 iu
654 3035 798 3114 populis.
791 3053 797 3068 ·
814 3035 877 3117 Epo
893 3056 957 3096 sum
977 3037 1084 3115 Pauli,
1106 3043 1174 3121 Epo

205 3121 365 3203 «Apollo,
385 3123 513 3202 Eyo·
477 3141 505 3184 c.
506 3129 571 3183 tem
592 3121 716 3203 Copto,
743 3124 898 3184 communi
927 3126 1175 3208 prosbyterorum

206 3211 367 3272 «consilio
395 3210 534 3272 Erclesirc
557 3210 840 3289 gubernabantur...
866 3213 955 3274 Putat
976 3215 1088 3296 aliquis
1114 3238 1174 3281 nou

189 3279 221 3362 lo
241 3300 474 3380 scripturarum,
488 3298 541 3359 sed
556 3305 687 3360 nostram
701 3317 766 3360 esse
779 3302 959 3362 sententiam
964 3303 1174 3387 ,Episcopum

206 3408 220 3444 o
241 3396 271 3448 ct
282 3407 315 3469 pr
317 3389 435 3470 esbyter
436 3408 484 3448 uon
497 3406 587 3447 unum
602 3406 695 3449 csse...
711 3388 834 3468 Relegat
853 3392 986 3470 Apostoli
1001 3392 1040 3454 ad
1059 3394 1172 3475 Philip·

207 3495 222 3531 o
243 3477 452 3556 pensesrerbu
469 3475 619 3536 dicentis:
634 3476 788 3538 Perlucet
806 3477 1005 3542 Tr'mmotlrous
1028 3483 1174 3544 omnibus

208 3583 223 3621 o
243 3565 396 3625 Sanctis...
414 3582 485 3625 curn
504 3563 660 3644 Episcopo
677 3570 707 3624 et
722 3565 874 3644 diaconis,
892 3577 977 3629 etc...
995 3569 1078 3631 Sicut
1099 3589 1176 3652 ergo

193 3633 223 3708 'o
244 3651 407 3732 presbyteri
431 3653 529 3713 sciunt
546 3670 578 3712 se
598 3670 635 3713 or
655 3651 795 3716 rectene
817 3656 1057 3733 consuetudine,
1071 3658 1103 3719 ei
1120 3659 1174 3740 qui

195 3739 298 3797 'osibi
314 3741 491 3816 praepositus
506 3739 590 3800 luerit
609 3757 674 3800 esse
692 3741 852 3818 subiectos
868 3745 907 3804 ita
921 3747 1058 3824 Episcopi
1073 3765 1173 3807 nove·
