2562 4224
472 255 557 302 ttttun
579 260 696 309 rutnans.
1015 254 1070 314 ltl

99 389 193 435 unum
206 373 251 435 vel
265 370 367 453 plures
377 367 503 432 idoneos
514 369 593 433 viros
607 361 778 450 conferunt,
789 372 841 454 qui
854 371 918 448 vice
932 388 1071 434 omnium

99 463 221 543 eligant.

136 550 249 614 Electio
268 568 321 631 per
338 549 465 630 formam
485 549 626 612 scrutinii
644 551 694 612 illo
711 558 756 613 est
774 569 854 632 quae,
875 549 1072 632 praesentibus

98 639 240 702 omnibus
257 638 310 720 qui
332 637 447 713 debent,
470 636 570 700 volunt
592 645 621 700 et
639 649 762 720 potsunt
784 641 939 714 interesse,
963 638 996 700 frt
1019 655 1072 718 per

101 727 304 790 collectionem
326 725 538 806 suffragiorum
561 726 641 789 circa
661 746 734 792 eum
757 729 788 790 in
812 745 905 808 quem
927 728 1023 806 major
1043 731 1073 788 et

101 817 197 880 sanior
210 835 281 898 pars
293 816 418 898 Capituli
431 815 590 878 consentit.

138 907 181 968 Ex
194 904 295 969 verbis
308 903 423 985 praelati
444 905 555 985 Capitis
570 905 646 981 Ouio
657 915 796 989 propter,
812 911 893 987 patet
908 903 992 985 quod
1007 902 1075 969 hee

102 995 203 1076 triplex
228 993 384 1056 electionis
404 991 500 1054 formu
521 993 557 1054 sit
579 994 772 1074 obligatoria‚
787 994 934 1057 duntaxat
951 991 1076 1074 quando

102 1085 196 1163 agitur
208 1081 248 1145 de
260 1081 405 1164 eligendis
418 1081 548 1143 Praelatis
556 1101 613 1164 pro
622 1083 768 1146 Ecclest't's
781 1082 920 1157 viduatis,
936 1081 1072 1145 videlicet

103 1171 257 1253 Episcopis
270 1170 316 1233 vel
333 1169 516 1243 Abbatibus;
532 1172 666 1234 adhiberi
680 1181 782 1234 tamen
797 1171 914 1252 potest
908 1190 940 1232 rn
959 1172 1074 1234 caeteris

103 1260 308 1336 electionibus,
323 1265 413 1341 prout
426 1259 470 1320 cis
484 1261 594 1339 poterit
605 1260 839 1324 accommodari.

139 1353 208 1412 248.
225 1350 348 1422 Quaerit.
367 1351 397 1410 1⁰
416 1348 544 1420 Quinam
564 1349 601 1410 ad
616 1350 795 1412 electionem
813 1349 943 1412 debeant
954 1350 1073 1412 uocaril

139 1439 229 1519 Resp
239 1436 952 1520 Vocandosesseomnesjuseligendihabentes·
943 1457 1075 1518 ‚nempe

103 1543 204 1590 omne⁰
216 1547 269 1608 qur
261 1525 384 1589 'tdeben
371 1525 505 1600 t,voluut
517 1533 548 1588 et
558 1536 676 1607 possunt
689 1526 861 1590 commode
848 1537 981 1589 auteresse
991 1529 1070 1608 (cap.

106 1614 176 1690 Ouio
191 1624 329 1699 propter,
341 1617 404 1695 jam
423 1614 531 1697 citat).
548 1617 578 1678 Si
600 1634 681 1678 unus
698 1622 957 1690 contemneretur,
973 1615 1072 1692 idest,

105 1722 162 1766 non
184 1711 359 1780 vocaretur,
383 1705 438 1766 iste
460 1709 561 1784 posset
583 1704 780 1768 irritationem
803 1703 957 1766 electionis
980 1703 1073 1766 recla-

105 1810 205 1871 mare,
231 1793 370 1875 quamvis
395 1792 492 1856 valida
517 1793 612 1875 possit
631 1811 709 1870 esse,
731 1794 756 1856 si
783 1798 899 1855 taceat:
924 1792 1074 1873 siquidem

105 1882 241 1946 electioni
258 1883 325 1964 plus
346 1889 537 1963 contemptos
555 1882 648 1946 unius
666 1885 758 1963 quam
776 1881 973 1945 contradictio
994 1881 1075 1944 mul·-

106 1979 201 2034 torum
210 1971 340 2048 obsistit,
355 1977 389 2034 ut
399 1971 508 2034 dicitur
518 1970 548 2032 in
560 1989 627 2052 cap.
647 1971 847 2035 Venerubr'lem
860 1978 890 2032 et
900 1989 966 2052 cap.
982 1974 1078 2035 Bone

105 2062 251 2124 memorie
262 2064 301 2125 36
308 2079 322 2138 ,·
334 2061 377 2124 De
389 2059 555 2123 Electione.
569 2060 626 2134 Oui
636 2068 736 2123 autem
751 2061 907 2142 neglectus
920 2059 974 2123 luit
988 2061 1077 2122 babet

105 2167 154 2212 sex
177 2169 298 2214 menses
323 2150 359 2212 ad
383 2148 630 2227 reclamandum,
654 2151 764 2231 quibus
786 2150 913 2229 elapsis,
937 2157 1077 2212 censetur

106 2240 284 2302 confirmare
298 2245 399 2302 actum
412 2238 618 2318 capitularem.
635 2239 805 2301 Deoisunra
820 2236 905 2300 nora.

142 2329 231 2392 llicit.
251 2332 281 2392 1ο
297 2327 357 2404 Oui
371 2326 473 2389 debent
488 2348 495 2388 :
510 2326 549 2388 ad
569 2327 791 2388 excludendum
812 2345 864 2388 eos
882 2327 934 2406 qui
952 2325 990 2388 de
1008 2327 1075 2404 iure

107 2433 162 2479 non
184 2416 299 2480 debent
313 2415 469 2497 suffragari
487 2415 644 2490 electioni,
666 2421 699 2476 ut
717 2415 907 2495 impuberes,
922 2415 969 2476 vel
987 2415 1075 2494 pleno
1118 2493 1120 2498 Ι

106 2523 159 2568 usu
173 2507 299 2568 rationis
313 2514 459 2580 carentes,
476 2505 548 2566 item
563 2503 816 2566 excommunicati
831 2502 938 2582 maiori
953 2520 1074 2565 excom·

106 2596 309 2660 manicatione
335 2593 518 2670 denuntiati,
547 2592 586 2655 ab
609 2591 708 2655 officio
733 2592 871 2674 suspensi
898 2591 1010 2673 quique
1038 2611 1076 2654 ne

106 2683 214 2764 eligant
234 2682 429 2765 personaliter
448 2688 518 2746 sunt
534 2680 698 2758 interdicti,
718 2681 845 2743 infames
863 2681 985 2743 infamia
1000 2683 1077 2760 J'uris

107 2773 128 2832 si
142 2773 201 2835 sint
213 2771 393 2847 denuntiati,
407 2771 536 2833 scienter
549 2769 693 2850 eligentes
706 2769 875 2851 indignum.
887 2773 1014 2850 Insuper
1027 2790 1075 2833 ex·

108 2861 250 2941 cipientes
263 2860 354 2924 laicos
367 2859 404 2922 ad
417 2857 593 2940 suffragium
607 2857 784 2934 terendum,
800 2876 924 2940 operam
938 2859 1076 2922 electioni

108 2953 181 3014 intra
192 2958 314 3032 tempus
327 2948 422 3031 ajuro
435 2948 612 3029 requisitum
627 2965 689 3010 non
703 2947 820 3024 dantes,
835 2955 887 3011 aut
900 2949 1076 3010 canonicam

105 3043 233 3102 turmam
258 3056 318 3100 non
339 3036 632 3118 observantes,jure
654 3035 784 3116 eligendi
809 3055 865 3118 pro
889 3037 986 3118 prima
1013 3038 1079 3099 vice

106 3129 260 3207 privantur
272 3133 303 3189 ct
313 3126 363 3208 ius
377 3127 478 3208 ipsum
490 3124 614 3206 reliquis
627 3124 807 3187 electoribus
820 3126 974 3187 accrescit.

143 3219 295 3281 Electores
308 3233 373 3277 esse
387 3221 555 3295 nequeunt,
570 3213 670 3294 quoad
685 3213 859 3275 Praelaturas
873 3219 903 3274 et
914 3213 1080 3292 Dignitates

106 3306 330 3380 ecclesiasticas,
343 3303 395 3386 qui
407 3321 467 3365 non
479 3309 549 3365 sunt
560 3302 660 3364 clerici
670 3301 716 3364 vel
728 3302 859 3381 religiosi
869 3303 946 3380 (cap.
962 3301 1079 3366 Nullus

106 3397 134 3454 et
152 3413 219 3476 cap.
236 3393 429 3457 Sumosaucto
445 3394 496 3466 5l,
519 3391 563 3452 Ile
581 3390 712 3471 Elect.);
728 3396 757 3452 et
772 3389 802 3450 in
820 3389 962 3451 Ecclesiis
975 3390 1078 3454 Cethe

107 3479 238 3546 dralibus
251 3482 297 3546 vel
315 3480 495 3560 collegiatis,
511 3479 563 3561 qui
583 3479 713 3541 necdum
732 3478 762 3539 in
780 3477 887 3540 ordino
904 3497 989 3541 sacro
1007 3488 1077 3544 sunt

108 3572 280 3648 constituti,
305 3568 527 3632 nonobstante
552 3568 702 3630 contraria
726 3567 942 3630 consuetudine
970 3569 1073 3648 (Ceno.

109 3661 202 3737 Trid,
217 3679 290 3724 sess.
306 3663 355 3736 tt,
370 3677 439 3741 cap.
454 3662 485 3732 t,
503 3657 546 3720 De
561 3656 656 3737 defi).

145 3751 213 3828 lpso
232 3750 300 3829 jure
320 3753 421 3812 autern
445 3745 642 3826 probibentur
665 3745 775 3826 eligere
794 3746 846 3826 qui
872 3764 925 3826 per
948 3745 1077 3807 abusum
