2562 4224
191 267 246 324 l50
461 279 613 326 sisennas
633 278 715 324 runis
737 277 885 324 canonici.

186 374 435 456 aeramendum,
470 376 691 458 presbyteratus
727 375 864 437 ordinem
902 374 1037 458 recipere
1083 376 1163 458 (cap.

191 462 279 524 Licet.
295 468 344 541 ll,
358 465 402 527 lle
418 464 529 541 Elect,
545 465 576 526 in
590 464 647 545 6⁰).

227 551 322 612 Nemo
334 552 403 634 eligi
415 559 509 634 potest
522 553 552 612 in
564 552 791 632 Episcopatum‚
806 551 864 612 nisi
874 548 912 613 sit
922 552 1029 614 saltem
1040 553 1165 614 subdia-

188 655 283 700 conus
299 639 377 722 (oap.
393 643 419 704 A
436 641 536 702 mettis
549 644 568 703 9
580 689 587 718 ,
601 639 645 702 De
659 639 769 721 etate),
787 641 907 701 etiami
923 659 975 702 sex
988 641 1164 720 mensibus,

185 725 269 802 juxta
283 729 397 791 Concil.
413 729 566 804 Trident,
583 747 656 790 sess.
673 733 722 801 22,
739 747 766 790 e.
781 733 810 800 2,
827 727 872 789 De
884 729 940 810 res.

228 819 296 878 279.
321 819 442 890 Quaerit.
473 822 504 879 l⁰
528 821 635 882 Utrum
657 817 758 878 stricta
779 817 817 878 sit
840 817 981 897 obligatio
1004 818 1044 879 ad
1066 818 1166 882 officia

188 903 388 968 ecelesiastica
407 906 535 986 dignum
549 906 702 986 eligendi?
1158 901 1160 904 ’

228 994 318 1074 Resp.
341 994 588 1056 Animadversa
608 997 671 1056 Dll.
695 994 879 1057 unanimiter
896 1012 932 1054 ex
953 994 1054 1074 eapite
1069 993 1167 1058 Graue

189 1079 280 1141 niniis
300 1086 357 1156 29,
373 1083 417 1145 De
440 1082 540 1145 Prceb.
559 1102 567 1144 ε
591 1084 716 1144 «Grave
731 1083 820 1144 nimis
834 1088 895 1158 est,
919 1081 1019 1164 inquit
1036 1082 1166 1145 Alexan·

194 1189 209 1224 a
227 1168 282 1230 der
296 1172 333 1231 lll
349 1172 378 1232 in
394 1172 526 1234 Concilio
538 1171 688 1253 generali,
706 1176 737 1233 et
750 1170 916 1233 absurdum
937 1170 1020 1252 qudd
1039 1171 1166 1251 quidam

193 1277 209 1310 «
229 1258 431 1320 Ecclesiarunr
446 1261 574 1334 Praelati‚
589 1261 660 1321 cinn
674 1259 791 1340 possint
804 1260 884 1321 viros
894 1259 1019 1321 idoneos
1029 1259 1067 1321 ad
1076 1262 1167 1324 eccle

193 1366 209 1400 ι(
229 1345 346 1408 siastiea
364 1348 511 1411 beneficia
535 1366 727 1428 promovere.
756 1366 912 1410 assumere
938 1365 998 1408 non
1023 1355 1166 1412 verentur

193 1455 208 1489 u
227 1431 379 1515 indignos
395 1437 506 1516 quibus
521 1455 577 1499 nea
597 1454 719 1498 morum
736 1436 895 1512 honestas,
920 1455 976 1498 neu
998 1437 1166 1501 litterarum

194 1544 209 1578 «
229 1523 351 1586 scientia
366 1525 587 1606 suffragantur,
608 1523 792 1587 carnalitatis
816 1530 977 1605 sequentes
1001 1524 1163 1600 affectum,

193 1632 209 1666 a
229 1629 290 1672 non
315 1612 463 1692 judicium
488 1613 623 1677 rationis.
639 1611 727 1677 Unde
753 1617 866 1692 quanta
891 1612 1034 1674 Eeclesiis
1054 1613 1164 1675 damna

193 1721 208 1755 o
230 1701 415 1779 proveniunt,
432 1721 523 1763 nemo
536 1720 617 1764 sanae
633 1701 744 1764 mentis
759 1701 916 1781 ignorat.»
935 1701 987 1761 llis
1002 1703 1164 1764 concordat

189 1788 303 1850 Concil.
319 1790 467 1867 Trident.‚
481 1809 554 1852 sess.
574 1793 622 1866 tt,
639 1809 667 1852 c.
683 1793 713 1863 3,
730 1788 774 1851 De
785 1789 842 1869 ref.

229 1876 322 1938 Porrd
343 1896 397 1957 per
417 1877 557 1958 indignos
580 1877 764 1959 intelligendi
788 1883 858 1939 sunt
880 1878 900 1938 ii
923 1876 1035 1959 quibus
1057 1879 1162 1942 saltem

190 1963 274 2024 deest
289 1983 348 2026 una
363 1984 400 2027 ex
414 1967 607 2047 qualitatibus
620 1985 710 2048 supra
725 1966 920 2029 enumeratis.

228 2056 297 2116 280.
326 2055 448 2126 Quaerit.
464 2059 497 2117 2⁰
513 2058 559 2117 An
575 2055 724 2138 promotio
740 2055 855 2133 indigni
872 2055 911 2116 sit
924 2055 1030 2117 irrita'l

228 2141 346 2222 Duplici
359 2144 451 2206 modo
462 2151 546 2208 aolus
556 2151 651 2226 potest
662 2161 727 2205 esse
741 2143 841 2205 irritus
857 2165 863 2205 :
880 2144 946 2224 ipso
956 2143 1081 2224 quidem
1097 2146 1162 2224 Jure

188 2235 220 2291 et
232 2236 300 2293 ante
312 2249 435 2294 onlnem
450 2235 641 2311 sententiam,
657 2237 767 2313 etpost
782 2232 962 2294 sententiam
981 2235 1116 2307 tantlrm,
1132 2236 1160 2295 in

189 2338 250 2399 auo
262 2339 334 2383 easu
348 2327 432 2391 aetus
446 2341 508 2384 non
522 2329 566 2384 est
581 2322 705 2403 praecise
720 2321 819 2383 irritus
828 2320 881 2382 sed
896 2319 1069 2383 irritandus.
1083 2325 1161 2394 Quae

189 2409 263 2470 rilur
276 2428 348 2490 ergo
364 2417 465 2473 utrum
481 2412 632 2493 promotio
647 2409 765 2490 indigni
780 2410 819 2471 sit
832 2409 899 2491 ipso
908 2409 976 2488 jure
995 2408 1096 2488 irrita,
1113 2418 1160 2473 aul

188 2498 287 2558 sullam
303 2499 467 2560 irritanda?
1042 2525 1044 2528 ·

229 2587 319 2667 llesp.
352 2589 524 2668 Aliquando
547 2589 663 2670 indigni
692 2587 914 2668 promotionem
934 2603 1000 2649 esse
1027 2586 1157 2666 irritam,

187 2675 349 2755 aliquando
361 2675 505 2739 duntaxat
517 2677 704 2739 irritandam.
718 2674 918 2748 Quandonam
931 2676 1004 2738 verd
1019 2675 1104 2739 irrita
1113 2677 1157 2754 sit,

187 2763 382 2844 quandonam
396 2766 496 2827 solum
511 2766 666 2843 irritanda,
681 2765 740 2827 hoo
753 2783 790 2826 es
805 2763 903 2825 verbis
916 2761 1028 2844 quibus
1044 2764 1093 2826 lex
1107 2765 1159 2826 uti-

186 2861 235 2912 tur
247 2857 292 2913 est
303 2853 512 2931 judicandum.
530 2890 567 2901 -
582 2858 672 2918 Juxta
692 2873 760 2934 eap.
778 2851 896 2915 Dudum
911 2855 964 2921 22,
987 2851 1033 2914 De
1046 2853 1156 2929 Elect,

186 2942 216 2999 in
233 2941 341 3022 triplici
357 2944 522 3022 praesertin}
537 2961 610 3005 casu
623 2943 704 3004 irrita
719 2942 837 3003 videtur
851 2943 1002 3021 promotio
1023 2959 1030 3003 ι
1050 2959 1158 3022 nempe

186 3029 209 3089 si
223 3036 396 3110 promotus,
420 3032 603 3094 <relectionis
616 3038 752 3111 ternpore
771 3034 940 3112 pateretur,
960 3029 1006 3092 uel
1026 3028 1058 3090 in
1078 3031 1157 3092 ordi-

188 3140 203 3173 «
224 3118 313 3180 nibus
327 3120 371 3181 vel
384 3120 414 3180 in
423 3120 617 3195 soientit‚vel
628 3121 660 3181 in
670 3118 926 3181 aetatedefeetum.
941 3139 957 3176 o
975 3119 1062 3192 Item,
1078 3121 1158 3196 juxta

185 3207 297 3269 tloneil.
314 3208 461 3286 Tridenl.‚
478 3227 551 3271 sess.
572 3213 612 3283 5,
629 3227 696 3285 cap.
712 3211 744 3284 ὅ,
762 3207 800 3269 de
813 3205 1008 3286 Thamugadi,
1028 3206 1155 3269 dicitur:

187 3317 202 3351 u
223 3296 397 3374 Praebenda,
409 3299 686 3378 praestimonium...
698 3296 882 3375 hujusmodi,
893 3295 1013 3356 nonnisi
1024 3295 1158 3376 personis

187 3407 202 3442 u
222 3383 375 3449 idoneis...
391 3386 622 3449 conserantur...
640 3391 671 3448 et
682 3385 767 3448 aliter
779 3383 855 3448 faeta
868 3383 999 3466 provisio
1015 3384 1103 3446 nullu
1121 3386 1157 3444 sit

186 3494 202 3529 α
220 3481 248 3533 et
262 3473 408 3536 inualida.
424 3496 439 3532 u

221 3570 306 3632 Nulla
335 3577 381 3632 est
402 3571 541 3647 collatio,
566 3571 828 3635 excommunicato
850 3571 947 3647 faeta,
966 3569 1106 3634 beneficii
1129 3579 1157 3632 el

181 3658 272 3719 etiarn
286 3658 471 3739 Dignitatum
491 3659 666 3723 habentium
677 3660 941 3740 jurisdictionem,
963 3667 1052 3739 prout
1072 3660 1155 3741 Epis·

181 3749 316 3822 conates,
331 3745 493 3820 l'rioratils
508 3755 579 3822 ete..
593 3750 634 3811 uti
649 3756 677 3812 et
686 3748 893 3821 presentatio,
910 3747 956 3810 vel
967 3747 1089 3818 electio,
1099 3751 1155 3810 ins
