2590 4214
181 247 240 307 tad
453 253 604 300 utrumne
626 249 710 297 tuuis
730 249 880 296 canonici.

183 363 256 423 titur
278 359 382 422 ulrum
402 355 441 417 sit
459 353 557 416 valida
570 350 746 432 hujusmodi
763 351 883 414 collatio
903 347 985 412 dieto
1004 349 1167 430 irregulari

181 441 429 510 tacto-Prima
443 442 600 513 sententia,
616 459 685 522 quar
699 445 799 519 negat,
816 438 921 500 nititur
935 437 1079 518 pluribus
1091 438 1170 516 juris

186 533 324 596 canonici
339 531 488 612 capitibus
501 533 517 591 d
532 531 564 592 S.
577 529 699 609 Lignor.
712 528 778 607 (ib.)
788 526 941 604 indicatis,
954 532 985 588 et
998 527 1171 607 praescrtim

185 626 279 685 Gonc.
296 621 431 682 trident.
454 628 540 695 (sess.
562 622 613 691 st,
628 636 695 698 cap.
710 621 742 694 7,
758 623 788 678 et
801 633 869 694 cap.
884 618 927 692 l),
943 613 995 676 ubi
1013 615 1173 694 loquendo

186 711 226 773 de
241 708 412 792 praebendis
425 707 647 770 Cononicorum
666 706 799 768 dicitur:
818 725 833 762 o
848 705 911 764 Neo
931 703 998 765 aliis
1018 704 1052 764 in
1067 711 1172 784 poste·

193 822 208 858 a
231 801 301 862 rum
312 797 363 859 dat
376 796 527 878 provisio,
544 795 602 858 nisi
615 794 651 857 iis
666 794 720 876 qui
731 795 795 873 jam
808 799 929 854 aetatem
940 797 970 852 et
980 798 1110 853 caeteras
1123 791 1174 852 ba·

195 909 210 946 n
232 887 360 949 bilitates
378 883 497 965 integre
518 883 630 948 habere
648 881 883 962 dignoscuntur;
898 879 994 942 aliter
1006 879 1104 942 ira-ita
1116 882 1173 942 erit

192 997 211 1035 ι
231 973 371 1057 provisio.
388 994 403 1032 a
422 973 460 1034 ut
475 973 551 1034 ratio
564 978 629 1046 est,
644 970 742 1052 inquit
756 971 787 1032 S.
803 971 941 1049 liguum,
960 968 1062 1048 aquia
1077 968 1174 1031 bene·

197 1086 215 1123 o
235 1063 339 1125 troium
354 1061 441 1123 datur
454 1067 578 1142 propter
591 1058 743 1134 officium;
758 1054 907 1138 undequi
921 1055 1066 1118 inhabilis
1080 1065 1127 1119 est
1139 1059 1175 1119 ad

198 1149 367 1212 «officium
393 1149 464 1210 cbm
490 1166 551 1208 non
576 1148 669 1230 possit
693 1145 832 1209 ordinem
846 1162 1009 1220 exercere,
1024 1152 1070 1206 est
1085 1147 1177 1208 etiam

200 1260 215 1299 r
237 1237 377 1299 inhabilis
388 1235 661 1298 adbenelioium.r

235 1330 270 1388 ln
288 1325 345 1387 hdo
362 1330 465 1386 tamen
487 1326 653 1399 sententio,
668 1322 793 1405 quando
813 1339 875 1384 non
889 1320 1092 1384 denuntiatur
1105 1321 1178 1386 irre

196 1414 359 1497 gulositas,
387 1431 472 1475 error
498 1413 670 1475 communis
692 1429 764 1474 oum
790 1411 878 1474 titulo
900 1410 1037 1472 colorato
1064 1412 1181 1492 praebet

195 1501 449 1584 jurisdictionem.

239 1589 374 1656 Secundo
387 1589 534 1651 sententio
552 1589 625 1651 dicit
644 1587 817 1667 hujusmodi
835 1586 1028 1649 collationem
1046 1605 1116 1650 esse
1133 1607 1181 1650 so-

201 1680 263 1743 lltm
280 1679 472 1754 irritandam,
488 1679 558 1759 quia
574 1697 635 1740 non
651 1685 721 1739 sunt
735 1675 928 1757 imponendae
940 1693 1041 1756 poenae
1053 1677 1114 1738 nisi
1124 1678 1184 1738 sint

202 1771 219 1830 b
231 1771 299 1847 jure
317 1783 485 1848 expressae:
501 1765 608 1828 nullibi
622 1771 723 1830 autem
735 1766 766 1827 in
783 1767 848 1846 lege
862 1763 990 1825 habetur
1003 1783 1183 1846 expressum

202 1855 285 1936 quod
306 1854 510 1935 irregularitas
523 1853 681 1916 bominem
700 1853 805 1916 reddat
823 1852 999 1932 incapacem
1014 1852 1183 1916 beneficii:

200 1960 336 2006 conones
356 1943 439 2004 enirn
462 1943 500 2004 ab
517 1941 693 2005 adversariis
713 1941 830 2023 allegati
845 1939 920 2002 nihil
937 1939 1019 2002 aliud
1035 1943 1184 2021 probant,
1285 1931 1286 1950 ³

202 2032 262 2094 nisi
280 2031 363 2112 qudd
382 2030 448 2092 talis
466 2030 584 2092 collatio
598 2031 635 2092 sit
654 2029 771 2106 illicita,
788 2047 849 2090 non
863 2029 936 2090 vero
949 2029 1034 2108 qudd
1045 2031 1087 2091 sit
1101 2031 1185 2092 inva-

205 2120 274 2181 lida.
289 2121 351 2182 Noc
365 2121 456 2181 etiam
466 2118 572 2180 dicunt
583 2119 702 2184 obstare
715 2125 831 2180 textum
846 2117 938 2180 modo
951 2117 1080 2180 allatum
1092 2119 1184 2181 Cone.
1284 2161 1285 2172 .

205 2207 301 2281 Trid,
316 2206 368 2267 ubi
383 2205 492 2266 dicitur
506 2206 599 2266 irrito
609 2205 739 2286 provisio
753 2203 892 2268 beneficii
906 2221 1046 2285 personae
1059 2206 1187 2268 inhabili

206 2294 298 2356 taeta:
309 2294 381 2374 quia
393 2293 502 2356 dicitur
511 2293 592 2355 irrita
605 2311 661 2374 pro
673 2294 790 2366 illicita,
803 2302 832 2355 et
844 2294 1094 2374 personadioitur
1105 2295 1189 2358 inha-

209 2383 277 2444 bilis
289 2400 343 2444 seu
355 2381 500 2462 indigna,
516 2401 579 2444 uon
593 2383 666 2444 verb
681 2383 818 2463 incapax.
924 2447 929 2456 ,

250 2471 299 2534 Sic
308 2476 410 2531 autem
421 2469 574 2532 concludit
586 2471 617 2531 S.
630 2470 752 2550 liguor.
766 2469 881 2552 (tbr'd.):
899 2471 1027 2534 «Prima
1037 2475 1189 2534 sententia

214 2581 229 2618 a
250 2558 367 2620 videtur
387 2557 569 2638 probabilior
583 2561 676 2638 (quia)
691 2561 883 2622 communior
903 2562 1052 2622 sententia
1066 2563 1132 2623 Ill).
1149 2563 1190 2623 sic

217 2669 230 2704 a
251 2647 348 2727 legem
372 2645 569 2727 (Tridentin.)
596 2647 809 2728 interpretatur
822 2651 871 2711 ¹...
890 2647 948 2710 Sed
969 2647 1029 2711 boc
1044 2667 1110 2710 nou
1132 2651 1189 2710 ob·
1282 2717 1283 2720 Ἴ

215 2757 231 2792 a
251 2742 364 2809 stante,
389 2734 528 2796 secunda·
546 2736 694 2798 sententia
717 2735 833 2798 videtur
846 2737 917 2798 satis
935 2737 1115 2817 probabilis.
1138 2741 1190 2800 llic

217 2845 231 2878 a
253 2829 353 2883 tamen
374 2822 591 2886 advertendum
615 2823 717 2904 quod,
744 2823 844 2886 adhuc
862 2830 960 2886 stante
981 2824 1191 2905 probabilitate

214 2935 231 2967 n
251 2910 343 2993 hujus
358 2911 534 2986 sententies,
549 2913 655 2994 nequit
667 2912 841 2992 irregularis
854 2929 886 2975 se
901 2913 1112 2976 immitterem
1127 2934 1190 2997 pos·

215 3024 231 3058 o
253 3001 419 3062 sessionem
433 2999 591 3075 beneficii3
606 3001 714 3081 quia...
730 3019 821 3063 nemo
834 3020 904 3064 cum
918 3001 1066 3082 opinione
1081 3005 1189 3085 prolui·
1281 2995 1282 3008 ¹

215 3111 232 3149 a
253 3088 305 3151 bili
321 3095 416 3170 potest
429 3087 572 3150 inchoare
587 3089 810 3169 possessionem
825 3091 866 3151 rei
881 3088 999 3152 aliene.
1016 3111 1033 3148 a

694 3217 730 3276 ll.

319 3321 463 3399 Quomodo
478 3215 694 3382 ιἠοανναίανῖῐ
708 3322 837 3384 tollatur
849 3322 1078 3405 Irrequloritos.

195 3511 199 3518 ,
255 3447 323 3505 597.
347 3445 415 3504 lam
430 3441 562 3503 diximus
577 3459 732 3522 nunquam
743 3442 857 3505 incurri
871 3442 1124 3524 irregularitatem
1136 3447 1187 3508 nisi

215 3529 248 3589 in
274 3530 340 3608 lege
360 3531 500 3610 expresse
526 3529 681 3592 habeatur.
703 3529 788 3594 Unde
808 3530 833 3592 si
849 3531 917 3610 jura
933 3550 997 3594 uon
1017 3546 1188 3616 supponant

250 3669 257 3694 ⁴
275 3665 309 3713 De
330 3666 358 3715 ed
375 3671 456 3717 tamen
478 3667 615 3729 contendi,
636 3669 755 3721 Stremler
771 3671 828 3735 (Des
841 3673 926 3736 peines
941 3675 1090 3742 ecclesiast.)
1107 3675 1187 3727 dicit:

219 3751 232 3778 a
250 3733 319 3784 Gette
332 3735 433 3798 opinion
447 3751 460 3786 a
477 3753 524 3798 peu
539 3740 570 3789 de
582 3740 634 3803 pro'
648 3740 739 3791 rbilite.
756 3742 838 3794 elide
851 3759 874 3806 p.
885 3740 928 3790 50·
