2526 4210
440 345 527 392 niara
545 311 662 392 auratus.
980 333 1037 394 209

83 460 96 497 r
116 457 177 502 nem
196 443 402 506 ecclesiasticae
422 443 590 525 potestatis,
612 461 681 524 quae
700 462 754 524 per
773 444 897 524 pallium
920 445 1036 525 signill-

84 533 186 591 acatur
202 549 209 592 ε
224 533 273 593 alii
297 541 397 596 autem
421 551 458 595 eo
479 551 536 594 nec
554 550 675 612 semper
699 551 755 594 nec
776 532 908 613 ubique,
930 533 983 596 sed
1006 534 1035 596 in

82 626 234 691 «Ecclesit
260 633 364 703 suat...‚
392 632 482 692 certis
509 629 620 690 debent
654 629 697 690 uti
729 629 860 704 diutius,
891 632 1035 710 quoniam

82 734 94 767 a
112 717 196 777 vocati
211 726 281 780 sunt
295 720 326 780 in
336 727 457 800 purtem
471 717 693 796 sollicitudinis,
707 719 810 781 nonin
821 717 1036 798 plenitudinem

82 821 93 856 a
113 809 296 882 potestatis.»

111 909 300 994 Quocumque
315 933 346 976 se
369 915 505 976 conferat
523 915 622 995 Papa,
641 932 715 975 crux
735 911 844 974 deferri
863 913 954 976 debet
967 921 1036 978 ante

76 1009 137 1089 rum
146 1018 154 1072 ;
169 1003 228 1082 qut
241 1003 379 1064 facultate
393 1002 599 1065 destituuntur
618 1002 674 1082 ipsi
692 1003 891 1074 Patriarchae,
911 1003 941 1064 in
957 1003 1035 1068 Urbe

77 1089 100 1142 at
110 1084 136 1144 in
146 1085 207 1150 loco
219 1110 280 1172 quo
293 1111 426 1172 praeseus
438 1096 484 1153 est
495 1093 525 1154 S.
538 1091 671 1152 Pontifex
683 1097 736 1153 aut
749 1093 814 1170 ejus
827 1093 955 1171 Legatus
967 1093 1036 1155 insi·

77 1173 172 1247 gnibus
183 1181 351 1258 apostolicis
365 1189 452 1243 utens
465 1179 543 1262 (cap.
556 1179 755 1262 Antiquo,De
766 1181 942 1262 Prr'oilep.).
954 1184 1034 1245 Insu-

76 1277 121 1336 per
133 1265 180 1327 SS.
197 1271 426 1332 Sacramentum
445 1270 476 1330 in
494 1269 593 1350 longis
616 1270 909 1350 peregrinationibus
929 1288 1033 1334 secum

77 1357 179 1425 portare
193 1358 278 1420 solet.

108 1457 393 1528 Quaeadhucdicturi
404 1483 510 1528 sumus
520 1464 558 1526 de
569 1465 599 1527 S.
612 1464 770 1538 Pontifice,
782 1465 813 1526 in
824 1471 883 1527 tres
895 1465 1035 1528 articulos

75 1540 247 1616 dividemus:
265 1550 295 1614 in
309 1557 339 1616 l⁰
351 1554 488 1616 dicemus
500 1554 537 1615 de
554 1553 648 1634 ipsius
660 1553 805 1630 Primatu,
822 1555 853 1613 in
864 1559 895 1616 2⁰
909 1554 947 1615 de
959 1556 1034 1633 juri-

75 1629 203 1784 bustrlruio
224 1641 370 1705 Primatui
387 1642 532 1718 annexis,
553 1643 586 1703 in
609 1646 640 1704 3⁰
658 1641 782 1706 tandem
803 1641 840 1704 de
861 1643 956 1724 ipsius
974 1644 1033 1707 Mi-

76 1735 113 1782 nrs
139 1744 174 1792 rs.

484 1901 569 1964 ΛΒΤ.
589 1903 613 1964 Ι.

332 2061 370 2106 llE
392 2063 521 2106 rutilarit
542 2061 575 2106 s:
591 2062 760 2110 PONTlElCIS.

105 2231 169 2294 ³37.
191 2232 310 2314 Duplex
324 2231 518 2312 distinguitur
531 2231 681 2293 Primatus
698 2250 705 2292 ε
722 2229 843 2293 donaris
857 2233 1034 2300 videlicetct

70 2314 294 2394 jurisdictionis.
320 2321 449 2382 Honoris
472 2319 613 2400 quidem,
637 2339 691 2400 per
718 2339 809 2400 quem
838 2323 877 2382 ita
902 2324 1034 2403 primum

72 2403 161 2471 locum
175 2412 292 2472 obtinet
305 2412 373 2492 quis
385 2417 418 2471 ut
431 2409 545 2470 nullam
560 2409 590 2469 in
605 2409 678 2470 alios
692 2411 900 2471 auctoritatem
915 2411 1031 2475 habeat.

71 2492 285 2563 lurisdietr'onis
298 2501 385 2576 rard,
401 2517 454 2579 per
468 2515 559 2579 quern
573 2497 681 2578 aliquis
700 2499 874 2560 auctoritate
889 2505 919 2560 et
933 2507 1034 2582 potes-

71 2586 121 2648 tate
132 2589 194 2652 aliis
208 2590 401 2654 constituitur
410 2587 556 2668 superior.
571 2587 720 2658 Quaeritur
732 2587 781 2648 hic
795 2594 897 2650 utrum
910 2591 940 2651 S.
953 2591 1033 2652 Pon·

71 2672 133 2738 tifex
146 2681 327 2754 Primatum,
344 2685 373 2738 et
388 2679 507 2758 qualem
524 2677 689 2738 Primatum
705 2677 813 2738 habeat
828 2679 859 2738 in
879 2679 1032 2742 universa-

71 2760 122 2827 lenr
149 2769 337 2832 Ecclesiam?
360 2765 569 2848 Respondetur
591 2766 770 2828 stabiliendo
798 2768 1034 2849 propositionem

71 2867 248 2936 uouentem.

104 2993 167 3055 338.
191 2995 433 3056 Psorosrr10.-
451 2989 484 3054 S.
502 2989 649 3072 Pontifex
663 2989 749 3052 dubet
761 2989 1034 3071 jacularetur

72 3083 176 3142 tautum
194 3084 366 3148 Primatum
381 3080 518 3158 honoris,
537 3079 588 3142 red
600 3080 690 3142 etium
697 3078 923 3160 jurisdictionis
942 3080 974 3139 io
988 3087 1034 3140 to-

81 3187 123 3230 um
136 3172 167 3233 E
167 3171 312 3233 eclesiam.
326 3173 420 3232 -lle
436 3169 495 3230 lide
506 3175 558 3231 est.

62 3315 68 3348 t
103 3297 153 3361 Est
172 3306 278 3362 contra
299 3301 499 3361 Protestantes
522 3301 552 3360 et
574 3299 694 3360 Graeccs
714 3296 941 3373 schismaticos;
961 3295 1034 3361 item

70 3395 164 3452 contra
184 3389 375 3458 Euhenum,
400 3389 452 3468 qui
471 3388 596 3449 asseruit
617 3387 766 3448 Christum
792 3387 875 3467 priris
894 3385 1034 3450 Ecclesia

69 3473 157 3540 claves
177 3499 231 3541 seu
251 3477 489 3557 jurisdictionem
505 3476 639 3553 dedisse,
655 3475 740 3537 itaut
757 3478 835 3556 Papa
849 3482 878 3536 et
896 3475 1033 3558 Episcopi

69 3567 178 3630 tantuna
192 3569 254 3630 sint
267 3567 408 3628 Ecclesiae
424 3565 567 3644 ministri,
582 3570 612 3626 et
624 3563 863 3644 iurisdictionem
879 3583 940 3626 non
953 3584 1033 3627 excr-

68 3658 218 3718 maranisi
234 3658 328 3737 ipsius
346 3657 469 3716 nomine
487 3660 514 3716 et
529 3672 690 3717 consensu.
708 3687 746 3700 -
760 3653 868 3715 Contra
882 3654 1035 3716 lansenis·

67 3749 106 3806 tas
126 3751 156 3808 ct
178 3746 396 3823 Ouesnellum,
421 3745 509 3826 cujus
534 3763 595 3806 una
615 3743 779 3825 propositio
804 3743 963 3815 deamata,
984 3744 1034 3804 90¹

67 3837 188 3919 nempe,
204 3836 249 3899 sio
263 3834 352 3898 habet
367 3854 375 3896 r
392 3835 550 3897 «Ecclesia
564 3839 741 3916 potestatem
753 3828 1034 3895 excommunicandi
1048 3885 1050 3892 .

871 3935 910 3984 6...
