2526 4210
155 267 213 328 278
427 273 580 318 ascusam
600 272 685 318 suars
704 271 854 320 sanorum.

114 439 117 446 .
156 396 300 458 scopum,
316 375 496 456 Episcopus,
512 374 573 436 sive
587 373 697 450 verbis,
711 374 774 434 sive
784 371 906 454 scriptis
920 369 1048 448 edictis,
1066 389 1136 451 pre·

156 467 287 530 scribere
301 464 390 526 debet
401 462 475 546 quid
490 463 527 525 sit
536 461 775 538 emendandum,
790 460 1008 540 corrigendum
1021 460 1073 522 vel
1088 479 1138 540 op

158 555 316 637 portunilrs
346 571 402 634 pro
432 552 512 614 bono
545 550 751 632 promovendo
780 548 999 630 peragendum.
1033 547 1137 620 Quoad

156 651 258 706 autem
273 642 402 704 formam
414 641 446 702 in
458 640 553 723 ipsius
561 639 690 703 decretis
703 637 937 712 observandam,
947 636 1016 698 vide
1028 637 1138 713 Bouia,

160 734 203 795 De
216 733 379 816 Episcopo,
394 736 415 792 t.
433 734 462 803 2,
480 749 509 810 p.
528 733 565 792 37
581 735 611 791 et
624 730 692 792 38¹.

198 825 229 882 3⁰
245 819 409 882 scribenda
432 823 478 880 est
504 826 605 880 autem
625 817 797 880 authentica
820 817 1002 879 visitationis
1021 815 1139 891 relatio,

158 929 229 988 quae
245 907 460 971 convenienter
473 905 569 987 redigi
584 906 694 988 poterit
712 908 797 986 juata
820 906 1049 968 observationes
1063 905 1141 984 ejus-

157 999 230 1060 dem
245 1001 281 1059 D.
298 996 407 1073 Eouix,
421 996 476 1071 it,
492 1014 522 1076 p.
539 999 589 1056 39.

199 1092 232 1148 4⁰
250 1086 354 1157 Quoad
372 1085 443 1145 verb
462 1083 658 1146 caeremonias
681 1083 713 1144 in
734 1083 903 1146 visitatione
924 1083 1140 1157 observandas,
1194 1144 1197 1150 ,

161 1175 227 1238 vide
242 1172 430 1254 Pontificule,
446 1179 529 1253 parte
543 1175 574 1235 3.

201 1265 232 1325 5⁰
245 1263 276 1323 Si
292 1263 429 1322 Visilator
444 1279 505 1322 non
520 1261 558 1322 sit
572 1261 636 1342 ipse
652 1261 834 1341 Episcopus,
851 1262 904 1322 sed
919 1262 1082 1342 presbyter
1096 1265 1144 1322 aut

160 1352 308 1414 diaconus
329 1349 367 1410 ab
388 1349 638 1432 ipsedeputatus,
654 1347 718 1410 dari
740 1347 853 1410 debent
876 1349 982 1411 litterae
1003 1350 1044 1412 ab
1065 1349 1143 1431 Epis

162 1459 240 1522 copo
255 1439 366 1520 quibus
377 1444 494 1500 constet
504 1439 603 1520 ipsum
618 1440 815 1500 constitutum
830 1437 920 1500 luisse
932 1437 1142 1500 visitatorem:

164 1548 233 1608 quae
253 1530 358 1590 litterae
377 1528 407 1588 in
431 1544 618 1608 unoquoque
644 1526 711 1588 loco
731 1526 879 1591 visitando
902 1535 973 1590 sunt
995 1527 1142 1607 legende.

163 1619 243 1680 'latiis
257 1618 396 1678 Visilator
410 1616 549 1677 omittere
567 1615 657 1677 debet
671 1633 741 1696 quae.
753 1621 890 1696 spectant
905 1615 942 1677 ad
959 1616 1144 1697 Dignitatem
1238 1663 1239 1668 1

166 1707 384 1778 Pontificalem.

204 1799 237 1856 6ο
261 1794 462 1874 impedientes
484 1793 695 1869 visitatorem,
722 1797 887 1875 quominus
912 1813 1002 1856 suum
1032 1812 1145 1857 munus

165 1883 336 1962 odiatrplaat,
360 1882 708 1943 excommunicationem
733 1883 798 1961 ipso
819 1883 887 1962 jure
914 1885 1099 1961 incurrunt,
1123 1883 1145 1944 si

166 1972 271 2032 anoniti
287 1989 347 2031 non
363 1971 549 2051 resipiscant.
574 1970 750 2052 suppressa
778 1967 873 2052 perG.
904 1967 1011 2047 Aposl.
1025 1971 1092 2034 aad.

206 2066 240 2121 ’1ο
253 2059 362 2120 Praeter
381 2059 522 2122 victualia
542 2079 597 2141 pro
612 2078 644 2121 se
660 2065 690 2120 et
707 2061 782 2136 suis,
800 2067 829 2120 et
846 2061 971 2141 quadem
991 2062 1147 2123 moderata

165 2158 195 2212 et
209 2149 347 2230 frugalia,
365 2148 439 2209 nihil
454 2148 531 2209 ultra
544 2148 685 2210 Visitator
699 2154 796 2229 potest
811 2151 931 2228 exigere
947 2157 999 2211 aut
1011 2151 1150 2231 recipere

168 2239 294 2318 (Concil.
310 2238 458 2313 Trident,
472 2255 545 2298 sess.
562 2241 612 2313 El,
627 2256 694 2318 cap.
706 2241 737 2312 3,
751 2237 796 2298 Dc
808 2237 969 2320 Reform).

210 2349 225 2385 n
246 2327 413 2408 Episcopus
427 2327 459 2386 in
477 2325 646 2387 visitatione
662 2325 752 2387 debet
769 2325 917 2402 celeriter,
934 2330 1087 2408 quantiam
1102 2348 1148 2392 res

169 2417 308 2498 postulat,
333 2435 364 2477 se
389 2413 542 2495 expedire,
563 2433 602 2475 ne
620 2414 728 2475 visitati
745 2422 905 2495 graventur
924 2419 1067 2496 expensis
1083 2440 1091 2480 :
1108 2420 1148 2480 sic

169 2505 280 2585 pluries
292 2507 323 2566 S.
339 2507 449 2584 Gongr.
467 2502 604 2579 Concilii,
622 2508 651 2563 et
670 2503 824 2583 signanter
839 2504 871 2564 in
886 2506 1010 2583 Boiam,
1028 2512 1068 2570 il
1082 2508 1145 2572 dec.

88 2607 90 2610 ·
171 2597 258 2667 tutat,
271 2593 302 2652 in
322 2595 382 2672 qua
399 2592 531 2652 decrevit
549 2591 587 2652 ad
602 2595 642 2653 2¹¹¹
662 2613 677 2648 a
695 2592 878 2673 Episcopum
892 2591 991 2656 debere
1005 2617 1067 2660 esse
1080 2618 1149 2660 con-

175 2707 187 2740 n
208 2691 318 2744 tectum
328 2681 364 2741 de
377 2679 524 2742 moderato
535 2681 668 2762 equitatu
677 2690 704 2742 cl
717 2680 883 2762 famulatu:
893 2689 922 2743 et
935 2683 972 2744 ad
987 2689 1049 2748 3⁰:
1069 2687 1150 2752 Cela.

175 2795 188 2830 a
209 2773 283 2832 citer
296 2770 495 2831 visitationem
508 2788 566 2830 esse
583 2769 787 2831 absolvendum
801 2770 883 2832 etad
896 2781 978 2834 actas
997 2785 1150 2840 extraneos

174 2884 188 2918 n
209 2879 268 2922 coa
279 2878 336 2920 esse
349 2857 561 2920 divertendum.
575 2881 590 2917 a
604 2862 645 2920 lta
659 2859 740 2920 enim
751 2857 842 2921 habet
851 2879 918 2922 can.
930 2861 1011 2924 Inter
1022 2864 1149 2945 Coetera,

168 2968 259 3012 eausa
275 2953 325 3024 10,
345 2951 407 3029 q.3
424 2966 431 3008 :
450 2969 465 3006 a
486 2947 654 3029 Episcopus
669 2947 824 3010 dioecesim
846 2949 984 3028 visitans,
1006 2973 1070 3016 non
1093 2974 1151 3024 aaa

201 3144 207 3168 ¹
222 3137 263 3188 Sic
276 3137 390 3196 babetur,
408 3135 473 3186 circa
492 3135 679 3194 visitationem,
696 3141 744 3186 art.
760 3137 791 3187 m
806 3138 902 3189 Decreti
915 3141 1070 3206 Napoleonis
1084 3147 1109 3207 l,
1122 3147 1151 3198 30

168 3208 280 3260 decemb.
297 3209 376 3258 1809:
394 3228 404 3252 ι
420 3207 466 3257 bes
486 3192 600 3270 Eaeques
619 3221 651 3256 cn
667 3221 743 3258 cours
761 3208 793 3259 de
808 3208 896 3271 visite,
912 3227 945 3262 ou
958 3213 1026 3265 leurs
1044 3217 1149 3270 Vicaircv

171 3300 181 3327 ι
200 3280 326 3331 Generaux
340 3283 459 3343 pourrout
475 3292 502 3327 se
519 3276 580 3326 taire
594 3277 752 3342 representer
768 3286 825 3330 tous
843 3281 879 3332 les
897 3291 1018 3348 comples,
1032 3290 1150 3355 registrea

171 3371 181 3398 ι
201 3347 541 3409 etinvcntaires,ctvdril1er
558 3335 631 3397 aaut
646 3347 677 3398 de
691 3349 714 3398 la
728 3350 815 3402 caissc.
831 3342 959 3420 L'Ereqne
971 3372 1064 3422 pourre
1077 3377 1152 3414 nom·

171 3441 179 3467 ι
200 3435 250 3471 mer
266 3436 300 3468 un
315 3419 484 3470 commissaire
497 3434 559 3483 pour
573 3417 675 3468 assistet·
689 3435 719 3470 en
733 3435 780 3471 son
797 3437 856 3473 nom
875 3438 906 3474 au
924 3436 1024 3494 compte
1040 3434 1149 3498 eunuch·

172 3513 180 3539 ι
199 3491 258 3541 mais
271 3491 291 3540 si
302 3507 331 3541 ce
347 3490 517 3541 commissalia
529 3497 567 3541 cst
583 3496 654 3542 autre
670 3491 748 3556 qu'un
766 3491 971 3559 dread-Vicaire,
986 3500 1003 3549 il
1016 3517 1049 3553 ne
1062 3519 1149 3570 pourra

171 3585 181 3610 ι
200 3563 251 3612 rien
263 3563 390 3612 ordonner
403 3578 446 3612 sur
457 3562 481 3612 le
498 3568 606 3627 compte,
622 3561 684 3612 mais
696 3561 835 3614 seulement
847 3565 947 3619 dresser
960 3575 1150 3636 proces-verbel

171 3647 242 3682 «sur
260 3631 328 3680 l'etat
349 3632 380 3683 de
397 3633 419 3682 la
444 3632 557 3696 fabrique
578 3639 601 3682 et
626 3648 669 3682 sur
691 3633 728 3684 les
749 3634 902 3688 loumitures
924 3647 950 3691 et
966 3643 1149 3709 reparationsi

171 3726 182 3748 «
202 3703 270 3760 taire,
293 3708 340 3751 etc.
366 3721 376 3748 ι
398 3701 462 3761 Quid
483 3709 566 3752 autem
591 3710 706 3767 potarent
730 3705 788 3754 olim
813 3707 927 3775 Episcopi
947 3716 1149 3777 prescribere&

168 3776 274 3823 decursu
287 3771 445 3828 visitationis.
462 3772 554 3822 dicitur
565 3773 590 3821 iu
604 3773 690 3824 Edicto
702 3775 774 3824 1695.
