2616 4228
237 239 275 296 ld
510 245 662 290 susurrum
681 243 765 288 roms
786 241 934 288 ennomus.

204 379 208 388 ι
235 342 332 406 multa
344 342 424 405 dicta
437 343 560 404 Patrum
572 359 703 422 quorum
714 340 805 403 verba
819 340 878 421 legi
892 343 1021 421 possunt
1031 357 1081 420 ap.
1099 341 1209 419 Bouir,

238 429 271 496 de
283 431 448 514 Principiis
462 429 506 512 (p.
524 429 595 511 rur)
604 448 612 491 t
621 430 747 492 sufficiat
760 429 810 491 lrlc
822 427 1023 491 transcribere
1035 429 1066 491 S.
1078 429 1214 494 Athana-

235 520 315 584 sium
331 539 339 582 :
356 521 427 584 nSit
440 519 519 582 istud
530 519 678 598 judicium
689 519 910 599 Episcoporum
926 535 935 579 ι
951 515 1029 590 Quid
1043 535 1215 583 commuue

132 614 134 622 '
238 632 251 664 r
276 627 397 672 cumeo
409 609 499 672 habet
512 607 722 692 imperatorin
739 607 850 688 (Apol,
867 609 911 684 2.)

278 707 428 771 Praeterea
441 705 473 768 in
487 704 621 768 Concilio
636 704 872 768 chalcedonensi
888 703 959 786 (act.
975 706 1017 784 3),
1028 703 1102 766 cum
1115 704 1216 788 lelrrsc,¹

235 792 306 861 hius
333 797 503 880 Episcopus
524 794 619 856 nollet
643 812 820 875 comparere
846 793 906 857 nisi
933 791 1074 856 adessent
1092 793 1215 874 judices

236 885 429 967 Imperatoris
444 885 545 946 locum
553 889 701 959 tenentes,
710 883 902 946 declararunt
915 885 1018 945 Patres
1032 901 1040 944 ι
1056 881 1215 956 «Quandd

241 995 257 1032 ι
280 973 379 1054 agitur
391 972 537 1034 decausis
547 970 711 1046 canonicis,
723 989 786 1034 non
798 971 908 1033 debere
919 970 1102 1034 intervenire
1113 989 1215 1054 neque

243 1083 257 1122 r
276 1061 395 1140 judices
407 1059 626 1143 (Imperatoris)
642 1078 742 1142 nsque
755 1060 849 1122 laicos
857 1060 947 1122 ullos.
963 1081 980 1120 n

224 1195 225 1198 =
277 1160 352 1221 Item
366 1157 529 1238 Gregorius
540 1157 569 1218 ll
580 1157 612 1218 in
626 1156 754 1239 epistolt
767 1157 805 1220 ad
816 1158 950 1220 Leonem
964 1156 1134 1220 Isauricum
1147 1159 1190 1222 ait
1205 1181 1211 1220 :

241 1245 544 1320 «Quemadmodum
577 1245 713 1309 Pontiler
740 1245 970 1328 introspiciendi
1002 1247 1035 1308 in
1063 1247 1213 1311 Palatium

243 1357 259 1391 r
280 1341 460 1416 potestatem
479 1352 542 1396 non
564 1333 673 1410 habet3
698 1335 743 1397 sic
761 1353 820 1399 neo
838 1337 1004 1416 Imperator
1017 1335 1050 1397 in
1063 1337 1213 1401 Ecclesias

242 1446 257 1482 n
279 1423 548 1502 introspiciendi.»
565 1425 658 1502 Ergo,
673 1429 731 1485 etc.

282 1513 370 1580 Unde
381 1509 476 1575 Vatic.
495 1506 612 1572 tloncil.
624 1507 664 1570 ait
675 1526 684 1570 r
697 1509 760 1569 nRe
767 1505 933 1588 probamus
948 1503 1073 1565 illorum
1088 1505 1212 1562 senten-

248 1627 263 1665 s
283 1603 339 1666 tias
353 1601 405 1684 qui
423 1599 502 1662 hanc
515 1597 656 1680 Supremi
675 1595 785 1677 Capitis
804 1612 877 1657 oum
894 1590 1070 1655 Pastoribus
1096 1594 1125 1650 et
1141 1605 1213 1669 grc-

249 1717 265 1754 n
286 1677 1157 1774 gibuscommunicationemliciteimpedirepossediounl;
1169 1685 1220 1740 aul

250 1805 266 1842 n
287 1778 426 1843 eamdem
438 1775 570 1838 reddunt
577 1775 711 1838 seculari
721 1771 857 1854 potestati
867 1769 1041 1842 obnoxiam,
1056 1765 1138 1829 ilaut
1147 1784 1229 1829 con·

251 1893 266 1930 n
285 1867 484 1945 tenduntque
495 1865 534 1926 ab
551 1865 655 1944 Aposl.
671 1863 760 1937 Sede,
774 1860 821 1924 vel
834 1861 901 1948 eius
914 1856 1089 1922 auctoritate
1113 1853 1153 1917 ad
1169 1873 1220 1918 re-

251 1981 266 2018 n
286 1957 389 2038 gimen
402 1953 545 2017 Ecclesiae
554 1953 787 2025 constituuntur,
797 1950 859 2013 vim
874 1967 936 2011 non
950 1947 1074 2021 habere,
1090 1945 1147 2007 nisi
1161 1962 1215 2028 po

251 2067 267 2102 n
285 2044 399 2118 testatis
412 2043 566 2104 saecularis
581 2038 935 2114 llncz'roconfirmcnlur,
955 2057 973 2096 n
1142 2105 1149 2121 .

283 2107 333 2168 Sic
351 2111 454 2166 autem
472 2105 564 2165 habet
586 2104 755 2166 Concilium
778 2108 944 2164 Pansrcnse
969 2103 1046 2162 1849
1071 2099 1115 2180 (p.
1141 2103 1217 2178 dit:

246 2213 262 2251 ι
284 2191 505 2272 Amplectimur
517 2205 626 2252 omnes
637 2195 668 2250 et
685 2187 821 2269 singulas
839 2189 1073 2252 constitutiones
1087 2187 1218 2268 dogma-

246 2299 262 2339 α
283 2279 358 2341 ticas
382 2279 426 2340 uti
449 2283 480 2340 et
501 2277 567 2339 illas
580 2294 649 2359 quae
661 2277 852 2338 universalem
866 2277 1009 2338 Eoclesioe
1027 2275 1222 2358 disciplinam.

246 2389 263 2428 r
282 2367 466 2450 respiciunt,
487 2366 656 2448 specialiter
674 2383 744 2448 quse
761 2365 990 2428 iconclusion'e
1011 2360 1137 2427 Goircilii
1152 2367 1218 2428 'l'ri²

246 2477 264 2515 n
282 2456 365 2519 dent.
381 2457 479 2536 usque
493 2474 524 2516 m
539 2454 722 2516 hodiernum
736 2453 818 2518 diem
832 2454 956 2536 prolatae
967 2459 998 2516 et
1017 2454 1219 2536 promulgatae

247 2565 263 2604 c
281 2550 362 2606 sunt.
379 2544 574 2606 Declaramus
587 2543 679 2606 etiam
699 2560 734 2604 ac
753 2543 900 2606 docemus
916 2562 967 2606 eas
980 2543 1119 2606 soecnlnri
1130 2563 1218 2606 sanc-

246 2653 263 2694 «
285 2633 363 2694 tione
376 2650 439 2694 non
454 2632 591 2712 indigere
604 2637 639 2696 ut
656 2637 804 2713 tanquam
823 2651 930 2696 norma
952 2631 1176 2695 credendorum
1189 2639 1220 2695 el

247 2740 264 2781 ι
281 2720 474 2784 conscientie
487 2721 592 2800 regula
605 2720 644 2782 ab
657 2721 801 2786 omnibus
814 2722 1028 2804 suscipiantur.
1045 2743 1061 2782 n
1084 2720 1154 2786 Vid.
1170 2721 1219 2784 iu-

241 2827 335 2892 super
344 2809 458 2873 Concil.
475 2809 601 2882 Biton..
616 2829 647 2890 p.
661 2813 701 2872 28
717 2813 738 2873 ¹.

459 2952 520 3005 Vera
532 2950 620 3004 Placili
632 2951 693 3018 regii
708 2952 778 3020 origo
789 2959 814 3005 st
825 2951 937 3006 historia.

280 3083 331 3144 28.
355 3079 507 3163 Quidquid
518 3078 621 3143 dicant
633 3079 812 3157 Stokmans‚
829 3082 1008 3162 sebonius,
1022 3086 1089 3148 Van
1102 3086 1217 3168 Espcu,

241 3170 401 3234 ctillorum
409 3187 656 3252 sequaces,usus
666 3170 769 3232 Plaoili
780 3189 842 3234 non
853 3171 908 3234 luit
917 3180 1081 3256 usurpatus
1089 3173 1127 3236 nl
1137 3178 1220 3240 ononi

272 3415 279 3446 ¹
296 3403 362 3456 Sane
373 3404 414 3455 lcx
426 3403 594 3456 ecclesiastica
610 3403 712 3456 allectus
724 3403 809 3456 civiles
823 3404 948 3456 ordinarit
960 3421 1011 3457 non
1029 3411 1111 3473 potest
1126 3405 1218 3462 halscra

240 3472 289 3525 nlsi
306 3475 337 3525 ab
356 3477 503 3526 auctoritate
527 3473 593 3526 cirili
613 3481 769 3540 acceptetur,
788 3475 831 3526 scd
853 3475 1019 3527 conscientias
1037 3477 1115 3545 ligure
1135 3486 1218 3546 polest

242 3545 336 3611 absque
351 3545 495 3610 hujusmodl
515 3545 703 3610 acceptatione,
720 3545 832 3612 alioquin
844 3547 957 3613 princeps
975 3547 1101 3599 saecularis
1120 3552 1218 3604 cousti-

240 3620 310 3666 tutus
321 3616 408 3666 fuisset
421 3615 536 3666 Ecclesiae
548 3620 634 3679 caput,
644 3616 712 3680 quod
723 3622 761 3666 asl
772 3617 857 3667 corrlrd
870 3619 1011 3683 evangelica
1022 3619 1096 3670 verba
1106 3635 1112 3670 :
1122 3621 1219 3675 Eume·

239 3688 321 3738 conen
342 3701 426 3738 omncs
452 3690 549 3750 pentes,
569 3691 618 3736 stc.
639 3685 666 3738 V.
688 3687 757 3738 card.
779 3686 900 3747 Gonnoi.
923 3690 1036 3754 Exponit.
1064 3691 1105 3744 des
1121 3695 1217 3757 princ..

241 3759 334 3811 o.100.
348 3763 395 3807 clo.
972 3785 979 3800 ·
