2562 4224
456 268 542 314 ornan
560 271 680 317 narnus.
994 255 1053 319 '1³33

87 367 167 428 acui
194 369 337 449 competit
354 365 524 440 institutio,
552 386 606 447 per
625 375 791 448 patronum
815 369 947 449 legitime
977 370 1051 432 facta

86 476 100 512 a
118 455 271 533 exhibitio,
287 467 320 520 ut
333 456 361 519 ei
374 457 412 518 de
426 455 573 518 beneficio
585 464 709 518 vacante
723 457 887 537 provideat.
901 479 917 517 x

118 544 287 606 Nominatio
300 543 394 624 regia,
410 544 442 605 in
458 544 531 606 locis
545 543 596 606 ubi
611 545 699 624 viget,
716 545 828 625 aliquid
844 545 954 609 babere
969 547 1048 610 ride·

83 635 127 692 tur
138 630 176 693 de
187 636 293 695 naturd
307 633 562 705 Proescntutiour's,
578 638 609 694 et
622 632 660 694 ad
675 634 772 713 ipsam
787 633 889 694 referri
904 641 1010 715 potest.

423 827 541 879 tt.—1te
555 827 698 880 Cullctt'one.

118 1000 184 1059 257.
201 997 327 1060 collatio
340 1004 385 1059 est
397 997 552 1060 concessio
569 996 708 1058 beneficii
721 1001 852 1060 vacantis
871 1000 909 1061 ab
923 1000 1052 1066 habente

84 1089 255 1188 potestatem
275 1086 362 1150 iacta.
390 1085 525 1166 Duplicis
543 1085 653 1164 speciei
677 1091 722 1146 est
744 1105 751 1146 ε
774 1086 869 1149 libera
893 1107 1003 1171 nempe
1022 1099 1051 1154 et

83 1191 249 1236 recessurae.

119 1272 292 1336 Necessaria
305 1293 340 1335 ea
358 1281 403 1336 est
422 1291 491 1354 quae
511 1273 545 1334 lit
566 1291 602 1334 ex
620 1275 795 1335 necessitate
806 1276 899 1353 juris,
915 1278 1049 1342 videlicet

84 1360 119 1420 ob
136 1362 399 1441 praesentationem
420 1368 472 1423 aut
491 1361 669 1422 electionem
687 1362 826 1441 alicujus,
841 1365 887 1427 vol
906 1367 945 1426 ob
961 1387 1049 1429 man-

85 1446 179 1511 datum
189 1451 365 1532 superioris,
376 1456 471 1512 autex
482 1452 572 1511 causa
582 1451 809 1530 permutationis
819 1452 1047 1518 beneficiorum.

119 1550 221 1614 Libera
241 1571 311 1632 quae
329 1551 364 1612 fit
382 1552 447 1613 solo
467 1552 534 1630 Jure
556 1551 673 1612 Praelati
689 1571 697 1612 t
713 1552 840 1632 proinde
858 1563 902 1614 est
922 1558 1049 1634 gratuita

85 1641 232 1702 concessio
245 1639 394 1702 beneficii.

121 1740 222 1803 Differt
245 1741 364 1804 collatio
388 1742 425 1803 ab
448 1741 594 1804 electione
619 1741 750 1803 maxime
773 1742 805 1802 in
833 1762 869 1804 eo
891 1745 972 1824 qrrbd
995 1766 1049 1828 per

86 1827 270 1892 collationem
284 1830 458 1910 acquiratur
466 1829 519 1909 jus
538 1830 569 1891 r'rt
583 1849 631 1907 re,
647 1829 721 1891 dum
733 1849 787 1910 per
802 1831 977 1894 electionem
996 1855 1048 1896 ac·

86 1915 205 1992 quiritur
217 1919 362 1980 duntaxat
374 1919 424 1996 jus
438 1917 478 1978 ad
487 1937 558 1980 run.

122 2022 262 2101 Provisio,
282 2043 335 2100 seu
356 2024 562 2086 Pronuntiatio
582 2024 668 2105 Papae
687 2025 719 2084 in
743 2025 941 2102 Consistori0,
960 2027 1049 2090 habet

87 2111 139 2170 rim
165 2113 321 2175 electionis
346 2117 376 2172 et
399 2113 648 2175 confirmationis.
674 2115 800 2187 lnnoc.,
827 2113 858 2172 in
880 2132 946 2194 cap.
978 2115 1049 2178 ditm

89 2195 232 2274 alimoto.
1056 2265 1058 2268 .

122 2298 162 2356 llx
173 2297 220 2359 bis
234 2303 313 2379 patet
331 2298 617 2370 Confirmationem,
631 2295 869 2372 Institutionem,
885 2302 956 2374 etc,
969 2297 1016 2358 ref
1032 2334 1049 2343 -

89 2384 187 2446 rendas
200 2404 267 2449 esse
278 2386 316 2448 ad
332 2387 537 2448 collationem.

123 2487 168 2548 Sic
186 2497 288 2549 autem
308 2487 477 2568 proceditur
500 2487 532 2547 in
552 2485 771 2566 Episcoporum
793 2484 990 2548 Institutione.
1015 2490 1048 2548 ln

90 2575 257 2638 consistorio
270 2575 492 2650 Cardinalium,
508 2574 614 2655 praevia
630 2573 663 2634 fu
679 2590 777 2634 eausae
789 2573 933 2653 cognitio,
953 2597 968 2633 c
982 2595 1049 2655 qua

93 2671 252 2727 «versatur
279 2682 370 2745 super
401 2663 570 2738 natalibus,
597 2667 694 2738 aetate,
724 2677 844 2723 murum
875 2660 1046 2736 honestate,

94 2752 257 2831 «scientia,
286 2753 412 2834 aliisque
438 2769 507 2833 quac
535 2751 565 2811 in
593 2750 743 2830 Episcopo
770 2750 989 2813 desiderantur.
1018 2755 1050 2813 Si

94 2838 231 2904 aelectus
254 2842 300 2903 rel
319 2840 492 2902 nominatus
510 2847 593 2901 extra
612 2839 725 2898 ltaliam
752 2847 972 2917 commoretur,
999 2841 1049 2902 in·

94 2929 238 3008 tquisitio
255 2930 294 2992 de
315 2929 410 3011 ipsius
428 2928 620 3010 qualitatibus
638 2929 655 2987 b
675 2927 788 2987 Nuntio
806 2927 988 3008 Apostolico,
1003 2931 1050 2991 rel

94 3033 106 3068 t
123 3016 158 3076 ab
177 3019 351 3092 ordinario,
365 3017 403 3080 de
417 3017 536 3099 speciali
553 3015 705 3077 Pontilicis
720 3016 860 3078 mandato
875 3017 1048 3092 instituitur,

94 3121 107 3156 <t
123 3110 151 3165 at
170 3125 328 3186 processus
347 3105 419 3168 inde
439 3105 593 3167 conlectus
611 3105 739 3166 Romam
759 3104 894 3166 mittitur.
911 3106 945 3164 ln
967 3105 1051 3166 ltalia

95 3209 107 3242 «t
124 3196 189 3257 verb
201 3203 291 3277 atque
309 3195 418 3257 Insulis
431 3193 656 3275 adjacentibus,
670 3192 756 3254 electi
770 3192 815 3254 rel
837 3191 983 3251 nominati
997 3210 1049 3253 co-

96 3297 108 3330 x
125 3297 183 3343 ram
200 3284 266 3364 ipso
284 3283 429 3346 Pontibus
447 3281 613 3363 periculum
631 3280 775 3340 doctrinae
788 3278 912 3352 faciunt,
927 3296 1048 3340 eorum-

96 3384 181 3448 tque
207 3390 364 3452 processus
390 3371 423 3431 in
453 3371 527 3432 urbe
556 3368 730 3442 conficitur;
759 3367 871 3448 quibus
895 3367 1047 3446 absolutis,

96 3472 108 3506 t
125 3457 209 3520 totius
221 3460 462 3542 inquisitioniset
474 3457 620 3520 examinis
630 3463 695 3517 acta
705 3455 853 3517 cardinali
864 3456 982 3517 relatori
996 3477 1049 3519 seu

96 3560 109 3595 t
127 3549 298 3626 proponenti
319 3547 498 3619 traduntur,
514 3552 605 3626 atque
618 3551 683 3606 tum
704 3543 840 3623 abipso,
855 3550 918 3605 tum
933 3545 971 3606 ab
985 3546 1051 3606 aliis

97 3647 109 3684 t
126 3633 215 3696 tribus
229 3636 436 3698 Cardinalibus
450 3634 590 3695 ordinum
610 3632 756 3711 capitibus
771 3632 848 3692 serid
862 3651 1006 3713 expensa,
1020 3641 1050 3694 et

98 3735 110 3770 t
127 3712 338 3802 subscriptione
352 3721 545 3796 roborata,ab
559 3720 664 3780 eodem
680 3719 815 3781 llelatore
827 3721 858 3780 in
870 3721 1050 3782 Consistorio

45 3827 46 3834 t
894 3819 927 3867 ι..
