2526 4210
158 248 216 308 {92
432 255 583 300 munuum
604 255 686 300 tultis
707 255 853 303 canotum.

568 430 653 494 ΛΒΤ.
676 435 713 494 ll.

181 571 218 617 nu
237 569 407 619 excessurus
423 569 638 632 reputemur,
654 572 708 617 suu
722 573 760 618 aa
778 571 871 620 seusu
884 570 1111 619 rmrsmeuome
1147 553 1150 557 “

522 667 759 716 eccmsnsrmn.

201 799 270 860 323.
287 795 408 870 ouant.
426 795 457 859 p
473 795 549 870 Ouid
566 796 748 879 intelligatur
767 817 821 881 per
841 797 971 862 abusum
990 793 1131 878 jurisdic-

162 887 253 950 tionis
267 895 296 948 et
310 883 463 966 quomodo
476 886 653 966 contingere
665 888 781 968 possit?

201 977 291 1055 Resp.
306 975 440 1036 Abusum
450 973 666 1054 jurisdictionis
679 977 709 1038 in
724 994 846 1058 genere,
859 993 924 1038 esse
942 991 1035 1038 usum
1053 971 1133 1034 illius

162 1064 277 1128 melum
300 1083 351 1125 seu
374 1063 526 1138 illicitum3
543 1064 594 1124 sed
614 1063 662 1126 hio
680 1065 765 1127 illum
785 1083 846 1126 non
866 1063 1064 1144 intelligimus
1077 1060 1132 1122 nisi

164 1158 325 1236 quatenus,
340 1151 441 1232 aliquo
456 1151 546 1235 modo
561 1152 677 1226 saltem,
695 1154 782 1215 leedat
793 1155 843 1232 ius
853 1153 997 1214 alienum.

205 1244 274 1304 324.
299 1243 431 1312 Ouatuor
463 1240 596 1302 remedia
617 1243 777 1303 canonice
809 1241 936 1304 subditis
971 1243 1135 1321 suppetunt

166 1329 308 1394 adversus
322 1329 517 1390 Praelatorum
532 1329 695 1390 excessus?

208 1421 239 1480 t⁰
253 1417 453 1499 snpplicatio,
473 1435 525 1479 εει]
545 1417 668 1478 humilis
686 1417 909 1498 repraesentatio
926 1415 1059 1478 exhibita
1079 1415 1135 1498 ipsi

166 1505 329 1589 Superiori
348 1505 497 1568 excedenti
504 1551 512 1582 ,
528 1512 562 1568 ut
574 1552 582 1581 ,
596 1523 629 1566 re
641 1507 772 1587 cognita,
782 1506 862 1568 aliud
874 1506 1026 1568 decernat.
1043 1507 1137 1586 Leges

167 1614 303 1658 romanae
317 1595 509 1656 insinuabant
523 1593 605 1674 quod
616 1601 731 1674 pateret
740 1613 877 1656 recursus
887 1595 905 1656 d
912 1594 1051 1676 principe
1062 1593 1137 1654 male

70 1677 78 1686 “
168 1685 330 1766 informata
342 1682 383 1744 ad
389 1683 554 1764 principem
566 1681 672 1743 mediiis
685 1683 890 1764 informatam,
901 1689 930 1744 ct
941 1688 975 1745 ut
984 1683 1136 1758 dicebant,

170 1773 207 1836 ab
224 1769 397 1834 Atcaandro
422 1771 583 1831 dormiente
610 1769 649 1830 ad
666 1772 848 1852 vipilantcm.
876 1772 911 1833 lu
933 1769 1138 1834 monumentis

99 1907 103 1912 -
169 1859 377 1924 ecelesiasticis
396 1858 454 1920 hoc
470 1859 569 1940 ipsum
584 1859 696 1940 pluries
712 1859 942 1922 commendatur
958 1880 965 1920 :
982 1863 1136 1940 «Aposto-

174 1949 267 2010 alioa
291 1947 394 2023 Sedes,
418 1947 459 2008 ait
481 1949 511 2010 S.
540 1947 712 2010 Bernartius
736 1949 832 2029 (epist.
862 1951 942 2027 l'lO),
964 1946 1024 2010 hoo
1050 1948 1139 2012 habet

175 2059 191 2097 ε
210 2037 397 2119 praecipuum
411 2041 520 2098 utnon
535 2037 633 2116 pigeat
647 2043 807 2099 retractare
821 2036 902 2117 quod
917 2039 933 2098 ir
948 2055 981 2098 se
994 2036 1072 2099 torte
1083 2036 1138 2100 de-

176 2125 402 2208 «prehenderit
425 2123 528 2187 lraude
552 2125 697 2188 elicitum.
719 2147 734 2184 a
759 2126 852 2206 Igitur
876 2125 969 2186 sires
996 2125 1050 2186 liat
1069 2143 1139 2188 cum

170 2213 269 2278 debite
292 2213 469 2288 reverentia,
484 2231 580 2295 eoque
599 2212 659 2275 fine
678 2219 712 2277 ut
733 2214 860 2275 rationes
872 2214 956 2295 priits
978 2213 1140 2296 incognita

172 2303 367 2384 adducantur,
392 2302 502 2364 utiliter
520 2301 571 2364 liet
591 2301 645 2364 ista
668 2303 851 2366 reclamatio.
877 2304 1009 2365 bivero
1032 2303 1140 2364 merito

171 2393 203 2456 S.
221 2392 313 2454 Sedes
334 2390 429 2469 rejicit
447 2408 553 2452 eorum
572 2392 825 2472 expostulationes
837 2397 993 2454 auctorum
1009 2410 1139 2474 quorum

149 2521 150 2524 =
171 2480 238 2542 libri
254 2480 437 2541 damnantur
453 2479 489 2542 etl
507 2479 588 2559 quod
607 2479 832 2541 laedantsanam
846 2479 1031 2560 doctrinam,
1046 2481 1139 2562 etqui

172 2575 342 2650 queruntur
362 2585 394 2630 se
418 2585 478 2628 non
502 2567 594 2629 fuisse
615 2568 741 2630 auditos.
757 2571 824 2630 Non
843 2569 925 2631 enim
944 2569 1020 2632 tales
1042 2588 1141 2633 causae

173 2656 307 2738 pendent
319 2656 356 2717 ab
372 2657 537 2718 intentione
548 2657 715 2720 scribentis.

211 2749 246 2808 2⁰
260 2745 432 2825 Appellatio
440 2745 576 2827 simplex,
587 2763 640 2807 seu
655 2746 774 2829 proprie
788 2745 885 2824 dicta;
900 2753 968 2828 quae
976 2745 1140 2812 delinitur:

172 2842 255 2898 actus
272 2853 328 2915 quo
346 2835 439 2910 letus,
460 2853 509 2895 scu
527 2841 665 2915 pravatus
687 2835 829 2896 sententiat
840 2835 955 2916 judicis
976 2837 1141 2920 inferioris,

172 2943 287 2986 causam
302 2921 399 3002 desert
412 2920 588 3004 adjudiccm
601 2923 786 3005 superiorem.

213 3013 335 3074 Certum
363 3018 409 3074 est
437 3011 495 3074 boc
521 3011 689 3074 remedium
717 3013 755 3074 ab
782 3013 950 3076 innumeris
974 3018 1142 3082 canonibus

173 3105 312 3184 expresse
326 3121 391 3164 esse
407 3119 597 3164 concessum.
613 3103 657 3164 De
675 3101 848 3182 hujusmodi
863 3103 1063 3186 appellatione
1075 3109 1142 3171 vide

173 3193 313 3256 Manuale
328 3199 463 3253 nostrum
478 3192 683 3269 (oete-5995).

213 3283 246 3345 3⁰
263 3280 467 3358 Qaerc'rnaaia,
483 3298 536 3342 εει]
550 3279 712 3361 appellatio
733 3279 984 3363 cctrajndicialis,
1002 3303 1067 3366 quo
1087 3303 1142 3348 uo·

174 3371 257 3434 mine
281 3370 405 3451 intelligi
429 3375 527 3452 potest
549 3375 632 3430 actus
655 3370 791 3451 quilibet,
812 3389 865 3450 per
891 3389 982 3452 quem
1006 3373 1143 3438 subditus

175 3457 264 3522 lesus
287 3457 546 3540 extrejudioialiter
564 3460 580 3518 a
588 3457 689 3537 J'udice
703 3458 843 3521 interiore
860 3462 985 3522 recurrit
998 3462 1036 3523 ad
1048 3482 1141 3547 supe-

175 3548 297 3612 riorem.
328 3549 412 3609 Hanc
442 3547 612 3609 facultatem
640 3547 761 3630 plurimi
783 3567 915 3611 canones
941 3559 1139 3632 supponunt:

143 3644 150 3652 ”
178 3657 198 3712 ⁸e
217 3638 298 3699 Sacri
313 3654 464 3710 canones,
478 3636 568 3697 etiam
589 3641 670 3698 extra
684 3636 850 3716 judicium,
866 3639 977 3719 passim
991 3641 1142 3722 appellare

22 3799 27 3804 Ι
76 3707 80 3795 l
180 3727 199 3784 'r
219 3726 410 3807 permittunt,
439 3741 495 3785 nec
523 3725 619 3785 solent
642 3724 813 3800 hujusmodi
833 3727 892 3788 diei
916 3729 1139 3808 appellationes,
