2562 4224
176 259 232 316 142
452 260 603 306 annuntii
623 260 705 306 tulus
725 260 873 309 canonici.

181 391 196 426 a
218 365 358 446 temporis
372 379 433 442 quo
451 367 576 436 vacant,
592 361 673 422 unde
694 368 759 422 orta
773 363 924 426 distinctio
935 361 1014 425 inter
1029 380 1156 424 mensas

182 478 198 516 a
218 453 340 536 papales
354 458 384 512 et
397 449 574 511 ordinarios.

217 547 298 606 Inter
312 539 469 613 beneficia,
485 538 516 598 in
528 538 615 600 Curia
628 543 753 603 romana
762 542 907 615 vacantia,
917 539 987 602 solae
998 539 1158 619 parochia·

179 630 367 698 lesecolcsiae
385 628 416 688 in
428 626 516 688 Curia
528 634 665 689 vacantes
679 636 745 708 post
755 629 870 693 obitum
895 627 1066 703 Ponticis,
1084 633 1155 703 aut,

180 741 217 785 eo
230 720 356 790 vivente,
368 721 506 778 vacantes
520 721 550 777 et
562 734 622 777 non
634 717 759 792 collatae,
771 720 788 779 a
799 717 999 780 reservatione
1013 717 1146 778 eximun

95 837 102 844 ·
179 815 250 886 tur,
266 807 334 891 qnia
349 803 521 866 Bonilacius
534 805 609 881 Vlll,
624 823 690 885 cap.
707 809 765 880 35,
795 805 833 868 lle
847 803 1004 870 Parcdeod.
1018 851 1026 882 ‚
1042 804 1076 866 in
1100 808 1156 879 δ’,

182 916 285 962 earnm
300 896 342 958 sic
355 893 526 956 vacantium
538 892 729 955 collationem
741 895 905 956 ordinariis
913 913 973 955 non
988 893 1113 955 ademit.

219 990 291 1050 267.
313 986 383 1044 Post
397 984 565 1042 Romanurn
576 983 765 1055 Pontificem,
777 983 954 1045 nobiliorem
964 983 1067 1044 locum
1078 981 1164 1044 inter

183 1076 340 1138 collatores
366 1070 505 1132 obtinent
525 1070 665 1153 Episcopi
692 1072 883 1134 otiosorum
910 1070 1088 1133 Ordinarii:
1115 1072 1165 1132 sic

186 1162 265 1226 enim
279 1161 390 1223 habent
403 1177 471 1222 can.
492 1159 679 1240 Rependat,
699 1179 789 1223 eausa
800 1163 858 1236 10,
877 1178 909 1241 q.
925 1165 962 1222 t:
983 1179 998 1218 o
1014 1159 1166 1238 Regenda

190 1273 205 1313 r
224 1256 270 1315 est
287 1243 478 1330 unaquaeque
495 1248 650 1327 Ecclesia,
670 1248 726 1311 sub
744 1248 912 1331 provisione
938 1266 973 1310 ac
999 1247 1166 1326 tuitione,

156 1342 163 1352 '
190 1339 380 1421 «Episcopi,
402 1355 455 1418 per
476 1335 645 1399 sacerdotes
665 1337 711 1399 vel
725 1346 850 1399 caeteros
863 1337 990 1398 clericos
1003 1354 1082 1416 quos
1093 1335 1168 1416 ipse

190 1449 205 1490 a
226 1445 298 1492 cum
313 1427 366 1490 Dei
375 1425 483 1488 timore
495 1424 665 1506 provideret
685 1447 700 1485 r
720 1445 728 1501 ;
745 1434 774 1488 et
788 1444 855 1488 can.
869 1425 983 1487 Nullos
997 1429 1041 1494 2,
1067 1443 1168 1488 causa

188 1521 236 1594 lit,
253 1521 317 1598 q.'l
335 1534 343 1578 τ
363 1514 497 1576 «Nullus
511 1513 639 1576 omnind
665 1514 900 1576 archidiaconus
914 1520 966 1575 aut
981 1513 1168 1594 Archipres-

191 1629 206 1666 a
227 1607 349 1688 bytcr...
366 1604 536 1666 animarum
550 1621 667 1681 curam,
681 1603 727 1664 vel
742 1603 919 1683 praebendas
933 1603 1170 1680 Ecclesiae‚sinte

192 1718 208 1756 a
225 1693 338 1774 iudicio
348 1695 394 1754 vel
408 1709 558 1755 consensu
573 1691 726 1772 Episcopi,
742 1692 830 1754 alicui
844 1693 975 1754 tribuat:
991 1692 1066 1768 inid,
1082 1693 1170 1754 sicut

193 1805 209 1841 a
229 1783 339 1844 sanctis
352 1780 520 1843 canonibus
535 1780 731 1842 constitutum
746 1787 802 1855 est,
818 1780 988 1841 animarum
1000 1799 1114 1843 cura...
1135 1782 1171 1843 in

193 1895 207 1930 o
228 1870 367 1952 Episcopi
385 1867 499 1946 judicio
519 1873 549 1928 et
568 1873 713 1948 potestate
737 1876 959 1949 permaneat.»
983 1870 1019 1932 V.
1036 1870 1176 1951 insuper

190 1978 256 2040 cap.
275 1958 494 2039 Conquerente‚
509 1954 549 2017 oe
564 1957 683 2038 Officio,
700 1963 804 2038 etcap.
821 1957 876 2018 Ere
891 1956 1104 2040 frequentibus,
1128 1959 1177 2022 De

191 2049 291 2110 Instit.

230 2139 274 2198 Ex
293 2135 403 2217 quibus
422 2133 611 2196 inserendum
630 2140 675 2196 cst
700 2134 804 2216 quod,
830 2133 953 2216 quando
977 2135 1177 2201 beneficium

190 2243 309 2301 vacans,
326 2241 425 2305 neque
439 2229 483 2286 est
493 2231 676 2285 reservatum
688 2222 756 2285 Sedi
768 2223 957 2304 apostolicae,
966 2241 1067 2306 neque
1080 2226 1177 2290 ullus

191 2314 266 2376 alius
287 2314 415 2396 probare
433 2316 532 2392 potest
545 2312 596 2390 ius
614 2329 704 2372 suum
721 2311 796 2373 illud
814 2311 1016 2390 conterendi,
1037 2331 1076 2376 eo
1095 2314 1178 2397 ipso

190 2405 284 2484 ipsius
297 2402 415 2464 collatio
429 2401 467 2461 ad
479 2400 662 2483 Episcopum
677 2399 815 2481 pertinet.

232 2496 342 2553 Praeter
359 2491 520 2570 Episcopos
534 2488 744 2550 etOrdinarios
758 2494 829 2551 sunt
843 2489 967 2570 insuper
980 2491 1047 2569 atii,
1063 2493 1118 2573 qui
1132 2514 1178 2558 ex

189 2581 316 2641 indultis
330 2581 374 2641 vel
393 2579 524 2658 legitimi
538 2577 773 2656 consuetudine,
789 2578 894 2640 saltem
913 2580 981 2658 jure
995 2579 1148 2662 delegato
1164 2631 1176 2663 ,

190 2667 339 2730 beneficia
353 2667 400 2730 vel
412 2666 508 2728 officia
523 2665 692 2728 conserunt.

231 2759 272 2821 Ut
286 2762 401 2818 certum
413 2773 495 2816 nunc
509 2754 634 2816 habetur
649 2754 881 2818 canonicatuum
891 2761 920 2818 et
929 2757 1178 2836 praebendarum

191 2844 375 2908 Cathedr'alis
391 2843 582 2906 collationem
597 2843 819 2924 reputoritevad
829 2843 1014 2927 Episcopum
1028 2847 1127 2910 simul
1152 2863 1184 2914 et

193 2934 361 3016 Capitulum
377 2933 527 3014 pertinere
542 2931 666 3011 (Bonis,
687 2933 731 2994 De
755 2932 927 3014 Capitulis,
943 2939 974 3016 p'.
990 2937 1074 3017 224).
1090 2939 1109 2999 J
1118 2953 1184 3000 uro

193 3031 294 3085 antem
308 3021 462 3085 communi
478 3022 529 3101 ius
551 3020 681 3100 eligendi
702 3021 869 3082 Canonicos
883 3022 914 3084 in
934 3023 1104 3103 Collegiatis
1139 3028 1184 3095 ad

193 3112 363 3193 Capitulum
377 3116 490 3191 spectat
500 3130 510 3185 ;
523 3110 572 3188 jus
590 3110 661 3170 vero
680 3108 878 3185 instituendi,
902 3111 940 3172 ad
964 3112 1180 3194 Episcopum.

193 3202 334 3264 Decisum
348 3202 365 3261 i
380 3201 465 3270 Rota,
481 3216 531 3279 ap.
548 3197 655 3274 Bouix,
668 3197 710 3258 De
726 3195 837 3278 Capit,
856 3217 884 3279 p.
900 3203 969 3261 264.

233 3289 405 3352 Nominatio
439 3287 510 3350 verd
544 3285 653 3348 Vicarii
688 3285 824 3367 perpetui
854 3287 954 3349 Cureti
988 3287 1020 3349 in
1055 3291 1136 3355 Caih

194 3377 327 3441 dralibus
341 3376 470 3458 pertinet
483 3374 521 3436 ad
535 3373 707 3454 Capitulum
723 3418 731 3450 ‚
748 3373 923 3454 approbatio
937 3377 1007 3438 vero
1019 3377 1057 3438 ad
1071 3381 1178 3460 Epis.
1196 3376 1207 3412 t

193 3484 481 3617 cogilrtgeommuni
497 3551 535 3613 ad
557 3550 741 3630 Episcopum
765 3551 893 3631 pertinet
910 3552 1102 3636 Theologalis
1139 3567 1176 3622 et

195 3641 410 3704 Poenitentiarii
419 3640 524 3702 electio
538 3639 569 3699 in
586 3637 738 3716 Capitulis.

234 3733 304 3791 268.
326 3731 362 3789 ll.
389 3731 460 3789 llaec
487 3727 610 3806 quidem
630 3725 668 3785 de
691 3727 759 3800 jure
779 3729 935 3790 communi
951 3729 1179 3798 :deveniendo
