2526 4210
444 261 528 304 ranan
551 258 666 304 ennius.
985 240 1038 299 tat

62 361 145 422 Sede
171 368 311 435 vacante,
335 362 372 422 ad
398 352 575 439 Capitulum
591 361 643 416 aut
667 354 817 418 Vioarium
841 358 1040 438 Capitularem

61 449 283 528 appellandum
306 457 361 513 est.
382 454 414 510 2⁰
437 447 483 508 Ab
496 444 661 526 Episcop0,
684 444 729 504 vel
751 444 869 506 Vicorio
884 449 1039 526 Generali,

62 543 128 611 aut,
147 538 226 599 Sede
240 546 377 613 vacante,
393 539 410 600 a
424 535 559 616 capitulo
573 539 623 595 aut
636 532 730 613 ipsius
744 533 876 605 Vieario‚
893 538 1042 615 appellan-

61 624 141 686 dum
155 635 201 687 est
215 627 252 687 ad
272 627 548 708 arehiepiscopum.
563 627 594 685 3⁰
609 621 655 682 Ab
670 621 912 703 archiepiscopo,
926 645 1042 689 succes-

62 714 128 774 sive
142 713 182 774 ad
197 715 377 788 Primatum,
394 711 596 776 Patriarcham
607 716 638 772 et
651 713 772 789 Papam.
787 716 819 772 4⁰
832 713 907 772 Ciam
920 715 1041 794 Episco-

64 821 125 883 pus
139 809 172 864 et
192 804 324 866 Virarius
338 804 491 866 Generalis
513 800 593 863 idem
607 800 738 861 tribunal
752 799 900 871 efficiant.
917 821 977 863 non
997 811 1042 868 est

64 891 284 972 appellandum
298 895 314 954 a
331 891 449 954 Vinaria
461 889 597 952 Generali
611 889 648 950 ad
663 889 846 970 Episcopum
858 910 866 963 ;
881 909 937 952 neo
951 911 1041 974 prop

64 987 114 1040 ter
134 981 286 1065 eamdem,
299 982 461 1056 rationem,
486 982 503 1041 a
527 977 816 1058 congregationibus
839 981 983 1042 Romanis
1004 982 1041 1044 ad

66 1070 195 1150 Papam.
212 1074 244 1132 5ο
257 1072 279 1130 Α
295 1070 432 1149 delegato
448 1067 661 1150 appellandum
676 1071 723 1128 est
736 1067 772 1128 ad
787 1067 986 1149 delegantem.

108 1159 248 1220 Diximus
274 1167 361 1220 extra
389 1177 483 1220 eurum
509 1157 718 1239 appellationis
741 1156 781 1217 acl
804 1159 941 1239 Pupam,
971 1162 1041 1242 quia

66 1248 100 1308 S.
119 1247 274 1320 Pontifex,
291 1253 413 1328 propter
430 1266 515 1308 suam
531 1247 746 1327 plenitudinem
762 1248 929 1326 potestatis,
947 1259 1042 1329 polest

66 1354 280 1417 quascumque
294 1335 508 1417 appellationes
521 1335 678 1398 admittere
688 1339 710 1397 ¹.
727 1335 928 1415 Exeipiendus
940 1345 984 1399 est
999 1346 1040 1400 ta-

68 1443 143 1487 men
158 1443 246 1486 casus
258 1428 287 1486 in
303 1445 364 1506 quo
376 1427 406 1486 S.
421 1425 513 1488 Sedes
527 1443 579 1505 per
590 1424 805 1486 concordatum
819 1425 943 1486 indulsit
955 1427 1041 1489 alicui

68 1514 189 1595 regioni
204 1519 237 1576 ut
249 1514 286 1575 ad
297 1515 392 1595 ipsam
404 1532 463 1575 non
478 1513 654 1594 appelletur,
664 1513 784 1574 omissis
795 1513 946 1589 iudicibus
956 1515 1043 1576 inter·

69 1603 196 1677 mediis,
211 1611 299 1683 prout
312 1611 501 1664 concesserat
516 1601 617 1663 Galliae
630 1603 691 1661 Lao
704 1604 730 1662 X
746 1619 799 1680 per
813 1621 902 1664 suum
916 1604 1044 1664 Concor-

68 1691 177 1753 datum
187 1709 257 1753 oum
273 1691 451 1752 Franciscol
461 1691 584 1764 initum;
599 1689 650 1751 sed
661 1689 719 1750 hoc
729 1689 916 1770 privilegium
928 1691 1044 1754 videtur

69 1779 366 1860 suissesuppressum
376 1782 393 1840 a
403 1780 513 1840 Pionl
524 1780 705 1859 perdonatit.
717 1777 777 1854 (lui
786 1777 903 1840 Christi
910 1776 1053 1859 Domini,'

69 1870 134 1950 qud
148 1869 286 1930 extinotae
302 1869 423 1930 fuerunt
436 1885 543 1930 omnes
562 1867 648 1929 sedes
667 1868 859 1949 Episcopales
876 1876 906 1930 et
921 1871 1044 1933 Archia-

70 1958 241 2040 piscopales
255 1957 374 2030 Galliae,
396 1957 485 2018 simul
504 1975 574 2018 cum
593 1975 696 2018 earum
717 1957 859 2019 omnibus
877 1959 995 2037 juribus
1015 1966 1045 2021 et

71 2046 251 2128 privilegiis3
268 2047 344 2108 etde
360 2045 438 2108 lacto
453 2065 535 2108 nunc
548 2049 564 2107 a
577 2046 652 2109 Sede
669 2047 837 2127 Apostolica
846 2048 1045 2111 admittuntur

71 2136 290 2217 appellationes
311 2137 329 2197 e
348 2136 441 2198 Gallia
462 2135 631 2214 venientes,
649 2137 739 2198 etiam
757 2136 876 2198 omissis
892 2136 1044 2218 judicibus

72 2225 272 2287 intermediis.

112 2314 267 2395 Imprimis
277 2313 326 2376 hta
336 2314 501 2378 notandum
513 2312 597 2397 quod
608 2314 769 2396 appellatio
779 2315 924 2378 notificari
937 2315 1044 2380 debeat

72 2404 101 2466 ei
116 2404 134 2464 a
148 2404 235 2482 cujus
250 2405 395 2466 sententia
414 2405 597 2484 appellatur,
613 2403 746 2483 alioquin
766 2421 866 2483 neque
891 2408 1044 2484 suspensi-

72 2509 147 2555 vum
166 2510 266 2572 neque
286 2492 487 2556 devolutivum
515 2492 657 2556 effectum
683 2491 782 2554 habet.
808 2493 930 2555 Constat
957 2495 1044 2558 variis

72 2581 262 2663 capitibuaju
268 2581 305 2642 ris
315 2582 452 2644 canonici
463 2581 641 2664 (Utdelltus
652 2584 701 2657 50,
710 2579 755 2642 De
764 2581 1042 2663 appell.,·Clement.
1056 2635 1060 2648 .

72 2670 114 2733 Si
126 2669 145 2733 ci
153 2670 325 2750 jndicibus,
341 2671 385 2732 tit.
403 2674 451 2748 la,
468 2671 535 2734 libr.
551 2675 588 2746 P,
608 2670 692 2753 eta).
711 2670 838 2742 Quidam
853 2675 1043 2754 excipiuntur

71 2777 182 2837 casm,
198 2779 252 2840 pro
264 2759 376 2840 quibus
387 2759 453 2830 vide
467 2762 503 2824 D.
520 2760 637 2833 Boua,
652 2759 692 2822 De
699 2759 838 2841 judiciis,
855 2782 885 2841 p.
901 2767 971 2838 268,
983 2771 1041 2828 etc.

112 2848 145 2911 Si
160 2848 191 2910 in
206 2848 313 2909 endem
333 2852 455 2928 negotio
472 2867 532 2910 una
550 2861 621 2932 para
640 2850 831 2930 appellaverit
851 2851 889 2912 ad
913 2855 1040 2934 Papam,

71 2939 165 3000 altera
185 2940 254 2999 vere
277 2937 315 3000 ad
334 2939 526 3018 Superiorem
548 2937 776 3014 immediatum,
801 2939 852 3019 qui
872 2940 910 3001 ad
929 2943 1041 3022 Papam

71 3027 289 3110 appellaverit,
319 3045 404 3090 suam
435 3027 665 3108 appellationem
693 3027 839 3108 superiori
867 3029 1042 3093 immediato

71 3115 228 3180 notificare
240 3117 347 3192 debet,
362 3135 400 3180 ne
413 3117 468 3178 iste
482 3116 607 3178 ulterius
618 3116 774 3197 procedat3
790 3117 943 3197 alioquin,
961 3119 1043 3198 quod

72 3207 136 3288 ipse
149 3206 381 3288 appellationem
395 3206 431 3268 ad
447 3207 557 3284 Papam
570 3205 711 3287 ignorans
725 3213 896 3286 perageret,
911 3207 1042 3270 validum

73 3301 161 3360 esset.
177 3297 221 3356 lta
234 3314 300 3375 cap.
317 3293 354 3358 st
366 3295 473 3358 duobus
484 3302 514 3372 7,
524 3294 568 3356 De
580 3293 724 3375 appellat.

57 3563 60 3576 =
101 3542 111 3570 ⁸
128 3537 156 3591 Si
178 3535 234 3604 quis
254 3542 356 3602 cuperet
374 3537 463 3589 habere
483 3537 582 3588 branam
605 3543 822 3588 monumentorum
847 3551 933 3586 serram
952 3537 1042 3605 quitum

52 3645 54 3654 ι
70 3615 183 3668 annotat,
199 3607 213 3657 a
233 3608 356 3673 primaria
375 3609 488 3658 Ecclesia
506 3608 617 3671 suculis,
631 3609 707 3660 fuisse
724 3609 754 3658 de
767 3614 818 3656 totu
831 3608 890 3658 orlre
903 3614 932 3658 al
951 3613 1041 3659 Sortem

68 3679 238 3748 Apostolicam
265 3679 429 3742 appellatum,
451 3679 533 3729 nider·
553 3679 655 3738 llevoti,
677 3680 712 3731 De
726 3679 842 3740 ludicris,
859 3680 894 3728 tit.
917 3681 958 3741 la,
972 3679 985 3745 fl
1000 3679 1039 3738 28,

68 3751 184 3805 naalia.
