2562 4224
189 258 246 315 lto
463 269 614 314 carneuna
638 269 720 314 runis
741 268 890 314 canonici.
992 234 995 239 ’

227 368 384 440 Quomodo
398 375 500 432 autem
517 369 577 430 sint
598 367 791 447 intelligenda
813 368 877 429 haec
893 366 982 429 verbo
1001 387 1068 450 cap.
1088 371 1167 431 Inter

187 457 354 537 corporolia
367 479 373 519 :
387 459 485 520 «Cum
496 476 569 538 ergo
580 456 685 518 fortius
696 457 732 517 sit
743 455 895 536 spirituale
907 456 1063 518 vinculum
1076 457 1169 540 quhm

192 566 208 603 v
227 546 370 609 carnale?
383 549 517 608 r-Non
530 545 616 608 omni
631 544 742 618 modo,
758 545 810 606 sed
822 544 924 624 quood
937 552 1036 607 certos
1050 550 1169 609 tanturn

188 642 357 715 respectus,
377 637 532 698 vinculum
551 633 705 715 spirituale
727 639 772 694 est
792 632 898 695 fortius
919 634 1054 708 carnali;
1080 655 1108 697 v.
1125 657 1167 717 g„

187 724 307 786 carnale
319 724 492 800 vinculum,
509 724 647 786 nondum
660 727 919 796 consummatum,
932 721 1106 786 dissolvitur
1118 744 1166 804 per

188 812 355 876 solemnem
369 814 522 894 religionis
536 811 769 892 professionem,
779 826 841 870 non
856 809 928 871 item
941 809 1099 891 spirituale
1109 815 1166 875 vin-

188 901 302 963 culum.

228 993 296 1053 299.
321 991 444 1063 Quaerit.
460 993 492 1050 2⁰
506 992 553 1051 An
568 989 736 1070 Episcopus
751 987 845 1069 possit
859 987 984 1072 invitum
1000 991 1168 1068 parochum

189 1078 226 1140 ab
239 1083 300 1141 unt
315 1078 455 1159 parochid
468 1079 505 1140 ad
519 1079 608 1140 aliam
623 1076 808 1138 transferre?

230 1169 319 1248 Resp.
338 1169 389 1228 Vel
404 1167 549 1247 agitnrde
563 1166 694 1246 parocho
709 1165 877 1240 amovihili,
891 1171 981 1246 prout
992 1176 1066 1228 suut
1080 1168 1171 1231 hodie

191 1256 221 1317 in
235 1257 328 1318 Gallio
342 1256 575 1330 succursalistae3
591 1255 638 1317 vel
653 1256 779 1334 quaestio
792 1261 836 1315 est
850 1253 888 1316 de
902 1254 1036 1334 parocho
1050 1256 1167 1320 inamo-

191 1345 271 1404 vibili
288 1365 295 1405 :
312 1347 335 1406 si
352 1345 454 1426 prius,
476 1345 552 1406 sicut
575 1343 658 1405 inviti
675 1347 802 1422 possunt
817 1343 948 1404 amoveri
968 1345 985 1404 a
1008 1347 1165 1424 parochit‚

191 1431 229 1494 ira
243 1434 281 1494 ab
295 1436 330 1496 et
339 1433 377 1498 ad
391 1432 688 1513 novamparochiam
699 1429 853 1492 transferri
866 1437 1013 1511 possunt;
1028 1437 1167 1498 sacerdos

191 1522 289 1598 enim,
306 1541 368 1584 non
383 1522 515 1603 legitime
530 1521 708 1601 impeditus,
728 1527 846 1581 tenetur
860 1527 1017 1601 acceptare
1031 1524 1167 1586 ministe-

183 1611 270 1672 rium
284 1612 454 1674 animarum
469 1610 494 1672 si
508 1609 550 1670 illi
564 1609 603 1670 ab
616 1609 781 1689 Episcopo,
797 1609 845 1670 cui
861 1608 891 1669 in
906 1611 961 1671 sua
978 1611 1168 1675 ordinatione

191 1699 392 1762 obedientiam
407 1699 564 1782 promisit,
588 1697 779 1778 praeficiatur.
796 1697 827 1758 Si
845 1697 1004 1777 posteriuS,
1021 1718 1084 1762 non
1100 1721 1166 1782 pos·

192 1796 261 1848 sunt
275 1789 398 1869 quidem
413 1787 496 1850 inviti
511 1785 663 1849 transferri
676 1785 741 1847 sine
755 1785 836 1866 gravi
851 1786 975 1863 motiv0‚
991 1788 1045 1849 sed
1067 1791 1167 1870 plures

192 1883 263 1937 sunt
277 1896 363 1938 casus
377 1877 409 1938 in
430 1875 540 1956 quibus
554 1875 597 1936 sic
611 1873 765 1936 transferri
780 1874 879 1936 valent
895 1893 902 1934 :
919 1875 1025 1955 legitur
1040 1880 1166 1940 enimin

192 1965 325 2027 Concilio
339 1965 565 2046 Carthaginensi
580 1967 618 2025 lV
633 1983 641 2024 :
657 1963 797 2025 «Placuit
808 1969 841 2024 ut
853 1963 1039 2044 quicumque
1054 1969 1165 2042 clerici,

197 2075 213 2113 a
232 2054 277 2115 vel
291 2054 409 2118 diaconi
423 2073 477 2135 pro
491 2052 718 2116 necessitatibus
728 2052 929 2114 Ecclesiarum
944 2071 1005 2114 non
1018 2055 1167 2139 obtempc

199 2164 212 2200 a
233 2145 362 2206 raserint
386 2143 540 2224 Episcopis
558 2141 726 2204 volentibus
748 2159 801 2203 eos
814 2140 852 2202 ad
871 2140 1019 2203 honorem
1036 2149 1166 2228 amplio-

198 2254 213 2291 n
232 2251 297 2294 rem
315 2233 346 2294 in
366 2235 421 2295 suh
444 2230 576 2293 Ecclesia
595 2248 787 2311 promovere,
804 2248 861 2292 nec
883 2230 925 2291 illi
945 2231 1120 2296 ministrent
1137 2237 1166 2296 in

199 2345 211 2379 n
233 2323 328 2402 gradu
344 2341 399 2386 suo
414 2321 495 2383 unde
510 2318 650 2381 recedere
666 2318 839 2380 noluerunt.
856 2340 871 2378 a

232 2416 357 2493 Insuper
373 2411 498 2486 dicitur,
513 2409 544 2470 in
559 2426 625 2488 cap.
642 2406 803 2482 Ouoear'tom
817 2413 848 2485 5,
872 2408 912 2470 De
924 2429 1025 2470 rerum
1044 2432 1164 2493 percnu-

200 2503 304 2564 tntr'ooe
318 2520 331 2561 .·
349 2522 363 2560 c
378 2501 408 2562 Si
430 2498 595 2578 Episcopus
617 2514 739 2558 causam
763 2496 925 2577 inspexerit
946 2503 1164 2579 necessariam,

199 2613 212 2649 a
234 2591 311 2652 licite
326 2587 432 2670 poterit
446 2588 483 2650 de
497 2605 561 2648 uno
584 2585 650 2648 loco
669 2584 707 2646 ad
721 2585 815 2646 alium
829 2585 990 2648 transferre
1005 2607 1164 2668 personas,

198 2702 212 2737 n
233 2686 265 2740 ut
284 2696 353 2759 quae
367 2677 421 2739 uni
437 2677 502 2738 loco
523 2681 593 2738 sunt
606 2673 709 2736 minus
728 2673 833 2750 utiles,
848 2673 918 2736 alibi
933 2693 965 2736 se
978 2677 1098 2740 valeant
1111 2683 1165 2742 uti-

198 2791 213 2828 n
234 2769 292 2830 liirs
305 2784 455 2829 exercere.
470 2787 486 2824 a
503 2765 568 2826 Hoc
581 2763 756 2844 contingere
770 2769 877 2843 potest,
890 2783 916 2824 v.
931 2783 961 2843 g.
978 2763 1004 2825 si
1018 2768 1089 2846 quis
1097 2775 1178 2830 cau

194 2858 302 2920 severit
315 2854 489 2918 scandalum
503 2853 534 2914 in
547 2853 674 2934 populo,
687 2852 712 2913 si
726 2851 895 2914 inimicitias
904 2862 933 2914 et
945 2859 1166 2932 persecutiones

194 2948 336 3029 patiatur,
360 2951 432 3020 etc.;
454 2943 534 3006 unde
549 2943 621 3003 ciun
643 2940 810 3021 Episcopus
835 2940 1063 3021 limburgensis
1083 2965 1166 3026 paro-

194 3037 302 3114 chum,
328 3033 380 3116 qui
401 3035 417 3094 h
442 3051 473 3096 se
494 3031 673 3092 alienaverat
694 3029 891 3109 parochianos
905 3047 976 3091 suos
989 3034 1046 3093 suti
1063 3040 1169 3115 aspero

196 3127 316 3203 indole,
343 3126 361 3186 h
390 3121 530 3205 parochit
558 3119 623 3199 ejus
651 3118 844 3194 dimovisset,
869 3119 1021 3198 proposita
1045 3119 1167 3185 fuerunt

187 3215 451 3295 'Sacraefiongrep
463 3207 869 3287 Conciliiduhiasequentia:
888 3211 1167 3273 l⁰hnsustineatur

195 3308 348 3368 decretum
358 3301 519 3366 amotionis
529 3296 746 3360 latumirGurit
755 3296 923 3376 Episcopali
934 3297 1145 3380 Lirnburgensi
1157 3322 1164 3374 ;

196 3399 226 3456 2⁰
247 3413 286 3454 an
304 3393 363 3454 sint
379 3388 569 3453 infirmandae
585 3403 682 3466 poenae
705 3385 859 3446 canonicae
879 3384 1000 3446 inflictae
1019 3386 1052 3447 in
1072 3392 1166 3450 casu?

235 3485 423 3561 Responsum
434 3479 508 3541 fuit:
530 3476 601 3537 nhd
613 3481 665 3536 lum
686 3473 882 3549 Affirmativt3
897 3474 934 3534 ad
946 3477 1001 3534 ΨΜ
1019 3477 1167 3540 scribatur

201 3595 214 3630 n
235 3571 384 3650 Episcopo
395 3576 428 3630 ut
441 3565 627 3628 sacerdotem
641 3561 772 3624 absolvat
786 3579 821 3622 ac
835 3561 1017 3641 rehobilitet,
1034 3582 1166 3646 cumque
1181 3569 1184 3578 “

200 3683 214 3718 n
235 3658 384 3739 provideat
406 3657 443 3718 dc
457 3656 514 3716 alit
533 3655 677 3735 paroecit,
693 3669 747 3712 seu
762 3649 910 3714 beneficio
924 3651 1059 3715 redditus
1073 3654 1166 3736 aequi·

200 3771 214 3806 n
232 3745 396 3809 valentis.»
