2616 4228
13 44 103 64 πτῆτῖῑ·
134 40 164 53 “”

412 190 504 236 curua
524 190 711 236 rnomnrtcn.
1013 185 1047 244 til

66 294 278 360 auctoritatem
303 291 374 354 talia
399 290 618 368 asserentium,
642 297 672 353 et
699 291 822 354 maximi
846 293 991 374 ponderis
1014 296 1051 358 sit

66 384 150 466 apud
165 402 222 445 nos
242 380 344 464 praxis
357 382 462 442 Romae
476 379 649 456 observata,
666 398 728 442 non
742 381 840 444 adhuc
854 383 1052 465 intelligimus

66 472 226 554 quomodo
239 489 348 532 omnes
362 467 599 532 consuetudines
619 467 754 550 vigentes
768 471 848 550 apud
863 473 1010 554 populum
1024 479 1052 535 et

66 563 186 625 clerum
201 559 330 638 alicujus
343 558 498 633 Ecclesiae,
515 557 574 618 sint
589 558 760 628 necessario
772 559 839 637 jura
854 559 934 623 illius
948 563 1052 624 Eccle-

68 653 123 714 siae
144 656 174 711 et
195 667 258 711 non
279 649 381 728 potius
399 644 563 729 aliquando
574 644 643 726 jura
664 646 758 708 solius
778 648 893 730 populi,
914 650 961 712 vel
982 651 1054 712 oleri

69 738 152 820 apud
167 755 246 820 quos
259 737 364 816 vigent
378 754 387 798 z
402 733 485 816 quod
498 753 527 796 v.
545 753 574 816 g.
591 733 696 798 fideles
710 736 836 817 possint,
852 755 909 800 nec
921 757 960 800 ne
974 757 1055 801 com-

70 830 231 890 municare
253 832 341 888 nocte
364 823 532 888 Natiuitatis
553 823 692 899 Domini,
718 824 799 906 quod
821 825 907 888 liceat
931 829 1056 890 recitare

70 923 170 980 certes
193 915 315 977 litanias
341 913 379 975 ad
406 911 508 974 lndice
534 912 712 994 probibitaS,
735 912 775 975 ob
801 916 1056 979 consuetudinem

72 1006 183 1069 alicubi
197 1005 362 1085 vigentem,
375 1001 457 1083 qudd
471 1001 672 1063 ecclesiastica
686 1003 841 1084 sepulturi
859 1023 919 1066 non
937 1006 1057 1086 priven-

73 1101 123 1158 tur
138 1095 303 1157 morientes
316 1111 351 1154 ex
364 1089 477 1163 duello,
494 1091 519 1152 si
534 1090 671 1152 dederint
684 1091 771 1171 signa
785 1093 980 1172 poenitentiae,
995 1113 1057 1156 non

72 1185 214 1246 obstante
237 1181 361 1244 Constit.
385 1179 595 1241 Detestabilem
615 1179 729 1240 Bened.
751 1183 828 1255 XlV,
845 1181 928 1260 qudd
949 1181 1061 1246 modici

75 1291 140 1336 non
163 1271 325 1334 observent
347 1268 588 1351 praescriptiones
607 1287 673 1350 cap.
702 1268 776 1330 Cbm
799 1269 1008 1352 infirmitatem
1029 1277 1060 1333 et

72 1361 203 1424 constit.
225 1360 256 1422 S.
284 1357 327 1420 Pii
352 1359 389 1435 V,
413 1354 508 1437 Super
527 1375 657 1437 propone,
681 1356 755 1418 tales
777 1359 1012 1422 consuetudines
1031 1366 1060 1421 et

77 1451 180 1531 plures
192 1449 270 1523 aliae,
278 1447 302 1508 si
317 1447 419 1508 reveri
433 1445 575 1524 legitimae
589 1444 716 1506 luissent
729 1452 868 1529 tempore
882 1447 1060 1511 Concordati

75 1537 172 1620 (quod
183 1537 234 1599 hic
246 1555 308 1598 non
323 1532 667 1616 expendirnus),suntne
677 1535 746 1611 jura
759 1535 886 1613 alicujus
900 1535 1061 1598 Ecclesiae?

78 1630 188 1689 Nonne
203 1626 304 1708 potiris
315 1629 387 1686 sunt
399 1624 466 1702 jura
483 1639 591 1684 eorum
605 1622 685 1702 apud
700 1641 777 1702 quos
790 1635 862 1685 sunt
876 1623 906 1684 in
924 1625 1002 1686 usu‘l

119 1713 304 1794 Hujusmodi
332 1710 569 1775 consuetudines
597 1717 668 1770 sunt
695 1711 819 1790 quiDem
844 1713 911 1792 iura
943 1712 1062 1776 illarum

80 1805 286 1868 Ecclesiarum
302 1801 333 1863 in
344 1819 380 1862 eo
394 1819 485 1862 sensu
496 1798 578 1880 quod
589 1797 649 1859 sint
663 1798 745 1878 leges
754 1799 835 1880 apud
848 1819 899 1864 eas
909 1801 1061 1884 vigentes;

81 1895 135 1957 sed
150 1911 213 1954 non
232 1892 264 1952 in
285 1891 344 1952 boc
361 1908 453 1951 sensu
467 1887 585 1949 videtur
599 1890 630 1949 S.
647 1885 785 1951 Pontifex
800 1889 982 1952 intellexisse
997 1909 1064 1953 ver·

81 1985 156 2046 bum
165 1981 220 2063 jus
238 1979 362 2061 quando
375 1978 470 2040 dixit:
488 1976 706 2059 Ectt'npuimus
728 1977 868 2053 titulum,
884 1985 942 2042 etc.
957 2027 964 2055 ,
981 1980 1064 2061 infra

81 2072 266 2154 scripturum
283 2066 485 2131 Ecclesicrum
504 2085 568 2126 cum
590 2065 759 2146 respectiuis
780 2087 919 2130 eorum...
930 2067 1064 2149 juribus.

85 2161 213 2222 Videtur
243 2157 342 2240 potius
369 2154 609 2218 intellexissem
635 2172 725 2217 sensu
754 2155 896 2236 legitimae
919 2156 1067 2219 facultatis

85 2248 201 2332 aliquid
215 2245 337 2329 agendi,
352 2244 398 2306 vel
412 2241 584 2318 omittendi,
597 2249 687 2324 prout
703 2243 881 2324 intelligitur
894 2245 925 2306 in
941 2251 1067 2308 tractatu

84 2339 120 2402 de
132 2337 262 2402 lustitia
274 2335 397 2398 erdere.

126 2429 244 2490 Revera
258 2424 400 2508 quidem,
415 2422 496 2503 leges
514 2423 711 2503 particulares
729 2426 767 2481 ab
785 2419 959 2483 auctoritate
979 2421 1068 2484 locali

88 2516 294 2581 Ecclesiarum
314 2527 546 2594 suppresserum
571 2514 708 2586 statutae,
736 2509 875 2572 extinctae
900 2511 1070 2573 necessario

90 2607 214 2670 luerunt
235 2621 289 2685 per
311 2601 433 2663 illarum
458 2597 703 2680 suppressionem
724 2616 732 2660 ε
753 2600 826 2662 cunr
850 2617 912 2662 non
935 2600 1086 2663 videatur

90 2693 247 2778 quomodo
260 2691 428 2772 potuissent
441 2688 615 2763 subsistere,
625 2687 777 2750 destructe
793 2689 967 2751 auctoritate
984 2692 1071 2772 aqut

91 2786 213 2850 lucrant
239 2780 403 2854 institutae;
424 2777 477 2840 sed
501 2793 563 2839 non
582 2775 650 2838 ideo
674 2784 717 2838 est
739 2777 819 2838 idem
846 2777 1011 2841 dicendum
1033 2779 1072 2842 de

30 2939 32 2954 ,
91 2867 367 2938 consuetudinibus
383 2867 416 2928 in
432 2865 539 2928 iisdem
558 2863 632 2928 locis
648 2865 782 2946 legitime
802 2865 1072 2950 vigentibus,ci1m

31 2973 33 2998 ¹
92 2958 271 3047 hujusmodi
293 2954 529 3020 consuetudines
551 2954 614 3017 vim
635 2954 790 3036 obligandi
813 2974 875 3018 non
896 2955 1075 3020 hauriebant

33 3059 34 3062 ’
92 3073 128 3117 cx
146 3048 329 3115 auctoritate
350 3044 449 3120 locali,
465 3043 519 3106 sed
537 3045 556 3106 b
575 3043 689 3126 populo
708 3045 827 3107 fuerant
847 3045 1025 3108 introductae
1045 3055 1076 3109 et

93 3144 198 3224 utiquo
213 3136 306 3199 modo
321 3137 338 3198 d
352 3136 384 3198 S.
402 3131 546 3210 Pontitice
558 3131 677 3196 fuerant
691 3133 874 3216 approbatae.

134 3233 207 3294 tte.
225 3226 299 3288 Dico
313 3241 388 3306 ergo
401 3241 409 3284 ι
420 3222 467 3286 vel
478 3222 607 3303 quaestio
617 3229 663 3286 est
673 3222 711 3286 de
725 3223 997 3288 consuetudinibus
1008 3243 1077 3306 quae

96 3315 221 3402 a'iquod
232 3317 296 3395 jus,
311 3311 503 3396 privilegium
515 3317 566 3374 aut
580 3313 809 3394 praerogativam
824 3313 956 3394 aliquam
971 3313 1045 3375 coni
1060 3348 1078 3362 -

50 3474 53 3483 ,
97 3411 206 3477 rebant
218 3402 362 3468 Ecclesiis
376 3399 556 3483 suppressis,
570 3407 621 3463 aut
634 3400 755 3464 illarum
768 3401 923 3483 Capitulis,
937 3408 965 3462 et
978 3402 1080 3484 hujus-

97 3497 182 3562 modi
196 3490 435 3557 mansuetudines
447 3488 571 3552 indubie
584 3489 707 3553 suerunt
718 3508 887 3572 suppressae
899 3509 952 3572 per
962 3491 1081 3555 Bullam

98 3587 160 3665 (tui
174 3581 298 3646 (Incesti
313 3579 438 3642 Domini
447 3598 457 3658 ;
472 3578 518 3640 vel
533 3584 577 3640 est
591 3577 718 3660 quaestio
733 3579 771 3641 de
785 3580 900 3642 caeteris
914 3589 1081 3643 consuctu-

100 3675 236 3750 dinibus,
255 3689 325 3740 nuae
345 3669 463 3730 nullum
479 3669 529 3745 jus
544 3668 666 3746 proprie
681 3667 808 3742 dictum,
826 3669 944 3731 nullum
965 3669 1083 3748 privile·

924 3774 957 3816 ,..
