2526 4210
205 281 260 340 196
483 291 634 338 axauanrx
655 289 738 336 runis
758 288 908 336 canonici.

202 418 305 478 pram,
327 401 357 458 et
378 396 436 458 alia
456 395 608 468 remedia3
633 393 733 470 unda,
755 392 794 454 ait
816 395 854 454 D.
878 391 972 453 llouix
994 390 1051 467 (De
1074 390 1179 470 dudm,

204 495 224 547 t.
241 491 278 560 2,
295 505 325 565 p.
340 489 433 563 265'p:
453 483 636 546 olmmerito
655 480 750 544 Sedes
770 481 941 562 Apostolica
971 480 1179 564 insimulatur,

208 595 223 632 a
243 576 280 636 eo
300 575 381 654 quod
400 591 506 635 causas
527 572 711 653 quandoque
729 568 909 649 iudicandas
926 571 1101 632 committat
1117 588 1180 632 oum

209 683 224 720 a
244 663 323 723 dicta
337 663 482 736 clausule,
498 661 579 722 omni
591 659 791 742 appellatione
805 657 923 718 remoto.
938 679 953 716 a

244 761 312 819 327.
338 758 460 830 Quaerit.
482 759 515 818 3⁰
539 757 647 820 Utrum
667 755 753 816 liceat
775 753 928 834 appellare
951 755 968 814 a
990 773 1181 837 quocumque

208 844 327 928 judice?

246 946 336 1024 Resp.
353 944 539 1025 Regularitcr
557 942 630 1004 illud
648 941 758 1016 licere,
782 941 853 1021 quia
874 939 1039 1019 appellatio
1061 949 1107 1003 est
1125 959 1182 1021 spe

207 1031 268 1095 cies
281 1032 476 1108 defensionis,
490 1053 558 1113 quaa
570 1029 721 1112 oppressis
734 1030 823 1091 datur
837 1036 941 1090 contra
957 1029 1106 1108 injuriam
1115 1030 1182 1111 judi·

209 1121 251 1184 cis
266 1139 273 1180 ε
290 1129 360 1182 sunt
374 1128 474 1181 tamen
491 1121 683 1202 exceptiones
700 1140 707 1179 r
725 1119 768 1180 sic
786 1121 816 1180 1⁰
836 1117 983 1178 nonlicet
1003 1120 1183 1199 appellaret

210 1212 357 1272 sententia
372 1213 470 1290 Papae,
487 1209 627 1271 etiamad
642 1207 809 1269 Concilium
822 1206 980 1281 Generale,
995 1225 1057 1269 nec
1070 1209 1185 1271 etiami

208 1299 342 1362 Concilio
356 1299 493 1360 Generali
510 1300 597 1379 Papae
620 1297 724 1372 linita,
741 1297 812 1377 quia
831 1294 992 1375 appellatio
1018 1299 1127 1378 nequit
1147 1299 1185 1360 lo·

210 1407 281 1450 eum
294 1387 423 1463 habere,
439 1387 495 1448 nisi
507 1387 545 1448 ab
558 1386 698 1448 inferiore
710 1385 748 1447 ad
760 1384 972 1465 Superiorem,
988 1391 1020 1445 et
1034 1385 1119 1468 Papa
1131 1405 1185 1449 non

210 1482 255 1539 est
269 1477 402 1538 Concilio
414 1476 550 1537 Generali
565 1475 688 1536 inferior
700 1479 721 1536 ¹.

249 1579 281 1637 2⁰
298 1577 320 1635 A
337 1573 482 1636 sententia
496 1573 585 1634 totius
603 1572 725 1652 Collegii
742 1571 960 1646 Cardiualium,
983 1578 1038 1634 aut
1057 1576 1186 1656 Congre-

211 1665 365 1745 gationum
384 1665 604 1736 Romanarum,
625 1670 654 1722 et
674 1663 711 1723 ab
729 1661 834 1724 ultima
855 1662 937 1722 Rotae
952 1663 1103 1726 Romanae²
1123 1683 1187 1728 sen·

212 1751 304 1813 tentiA
327 1769 388 1812 non
410 1751 497 1813 datur
526 1750 686 1832 appellatio
713 1771 720 1810 :
748 1749 876 1810 obtineri
900 1755 1002 1812 tamen
1031 1759 1134 1832 potest
1159 1760 1188 1816 ut

212 1839 331 1922 negotia
351 1841 536 1902 contentiosa
553 1839 665 1919 pluries
679 1837 888 1901 examinentur
903 1839 919 1898 a
935 1840 1035 1902 Sacris
1057 1843 1187 1924 Congre-

212 1928 392 2009 gationibus.
409 1929 485 1989 Casu
504 1935 604 1990 autem
626 1946 687 2008 quo
703 1923 774 1990 ‘iata
793 1927 880 1988 suerit
902 1927 1016 1990 decisio
1037 1948 1112 1991 eum
1137 1933 1188 1994 hle

212 2017 361 2094 clausule,
386 2017 581 2098 etamplius,
605 2017 665 2097 peti
689 2035 750 2077 non
772 2022 870 2098 potest
892 2025 925 2078 ut
948 2017 1052 2080 denuo
1077 2021 1189 2084 decisio

212 2124 310 2168 causae
322 2107 522 2184 examinetur,
540 2106 595 2166 nisi
610 2105 648 2166 ab
663 2105 763 2166 Emin.
781 2104 924 2167 Praeicoto
938 2107 1188 2189 Congregationis

213 2195 296 2277 priirs
307 2196 427 2257 obtenta
442 2195 533 2257 fucrit
546 2194 583 2256 de
598 2193 655 2257 hoc
667 2193 796 2256 licentia.

251 2295 284 2356 3⁰
307 2295 330 2354 A
352 2293 500 2354 sententia
520 2291 704 2354 arbitrorum
718 2292 1054 2373 coxnpromissorioram
1071 2296 1104 2358 id
1123 2305 1186 2376 est,
1250 2319 1252 2372 ᾗ

213 2400 289 2463 quos
306 2381 362 2442 sibi
384 2388 482 2462 partas
496 2381 686 2443 concorditer
703 2381 876 2462 elegerunt,
896 2382 1039 2461 appellari
1063 2388 1185 2469 nequit;
1250 2437 1251 2442 ,

212 2488 314 2547 secus,
328 2469 352 2531 si
364 2487 399 2530 ex
414 2471 588 2552 praescripto
601 2470 675 2551 legis
689 2488 740 2531 eos
752 2471 862 2550 eligere
876 2471 970 2532 coacti
991 2471 1127 2538 fuerunt.
1250 2465 1251 2486 ¹

213 2569 466 2720 ᾱὲἳὸίῖουωνίῑ.
491 2572 525 2630 4⁰
550 2567 595 2629 Ad
623 2586 716 2650 quem
741 2569 901 2649 appellatio
925 2567 991 2630 lieri
1017 2573 1114 2652 possit
1137 2583 1186 2638 aut
1250 2545 1251 2586 ³

233 2677 250 2720 e
272 2676 307 2718 ea

252 2761 342 2838 Resp.
352 2759 440 2818 Extra
449 2776 551 2820 casum
562 2756 770 2840 appellationis
781 2757 819 2819 ad
831 2760 956 2838 l'apam,
968 2759 1185 2840 appellandum

213 2851 258 2908 est
278 2847 294 2907 A
315 2845 417 2926 judice
438 2845 571 2908 inferiori
592 2843 630 2908 ad
653 2845 861 2908 immediatum
886 2848 1101 2928 Superiorem3
1127 2871 1184 2914 non

95 2959 97 2963 ·
212 2941 334 3012 autem,
358 2954 395 2997 eo
417 2936 636 3017 praetermisso,
657 2933 694 2998 ad
718 2935 895 2998 mediatum.
919 2937 1043 3000 Constat
1060 2958 1098 3001 ex
1120 2960 1182 3024 cap.

212 3021 327 3086 Dilecti
342 3027 391 3100 66,
408 3022 580 3107 Βεαρρεὶί.,
593 3029 622 3086 et
636 3043 672 3086 cx
686 3043 752 3105 cap.
770 3026 899 3085 Romana
912 3027 942 3100 3,
959 3025 999 3086 [te
1013 3028 1143 3108 appell„
1157 3032 1183 3098 io

212 3116 254 3174 6⁰.
271 3111 401 3174 Proinde
424 3118 452 3175 1⁰
468 3117 491 3173 A
508 3113 626 3174 Vioario
639 3111 778 3190 loraneo,
794 3113 838 3174 vel
861 3113 920 3174 alio
939 3112 1079 3195 subjecto
1098 3119 1184 3200 Epis-

212 3201 279 3284 copi
298 3201 336 3266 ad
350 3203 550 3285 Episcopum,
568 3199 616 3265 vel
633 3201 727 3284 ipsius
741 3201 895 3265 vicarium
907 3203 1107 3286 Generalem,
1126 3207 1181 3282 vel,

191 3353 199 3440 i

245 3427 254 3457 ¹
269 3425 425 3491 Appellantes
442 3424 473 3474 ad
486 3422 595 3472 futurum
608 3423 745 3476 Concilium
759 3423 877 3476 Generala
890 3424 1150 3487 excommunicantur,
1161 3433 1182 3478 at

212 3496 347 3562 respective
359 3496 489 3547 interdicto
504 3494 679 3560 subiiciuutur.
692 3495 785 3546 Baued.
797 3495 855 3555 xlv,
867 3495 971 3547 Constet.
983 3495 1132 3559 Pastoralt's,
1142 3497 1180 3564 li.

212 3565 271 3618 vide
283 3567 378 3617 Bullam
388 3569 417 3619 In
431 3568 506 3621 Coenti
519 3567 631 3628 Domini,
643 3566 671 3615 ἲ·
682 3574 796 3632 except.;
809 3568 905 3618 Extrax.
920 3566 1031 3632 satrapa·
1041 3569 1181 3633 aepmaaa,

214 3638 271 3690 tulii
283 3639 301 3688 ll
312 3656 318 3698 ;
331 3646 354 3688 et
368 3639 436 3689 Bulla
449 3638 600 3690 Exerualilis
613 3637 649 3686 Pii
661 3635 680 3687 ll
688 3676 695 3700 ‚
709 3652 774 3688 anno
787 3637 856 3688 1159.
870 3656 880 3685 r
894 3635 991 3688 Sentire
1003 3637 1073 3704 quud
1089 3638 1103 3690 ai
1124 3639 1182 3694 Part

215 3728 225 3758 r
242 3709 272 3759 ad
293 3709 426 3759 concilium
447 3710 563 3774 appellari
578 3709 723 3772 possit„est
742 3707 885 3760 haereticum
902 3727 924 3770 r,
936 3706 997 3759 dicia
1011 3709 1038 3760 S.
1054 3709 1181 3772 Antonin.

216 3795 240 3846 p.
255 3780 277 3842 3,
291 3779 399 3838 Siarum..
414 3779 450 3830 tit.
463 3779 502 3838 23,
517 3781 551 3830 De
562 3780 658 3830 Aaaett.
673 3781 757 3845 Papo,
769 3779 781 3846 ᾗ
793 3781 818 3832 3.
836 3778 870 3826 ul.
881 3775 908 3824 G.
918 3790 955 3837 ap.
970 3777 995 3822 6.
1009 3777 1108 3826 interd.
1121 3776 1174 3823 ml.
