2590 4214
491 257 577 302 uranu
598 255 717 300 narnus.
1032 239 1091 298 455
1114 233 1117 240 ’

114 359 160 420 vis
172 359 275 421 revera
291 375 354 419 non
367 357 526 420 habuerit:
542 356 661 436 hocque
672 349 907 435 quadrupliciter
918 353 1093 433 contingere

114 454 235 527 polest:

156 542 279 607 Pra'mus
291 545 403 622 modas,
415 543 538 627 quando
548 541 616 624 quis
630 539 751 602 viduam
761 537 824 619 jam
837 535 990 618 cognitam
999 538 1093 614 ducit,
1185 603 1190 608 ,

115 633 173 696 etsi
187 633 337 698 invalidas
347 653 415 714 cap.
430 634 458 696 Α
472 629 648 707 uallauit,
663 629 706 690 De
717 625 1020 708 Bipamld‚quamvis
1032 646 1093 689 non

116 723 305 802 cognoverit.

159 818 435 896 Secoadasmcdus,
451 816 575 900 quando
599 813 667 897 quis
687 812 771 876 ducit
792 810 953 878 mulierem
976 813 1016 875 alr
1037 815 1096 876 alio

78 969 89 988 ,
116 913 312 988 corruptam,
324 910 379 973 etsi
394 907 476 968 bont
489 905 549 966 fide
569 908 702 984 putasset
718 901 888 984 virginem,
908 907 937 964 et
960 903 1103 983 quamvis

116 995 183 1076 ipse
199 1013 268 1057 eam
283 1014 343 1056 non
355 994 539 1076 cognoverit.
550 995 592 1054 lta
606 990 778 1052 communis
788 996 817 1052 et
828 989 926 1052 verior
937 991 1096 1070 sententia,

117 1100 156 1144 ex
170 1100 239 1163 cap.
255 1083 374 1162 ultimo,
388 1083 459 1145 rlrst.
475 1086 525 1144 5l.
539 1081 632 1142 Secus
646 1085 724 1140 esset
738 1078 762 1140 si
777 1080 844 1160 quis
857 1077 981 1143 duceret
993 1080 1095 1142 mulia·

118 1187 187 1233 aaut
202 1174 218 1232 a
234 1187 265 1234 se
279 1172 362 1252 prius
376 1171 540 1252 cognitam.

164 1267 280 1331 Tartara
299 1269 400 1330 modas
417 1275 482 1346 est,
498 1263 621 1349 quando
643 1267 732 1348 quis,
756 1266 848 1327 etiarn
869 1267 989 1346 penitus
1011 1268 1097 1348 igno-

122 1373 206 1430 ranS,
222 1359 379 1438 cognoscit
392 1374 518 1419 uxorem
535 1363 696 1435 postquam
711 1353 760 1415 illa
775 1354 955 1417 adulterium
967 1357 1097 1418 commi-

122 1444 197 1506 serit
213 1462 221 1506 z
237 1464 273 1508 ex
288 1465 355 1526 cap.
371 1445 410 1508 Si
422 1445 507 1527 cujus
527 1447 583 1518 ll,
599 1451 628 1504 et
650 1461 716 1522 cap.
733 1441 771 1504 Si
783 1442 858 1504 laici
875 1447 930 1520 la,
945 1444 1013 1506 dist.
1033 1449 1071 1506 34
1088 1465 1096 1506 :

119 1531 177 1594 atsi
192 1531 373 1595 adulterium
388 1532 479 1595 luerit
492 1531 647 1593 occultum
661 1536 692 1590 et
708 1529 901 1592 solummodo
923 1533 1097 1611 materiale,

122 1627 155 1684 ut
169 1620 276 1682 dicunt
288 1623 417 1696 Tourn.‚
432 1619 529 1697 utba,
545 1626 616 1694 etc.;
633 1618 685 1680 sed
700 1617 748 1679 alii
764 1619 985 1683 contradicunt.

163 1717 290 1792 Quartus
304 1717 405 1779 modus
418 1723 475 1794 est,
490 1714 613 1798 quando
634 1715 702 1795 quis
723 1714 784 1777 duo
807 1717 957 1778 contrata
976 1724 1006 1781 et
1028 1738 1099 1782 con·
1206 1754 1208 1762 π

121 1813 255 1868 summat
270 1807 577 1878 matrimonia‚unum
591 1805 723 1865 validum
734 1811 763 1865 et
774 1804 902 1868 alterurn
914 1807 1097 1874 tentatum:

119 1913 159 1956 cx
175 1912 242 1975 cap.
259 1895 375 1976 Nuper,
392 1894 437 1957 ue
449 1895 569 1976 Bipum.
579 1926 618 1941 -
630 1891 705 1964 Quid
716 1892 739 1954 si
752 1893 813 1955 duo
827 1895 1017 1977 matrimonia
1030 1897 1100 1961 luis·

119 1991 189 2043 sent
203 1983 333 2046 invalida
343 1983 597 2045 l—Contrahens
612 1991 729 2044 essetne
743 1981 1032 2062 irregularis‘l—'·l)e
1042 1987 1098 2052 hoc

119 2071 303 2152 disputatur.

162 2173 242 2238 Noto
256 2195 294 2238 ex
306 2177 399 2237 Callet
414 2176 516 2256 (Cura.
533 2175 653 2257 compl„
671 2185 746 2238 tom.
768 2179 817 2252 tr,
833 2177 890 2238 col.
916 2182 996 2257 258),
1021 2183 1098 2261 pudd

124 2287 141 2322 a
164 2283 315 2346 nusquam
327 2283 364 2326 ex
378 2265 572 2326 matrimonio
580 2263 657 2343 juris
671 2261 738 2344 (seu
752 2265 866 2347 validi),
880 2272 931 2327 aut
949 2267 1017 2328 facti
1035 2272 1098 2346 (seu

124 2376 140 2410 <r
162 2351 299 2435 invalidi)
315 2353 447 2414 nascitur
461 2353 591 2434 bigamia
605 2370 676 2414 vera
694 2353 740 2414 vel
755 2353 976 2433 interpretativa
989 2355 1046 2417 nisi
1061 2360 1097 2420 ad

125 2441 304 2520 «copulam
329 2449 455 2503 ventum
478 2443 535 2516 sit3
561 2441 642 2521 unde
668 2440 722 2521 qui
746 2441 880 2521 legitimo
906 2443 1098 2508 matrimonio

125 2553 141 2586 a
164 2530 271 2610 accipit
287 2529 434 2610 virginem
450 2549 544 2612 quarn
565 2549 626 2590 non
647 2531 822 2610 cognoscit,
844 2533 939 2611 eaque
961 2537 1092 2612 mortua,

125 2643 140 2675 a
163 2615 247 2679 ducit
261 2617 384 2680 alteram
401 2637 493 2700 quam
506 2619 677 2698 cognoscit,
692 2637 752 2680 non
777 2626 823 2680 est
843 2619 982 2700 bigamus
992 2641 1001 2697 ;
1024 2623 1098 2686 sicut

127 2729 142 2762 r
165 2723 222 2767 nec
234 2705 284 2767 ille
298 2708 349 2787 qui
363 2707 487 2768 duceret
501 2725 627 2770 uxorem
642 2707 779 2784 alterius,
795 2726 852 2769 nec
872 2709 910 2770 ab
929 2727 965 2770 eo
990 2729 1046 2772 nec
1062 2712 1100 2772 ab

125 2817 142 2851 ι
165 2792 223 2855 alio
239 2795 392 2875 cognitam
406 2814 413 2867 ;
427 2795 498 2876 quia
519 2815 576 2858 nec
594 2795 674 2876 ipsa,
697 2816 754 2859 nec
772 2796 842 2875 illa,
866 2817 989 2859 carnem
1012 2817 1099 2864 suam

125 2903 142 2942 ι
163 2880 262 2944 divisit
276 2883 307 2943 in
323 2883 434 2964 plures,
450 2885 522 2965 Gap.
537 2889 567 2957 5,
583 2883 627 2946 De
640 2883 818 2965 Βίραφηὶἁ.»

163 2983 306 3067 Bz'pomia
312 2987 566 3050 similitudinarie
573 2996 617 3050 est
626 2991 675 3050 illa
687 2991 949 3069 quaecontrahltur
958 3009 994 3052 ex
1003 2998 1098 3054 atten-

119 3073 234 3135 tatione
249 3075 451 3152 matrimonii,
468 3077 606 3157 quamvis
624 3078 833 3157 invalidi,post
846 3085 948 3140 votum
964 3080 1100 3143 solemne

122 3163 290 3242 Religionis
303 3164 348 3225 vel
363 3165 586 3246 susceptionem
599 3165 720 3226 Ordinis
735 3165 832 3226 Sacri:
848 3168 1052 3229 communiter
1063 3171 1101 3230 ad

119 3249 181 3313 hoc
195 3251 353 3331 requirunt
367 3253 429 3314 DD.
446 3253 529 3334 quod
547 3254 776 3316 matrimonium
796 3262 973 3317 attentatum
986 3303 994 3330 ,
1009 3257 1100 3319 etiam

123 3347 371 3403 consummatum
386 3341 490 3416 luerit3
506 3342 588 3423 quod
602 3342 761 3404 deducitur
775 3363 812 3404 ex
825 3343 924 3406 verbis
937 3361 945 3402 ε
956 3341 994 3406 Si
1001 3345 1100 3424 posted

122 3427 217 3488 uxori
229 3427 325 3507 suerit
339 3429 477 3490 sociatus.
492 3432 564 3509 Gap.
582 3431 724 3492 Monoelo
738 3436 794 3508 32,
809 3451 838 3493 c.
854 3435 905 3506 Ἠ,
921 3451 952 3512 q.
970 3436 999 3493 l.

160 3523 381 3605 irregularitas
393 3541 432 3587 ex
444 3523 584 3604 Bigarnid
601 3527 791 3605 proveniens
805 3529 943 3594 tollitur:
960 3541 1107 3622 nonqui.

70 3687 73 3694 ,
119 3627 193 3688 dem
209 3641 264 3703 per
280 3621 473 3701 Baptismum
486 3641 493 3682 :
505 3641 573 3702 cap.
586 3624 679 3702 siqui
693 3625 827 3704 viduam,
840 3627 890 3708 ta,
912 3631 947 3693 l).
969 3631 1023 3716 343
1038 3640 1093 3702 sad

121 3713 393 3800 dispensationem
435 3737 439 3745 ·
473 3720 504 3784 S.
535 3722 708 3799 paraliticis,
748 3745 814 3788 nou
863 3727 1009 3796 obstante
1053 3736 1104 3800 iu.

968 3818 1037 3873 ,13η
