2526 4210
167 221 226 280 252
445 223 598 269 acaunum
619 221 703 267 runis
722 218 868 268 ennomus.

172 330 238 398 rede
252 331 390 403 vacante,
406 323 542 404 expirat3
557 321 670 384 turmas
685 324 787 383 autem
808 317 990 381 summarias
1010 323 1043 378 et
1056 322 1171 378 extra·

175 415 341 496 iudiciarias
364 413 396 475 in
413 411 477 475 suis
495 408 616 489 judiciis
637 407 808 470 observant.
830 408 943 468 Earum
961 403 1170 483 jurisdictio,

179 511 274 586 utpote
296 501 434 583 papalis,
459 504 505 562 est
522 515 615 579 supra
641 513 792 573 mannes,
809 498 843 557 et
864 493 895 556 in
919 492 1028 555 iisdem
1055 499 1174 574 potest

179 593 218 656 lis
260 609 358 654 usare.

213 611 385 760 ffiquanoo
412 674 443 738 in
468 671 673 736 decisionibus
698 673 752 736 SS.
780 672 944 752 congreg,
970 668 1173 732 adhibentur

172 769 264 832 verba
286 775 315 828 et
332 760 471 846 arrrptitts.
498 759 570 832 Quae
587 759 759 842 significant
775 781 783 820 :
799 764 829 820 et
842 778 930 820 causo
943 758 1084 839 amplias
1110 777 1174 819 non

174 861 360 938 proponatur
369 856 391 913 ¹.
409 849 508 912 Verba
516 849 587 911 verb
598 859 625 910 et
638 867 697 910 uon
710 845 898 922 concedetur,
913 845 1081 925 designant
1096 865 1163 908 corr

176 943 343 1005 cedendam
373 957 435 1001 non
463 956 529 999 esse
555 955 664 998 novam
693 955 792 1000 causae
818 934 1074 1015 propositionem.
1103 937 1179 995 Vox

171 1029 290 1101 dilato,
307 1027 389 1108 qudd
399 1026 501 1088 adbuc
515 1025 640 1106 quaestio
654 1027 690 1086 sit
705 1023 922 1104 expendenda3
945 1040 1001 1084 vox
1015 1021 1178 1096 relatum,

180 1117 262 1198 qudd
279 1119 309 1177 S.
327 1116 526 1193 tongrcgotto
540 1120 657 1174 rccuset
675 1112 796 1192 negotio
809 1110 973 1173 attendere.

224 1207 301 1265 licta
314 1202 411 1264 arlbue
425 1200 522 1282 qudd,
539 1201 570 1260 in
585 1200 723 1281 pluribus
733 1199 1034 1280 congregationibus,
1049 1217 1148 1262 unus
1163 1200 1182 1262 b

182 1291 389 1354 Cardinallbns
404 1289 579 1370 designetur
597 1307 652 1368 pro
667 1287 804 1372 facienda
825 1286 1016 1367 negotiorum
1031 1293 1183 1350 tractan-

183 1379 292 1442 dorum
318 1377 462 1440 inlatione
484 1374 562 1438 :bic
586 1375 751 1438 cardinatis
774 1375 898 1438 nomine
922 1373 1073 1436 Poeantis
1094 1376 1185 1439 solet

185 1485 366 1548 nuncupari.

224 1557 291 1616 Non
302 1555 400 1616 solent
410 1555 664 1635 Congregationes
674 1551 833 1614 admittere
843 1568 983 1615 recursus
993 1549 1048 1632 qui
1056 1553 1186 1616 solum-

184 1643 277 1706 modo
292 1641 367 1704 dunt
376 1661 428 1720 por
439 1643 611 1704 missionem
624 1641 830 1720 epistolarum;
841 1639 894 1702 sed
906 1639 1032 1720 supplex
1046 1639 1187 1704 libellus

187 1731 218 1792 in
233 1733 416 1811 uniquique
430 1748 534 1793 earum
550 1729 714 1791 Secretaria
728 1727 903 1809 presentari
914 1727 1003 1790 debet
1019 1727 1059 1788 de
1078 1747 1187 1793 manu

187 1818 226 1879 ad
241 1836 378 1896 manum,
394 1837 447 1900 per
466 1822 625 1898 agentem,
641 1817 687 1878 vel
702 1815 796 1878 alium
810 1815 975 1896 quemdam
988 1815 1044 1896 qui
1058 1815 1187 1881 deinde

189 1905 367 1985 rescriptum
387 1907 432 1967 vel
447 1906 676 1985 responsionem
695 1903 896 1984 requisiturus
912 1902 960 1964 sit.
980 1902 1189 1983 Supplioatio

190 1994 260 2056 verb
274 1993 311 2052 ad
325 1994 437 2074 Papam
451 1993 538 2073 dirigi
552 1992 641 2054 debet
655 1992 712 2054 sub
725 1991 772 2052 his
782 1991 882 2053 verbis
897 2009 906 2052 r
921 1987 1114 2054 Beatissimo
1125 1995 1190 2056 Pc-

166 2078 169 2084 ’
191 2089 243 2143 ter.
260 2081 346 2156 bloi,
362 2081 414 2142 sed
436 2081 467 2142 in
482 2081 560 2141 linet
579 2077 656 2140 inira
679 2079 791 2159 posita,
814 2077 1006 2139 inscribenda
1020 2084 1104 2139 sunt
1127 2100 1188 2144 no‹

191 2186 278 2244 men,
295 2168 466 2250 qualitates,
482 2168 620 2228 dioecesis
638 2173 667 2228 et
688 2165 783 2248 patria
800 2165 1017 2246 supplicantis3
1043 2165 1188 2250 deinde,

192 2257 275 2320 nulla
288 2256 487 2318 determinatis
507 2255 603 2316 torma
621 2254 790 2317 necessario
808 2252 993 2330 adhihenda,
1019 2253 1080 2314 sed
1104 2259 1191 2339 stylo

198 2343 288 2406 nitido
299 2352 328 2406 et
339 2343 543 2415 conuenienti,
556 2343 731 2423 simpliciter
740 2342 901 2424 exponitur
912 2340 1071 2422 petitionis
1082 2345 1192 2426 objee

192 2445 268 2494 tum.
296 2434 373 2492 Cura
395 2438 496 2494 autem
525 2429 699 2510 hujusmodi
725 2429 962 2512 supplicationes
987 2429 1191 2501 conficiendi

194 2517 344 2582 committi
358 2523 453 2598 potest
472 2518 567 2580 solitis
583 2517 764 2599 rigentibus,
777 2518 829 2598 qui
843 2517 955 2598 stylum
968 2521 1000 2580 et
1013 2515 1144 2585 formas
1157 2523 1190 2586 iu

195 2604 239 2667 cis
248 2605 398 2668 ordinarie
409 2605 611 2669 observandas
622 2605 761 2670 accurate
773 2605 969 2686 dignoscunt.

581 2767 727 2818 PUNCTUM
743 2765 771 2817 ll.

506 2877 537 2914 ns
553 2875 726 2916 murmuras
741 2876 854 2916 romnis

233 2995 303 3058 383.
328 2994 392 3055 Hoc
416 3011 529 3054 nomen
554 2991 694 3055 tribuitur
716 2975 899 3072 quibusdam
920 2993 1094 3074 Institutis,
1117 3018 1191 3080 quaa,

196 3087 277 3145 certa
296 3083 416 3158 negotia
439 3080 659 3160 ecclesiastica,
673 3080 735 3143 sive
749 3081 886 3162 gratiosae
899 3080 962 3144 sive
976 3089 1191 3151 contentiosas

199 3277 210 3307 ι
227 3256 344 3317 Gcncile,
364 3256 426 3307 dans
442 3255 551 3322 laquelle
567 3255 584 3307 il
601 3263 639 3309 est
654 3258 690 3309 dit
706 3257 781 3325 qu'on
799 3257 852 3310 doit
871 3257 932 3310 taire
946 3257 971 3310 la
988 3261 1074 3312 meme
1094 3277 1142 3316 cas
1159 3265 1192 3316 de
1234 3317 1239 3330 ,

199 3347 210 3376 ι
229 3344 257 3380 ce
277 3343 325 3394 que
344 3332 408 3378 cette
427 3327 517 3378 Sacrae
536 3328 719 3396 congregation
739 3329 814 3390 ecrit,
828 3345 877 3396 que
891 3328 914 3380 si
932 3329 957 3382 la
974 3331 1043 3397 Papa
1056 3331 1192 3386 l’ecrivait

200 3419 210 3442 ι
227 3397 371 3448 lui-meme.
386 3397 429 3461 Or,
442 3412 502 3449 sous
519 3413 548 3450 ce
566 3406 681 3466 rapport,
697 3400 733 3452 les
745 3399 942 3466 Congregations
959 3407 1020 3452 sont
1036 3409 1129 3458 toutes
1144 3421 1192 3458 sur

200 3485 209 3516 r
227 3468 251 3517 le
264 3469 343 3518 meme
356 3469 412 3534 pied
427 3468 558 3535 d’dgalitd;
571 3477 594 3521 et
606 3487 633 3522 ce
647 3470 690 3536 qui
703 3475 741 3522 est
752 3472 804 3521 vrai
814 3472 845 3523 de
856 3469 923 3522 l'une
935 3469 1026 3536 d'ella,
1042 3473 1105 3527 l'est
1117 3477 1192 3530 aussi

202 3558 210 3584 a
229 3538 272 3588 dos
285 3545 375 3589 autres.
391 3559 402 3588 a
416 3540 544 3601 Stremler,
557 3543 604 3594 Des
613 3543 698 3607 petraea
709 3541 802 3603 eccte's.²
816 3555 840 3608 p.
853 3542 909 3593 509.

230 3613 237 3639 ¹
255 3610 368 3658 Attamen
384 3609 521 3662 cardinalis
541 3612 690 3672 Praefectus,
703 3611 822 3676 rescripto
839 3612 854 3664 d
871 3627 901 3664 aa
917 3611 1084 3681 subscripto.
1103 3626 1191 3686 petest

201 3681 264 3728 banc
276 3677 413 3730 clausulam
425 3685 449 3733 et
461 3681 679 3755 ampltdaqtollere·
