2616 4228
229 269 268 328 34
505 277 655 322 senuerim
677 273 760 319 sums
780 272 926 322 amorum.

231 401 247 438 a
269 377 351 460 qued
370 395 433 442 non
447 376 556 440 tultum
576 373 666 438 suerit
679 373 745 451 ejus
758 372 898 448 (Romani
912 375 1082 460 Pontitlcis)
1101 388 1205 443 aucto-

231 469 367 532 «ritate.
388 488 405 527 s
430 466 505 528 Dist.
530 467 580 538 ll,
604 480 633 525 c.
659 465 690 523 2.
711 459 823 536 Unde,
848 460 881 522 in
902 461 1028 528 constit.
1053 467 1206 532 Immensae

223 555 303 618 stro
318 557 355 629 V,
372 554 521 618 sancitum
536 557 581 616 est
596 569 604 613 ε
623 548 884 611 «Prouincialium
898 553 980 629 vere,
996 554 1097 619 ubivis
1111 564 1205 620 terra-

231 665 247 704 c
269 662 338 707 mm
348 644 398 707 illa
406 644 608 717 celebrentur,
616 637 782 701 decretaad
790 655 822 700 se
833 637 910 700 mitti
920 641 1076 724 precipiet
1084 645 1206 729 (congr.

231 752 247 792 a
269 733 418 813 concilii),
434 750 530 814 eaque
542 727 661 810 singula
674 725 824 807 expendet
837 732 867 788 et
881 739 1088 812 recognoscet.
1105 755 1121 793 u

269 825 320 885 el.
347 825 445 885 «Non
459 819 584 902 quidem
597 817 657 879 hoc
670 815 771 878 statuit
786 815 934 894 Pontifex,
954 825 988 882 ut
1008 827 1115 902 postea
1132 841 1208 886 cou-

234 931 250 969 α
270 910 473 973 firmationem
489 911 642 990 reportent
656 904 840 984 (hujusmodi
851 904 982 986 decreto)
997 909 1103 974 isedc
1117 914 1209 993 Apos-

234 1019 249 1054 c
271 997 376 1076 tolice,
401 998 453 1061 sed
474 1003 507 1060 ut
527 995 706 1076 corrigatur,
729 994 752 1054 si
775 991 849 1076 quid
867 993 1012 1074 tortasse,
1036 999 1069 1060 in
1084 999 1208 1078 iisdem,

235 1108 250 1143 a
271 1092 323 1148 aut
344 1087 436 1150 nimis
452 1085 585 1167 rigidum
602 1089 654 1146 aut
670 1082 773 1144 minus
790 1082 899 1145 rationi
913 1101 1087 1168 congruum
1101 1086 1207 1168 depra-

236 1197 250 1231 α
270 1172 430 1238 hendatur.
447 1177 515 1237 Non
524 1173 617 1236 semel
631 1177 734 1234 tamen
746 1171 924 1235 occiditis.
938 1175 1096 1252 Pontifice,
1109 1185 1211 1258 peteu-

235 1285 251 1320 ιι
271 1263 353 1326 tibus
375 1263 665 1344 Metropolitanis...,
687 1278 741 1342 per
767 1260 946 1340 apostolicas
967 1262 1082 1326 litteras
1097 1265 1211 1329 contir-

235 1372 251 1408 a
272 1353 387 1415 niani.»
404 1355 448 1416 lta
461 1351 576 1415 Bened.
587 1353 653 1415 XIV
666 1349 711 1428 (de
727 1348 841 1431 Synod.
853 1397 861 1429 ‚
873 1350 926 1412 lib.
941 1354 996 1430 l3,
1007 1371 1074 1434 cap.
1091 1355 1145 1434 3),
1158 1357 1213 1436 qui

192 1477 195 1482 ,
231 1439 326 1519 addit,
338 1442 424 1522 justa
434 1442 729 1520 Suarezetl'agnan,
742 1460 757 1497 a
768 1437 1033 1504 confirmationem
1043 1441 1211 1520 Pontificis,

235 1551 251 1590 a
272 1531 368 1596 robur
381 1531 506 1613 quidem
516 1530 647 1610 adjicere
656 1527 736 1590 actui
749 1526 940 1606 confirmato,
952 1529 1005 1592 sed
1018 1548 1213 1614 nequaquam

237 1640 253 1680 a
274 1620 438 1684 extendere
452 1620 500 1700 (ad
517 1616 718 1683 universalem
734 1616 928 1697 Ecclesiam);
946 1617 1003 1680 nisi
1017 1617 1104 1681 aliter
1117 1639 1209 1701 supe-

236 1710 334 1772 arior
357 1709 547 1791 expresserit.
571 1729 588 1767 r
612 1709 679 1768 Non
699 1712 801 1766 tamen
822 1705 887 1767 haec
909 1705 1105 1769 confirmatio
1127 1725 1202 1771 sana

231 1796 366 1860 delectus
372 1798 449 1876 iuris
463 1798 487 1858 si
501 1797 578 1858 forte
588 1795 619 1856 in
633 1795 761 1856 decretis
770 1793 895 1856 Concilii
910 1795 1105 1876 provincialis
1118 1795 1207 1879 irrep

233 1885 342 1962 serint,
358 1885 416 1947 nisi
430 1884 620 1948 confirmatio
632 1882 719 1945 tuerit
736 1883 765 1942 in
778 1881 877 1961 sormd
890 1882 1025 1966 specifice
1037 1901 1112 1947 cum
1126 1884 1210 1949 clau·

232 1971 298 2034 sule
312 1991 348 2037 ex
362 1983 443 2035 motu
458 1973 584 2055 proprio
603 1979 632 2034 et
652 1989 689 2032 ex
711 1970 791 2031 certe
805 1970 940 2033 scientie.
960 1971 1068 2049 Unde,
1088 1972 1216 2054 praelato

232 2077 305 2124 casu
319 2069 456 2146 excepto,
472 2061 510 2124 ab
522 2061 558 2123 iis
572 2059 715 2142 appellari
727 2065 838 2141 posset.
855 2059 931 2122 Vide
946 2060 1059 2140 Bouix,
1075 2059 1110 2123 de
1124 2061 1213 2144 Epic

232 2168 312 2231 copo,
328 2157 350 2217 t.
365 2155 397 2228 2,
413 2170 444 2233 p.
467 2154 542 2226 392;
557 2157 588 2212 et
605 2148 788 2231 presertim,
805 2149 901 2210 Reune
921 2147 969 2211 des
988 2149 1113 2212 triennes
1128 2151 1217 2213 cccle-

234 2237 399 2321 siastiqaes,
414 2242 455 2302 ΞΟ
473 2238 580 2301 ferrier
594 2241 683 2311 l86l,
704 2256 735 2317 p.
753 2239 895 2299 lea-155.
913 2237 1002 2302 Unde
1022 2239 1108 2318 juxta
1123 2238 1214 2302 Gard.

233 2327 371 2407 Gousset‚
386 2327 569 2410 Expositioc
582 2325 631 2389 dea
642 2327 802 2408 principes,
818 2332 890 2403 etc,
905 2345 937 2407 p.
953 2327 1029 2388 157:
1043 2348 1059 2386 a
1072 2327 1114 2390 Le
1125 2329 1216 2410 jnge-

237 2436 253 2475 α
273 2422 359 2480 ment
371 2415 425 2480 des
439 2416 609 2479 Cardinaux
627 2421 709 2478 est...
725 2415 754 2476 la
769 2413 952 2477 declaration
971 2414 1070 2497 qu’un
1090 2415 1218 2480 concile

240 2519 258 2554 a
274 2503 460 2588 (provincial)
470 2523 508 2567 ne
517 2504 668 2567 renierme
678 2502 743 2564 rien
752 2503 804 2583 qui
815 2503 872 2564 soit
879 2501 972 2584 digne
979 2503 1018 2566 de
1031 2521 1214 2576 censure...

238 2591 420 2674 aquoiqu'il
442 2593 538 2656 aurive
558 2591 746 2674 quelqueiois
765 2609 825 2673 que
844 2609 880 2656 ce
897 2593 1015 2654 concile
1030 2593 1217 2672 contienne,

239 2701 255 2738 a
274 2682 378 2743 neme
387 2682 476 2763 apres
490 2681 573 2743 avoir
591 2680 639 2742 ete
652 2679 788 2760 corrige,
808 2680 938 2743 certains
953 2681 1139 2762 reglemeuts
1153 2701 1220 2764 que

238 2767 303 2830 ala
322 2768 543 2851 congregation
568 2768 663 2830 tolera
690 2767 788 2850 plutet
813 2768 923 2849 qu’ella
949 2769 1148 2850 n'approuve.
1174 2771 1219 2834 Ie

238 2878 254 2915 a
274 2856 459 2940 saint-siege
473 2856 565 2939 garde
579 2857 607 2920 le
617 2856 729 2920 silence
739 2857 842 2940 quand
857 2857 878 2919 il
892 2875 932 2920 ne
946 2858 1022 2921 croit
1036 2876 1091 2940 pas
1104 2877 1219 2940 oppon·

238 2967 254 3006 ι
273 2951 329 3008 tun
345 2945 383 3010 de
396 2947 555 3024 reclamet,
568 2947 724 3010 attendant
740 2962 802 3028 que
819 2946 847 3008 le
860 2951 960 3030 temps
973 2953 1003 3009 et
1016 2946 1060 3010 les
1078 2947 1215 3010 circons-

238 3055 254 3094 ι
275 3039 377 3097 tances
394 3034 437 3098 lui
458 3039 639 3117 permettant
657 3034 696 3096 de
720 3034 748 3096 le
768 3033 842 3098 laire
863 3052 935 3099 sans
953 3034 1216 3098 inconvenienti

239 3122 310 3186 aida
324 3123 414 3186 etiam
426 3123 566 3188 Pretect.
581 3122 618 3188 S.
633 3121 776 3205 Sulpicii,
791 3132 824 3184 n⁰
837 3127 912 3198 2043
923 3131 953 3186 et
967 3124 1053 3205 plura
1067 3123 1126 3187 alia
1135 3124 1220 3188 circa

236 3211 363 3275 eoncilia
377 3211 581 3293 provincialia,
593 3230 644 3293 ap.
656 3211 752 3274 Bouix
765 3211 817 3291 (da
836 3211 956 3274 Cuicite
966 3211 1172 3298 provincial),
1188 3219 1223 3276 et

237 3316 284 3381 ap.
301 3297 389 3365 Gard.
405 3301 531 3364 tiousset
545 3299 712 3382 (deposta,
727 3307 800 3378 etc,
815 3299 856 3361 n¹⁸
868 3300 1030 3380 not-322).

274 3387 380 3462 Quoad
394 3389 559 3452 concilium
579 3407 634 3451 seu
648 3388 799 3471 synodum
821 3387 1039 3468 dioecesanam,
1062 3388 1132 3453 vida
1146 3409 1221 3476 quge

240 3474 344 3548 nictari
356 3494 463 3540 sumus
477 3477 554 3540 inira
567 3474 664 3560 (lli).

276 3566 327 3626 55.
351 3564 410 3626 Sed
422 3571 494 3628 nota
507 3565 557 3627 hle
569 3563 652 3647 qued
665 3564 786 3628 decreta
795 3565 953 3648 synodalia
967 3581 1030 3628 nou
1044 3563 1106 3627 sint
1116 3582 1221 3629 neres

236 3650 317 3724 sarid
325 3651 531 3715 submittenda
544 3654 644 3716 Sacra
653 3653 887 3736 Congregationi
900 3652 1038 3733 concilii,
1049 3657 1221 3737 antequam

237 3737 404 3813 executioni
425 3740 657 3803 demandentur.
674 3743 708 3803 V.
730 3742 840 3804 Bened.
864 3743 942 3811 xlv,
956 3741 991 3804 de
1009 3741 1123 3820 Spnod.
1134 3787 1148 3820 ,.
1160 3742 1219 3805 lib.
