2590 4214
509 341 600 385 araca
622 341 740 386 rainus.
1052 323 1109 383 459
1217 408 1219 414 ,
1245 357 1248 367 ι

126 459 152 497 a
172 439 377 520 irregularitas
387 438 448 500 tolli
461 456 515 518 per
530 437 619 498 aliam
630 437 810 498 sententiam
821 439 944 518 quareo
958 435 1038 497 lama
1049 451 1109 494 res-

134 533 419 696 “etiiiggurarius
442 613 482 674 ob
502 605 616 674 crimen
638 621 819 693 parentum,
843 613 890 676 vel
912 589 952 675 ob
974 611 1108 675 officium

133 724 150 761 a
172 702 285 766 infame
299 705 413 766 tollitur
424 721 479 784 per
492 701 663 782 ingressum
682 701 712 762 in
727 701 954 782 Religionem...
969 723 985 760 a

172 792 339 873 Regulares
351 809 388 853 ex
400 790 557 872 privilegio
572 790 614 850 Pii
625 793 664 850 lV
674 792 749 852 etS.
761 791 805 850 Pii
817 793 842 852 V
853 789 1108 872 possuntdispen·

130 898 199 941 sare
212 899 283 941 cum
296 881 360 942 suis
375 879 502 942 subditis
511 879 543 939 in
560 879 617 940 hac
626 878 866 960 irregularitate,
882 879 942 941 sive
956 879 1108 942 contracta

129 975 202 1029 ante
215 969 388 1048 ingressum
402 969 433 1029 in
447 968 648 1048 Religionem,
659 968 720 1028 sive
732 974 818 1048 post:
832 969 905 1030 item
915 969 976 1030 sive
985 965 1108 1029 inlamin

130 1054 316 1137 fueritjnra'a
326 1057 387 1119 sive
400 1057 490 1137 faeti,
505 1057 588 1118 nulla
603 1057 736 1137 excepta.

171 1145 252 1206 Nata
280 1146 363 1227 quod
387 1147 506 1206 collatio
529 1145 670 1206 benetioii
694 1147 721 1206 ei
745 1145 822 1208 facta
841 1147 894 1226 qui
920 1145 1042 1206 infamis
1064 1149 1109 1204 est

129 1232 255 1296 infamia
270 1234 361 1310 facti,
376 1241 421 1296 est
444 1233 569 1314 quidem
583 1233 704 1309 illicita,
725 1240 815 1313 prout
832 1236 923 1296 etiam
944 1234 1044 1294 illicita
1064 1242 1108 1294 est

128 1321 198 1400 eJ‘us
214 1322 320 1384 electio
335 1330 363 1384 et
383 1324 575 1403 praesentatio
584 1343 594 1397 3
611 1322 741 1382 sednon
760 1327 806 1384 est
825 1323 914 1402 pleno
926 1324 994 1404 jure
1010 1322 1106 1398 nulla,

128 1410 219 1472 sicuti
236 1417 280 1472 est
293 1411 416 1490 quando
431 1410 486 1472 luit
500 1411 577 1472 lacta
591 1409 696 1471 infami
712 1409 837 1471 infamia
848 1411 943 1490 juris:
963 1418 1008 1472 est
1024 1411 1106 1472 enim

128 1500 249 1560 tantiam
262 1503 279 1562 a
290 1499 391 1578 judice
401 1499 555 1560 irritanda.

169 1591 239 1650 622.
265 1623 304 1632 -
326 1580 389 1649 Vll.
410 1588 466 1649 Ec
490 1587 605 1667 defectu
627 1586 789 1648 libertatis.
814 1587 936 1650 Deiecto
964 1584 1106 1650 libertatis

126 1677 312 1755 irregulares
323 1683 395 1739 sunt
413 1696 419 1735 :

170 1769 202 1826 l⁰
223 1767 304 1828 Servi
316 1765 437 1846 proprie
449 1764 521 1827 dicti
534 1765 633 1826 donec
645 1770 872 1846 consequantur
882 1765 1004 1845 plenam
1017 1767 1105 1828 liber·

126 1857 231 1915 tatem.
249 1855 320 1934 Cap.
336 1859 365 1930 l,
381 1853 514 1915 distinct.
531 1857 582 1914 54.
594 1853 787 1933 Dequovide
802 1853 952 1929 Manuale,
969 1864 1002 1914 n⁰
1014 1860 1101 1918 4944.

168 1945 201 2003 4·
221 1943 401 2024 Conjugati,
432 1941 489 2002 nisi
519 1960 630 2003 uxores
662 1942 853 2003 consentiant
883 1949 912 2004 et
937 1944 1103 2006 castitatem

124 2039 253 2092 voveant
266 2050 349 2112 :cap
366 2031 558 2112 Coajupataa,
571 2030 614 2092 De
629 2050 756 2092 convers.
772 2032 890 2112 conjap.
908 2051 990 2094 :non
1001 2043 1103 2095 autern

124 2124 270 2181 tenentur
283 2121 472 2201 Religionem
487 2118 682 2200 ingredi,nisi
696 2119 740 2180 vir
751 2126 956 2182 assumeretur
971 2121 1009 2182 ad
1019 2123 1103 2202 Epis

124 2212 280 2287 copatum.
295 2209 515 2270 Volunttamen
527 2206 652 2287 quidam
663 2214 694 2268 ut
703 2207 892 2288 Religionem
907 2209 1103 2288 profiteantur

125 2297 292 2376 praesertim
305 2297 330 2358 si
342 2297 403 2358 sint
414 2297 558 2377 juvenes3
572 2295 625 2355 sed
649 2313 716 2376 cap.
735 2296 920 2377 Conjapatus
934 2315 995 2358 non
1010 2299 1102 2379 loqui·
1138 2342 1140 2346 -

123 2392 176 2445 tur
198 2383 255 2446 nisi
278 2384 318 2447 de
340 2384 535 2447 continentiae
552 2382 748 2463 professione.
774 2385 1009 2465 -Disputatur
1030 2390 1101 2461 uero

124 2479 226 2534 utrum
242 2521 250 2549 ,
266 2480 476 2554 postmortem
492 2472 631 2552 coniugis
644 2472 682 2532 ad
697 2472 819 2534 ordines
834 2491 936 2535 sacros
952 2477 1098 2554 promoti,

122 2561 250 2638 mulier,
271 2581 340 2644 quae
354 2563 480 2643 simplex
495 2568 598 2622 votum
612 2561 753 2622 castitatis
768 2562 878 2638 emisit,
897 2562 990 2643 possit
1003 2565 1100 2627 valide

121 2649 163 2712 ad
177 2668 270 2712 novas
289 2652 408 2732 nuptias
421 2650 590 2712 convolare.
615 2650 821 2712 —Sententia
842 2669 956 2731 negans
973 2651 1100 2716 habetur

121 2743 158 2800 ut
173 2740 366 2802 communior
381 2747 411 2801 et
424 2737 608 2820 probabilior
622 2739 639 2798 a
654 2740 685 2800 S.
705 2739 828 2818 Liguor.
846 2737 911 2821 (lib.
929 2743 960 2816 6,
976 2753 1010 2802 n⁰
1021 2747 1097 2820 812,

57 2887 62 2891 .
121 2825 192 2888 dub.
208 2831 252 2906 Ξ).

162 2929 195 2987 3⁰
216 2926 368 3002 (latiales,
384 2926 414 2987 id
431 2935 476 2988 est
497 2927 594 2988 Curiae
610 2925 748 2987 saeoulari
761 2926 902 3006 obligati,
922 2927 999 2990 lacto
1010 2929 1098 3009 jura·

124 3035 142 3073 a
162 3023 283 3092 mento,
301 3017 345 3078 vel
361 3015 510 3096 stipendio
526 3034 534 3076 ε
552 3022 585 3077 ut
594 3015 723 3093 judices,
739 3014 884 3088 advocati,
901 3021 959 3076 etc.
974 3061 982 3090 ‚
998 3035 1097 3096 quan·

123 3124 141 3162 ι
160 3103 213 3165 diu
229 3104 296 3166 talia
309 3103 407 3166 officia
422 3104 534 3164 habent
548 3103 594 3183 (in
608 3121 675 3182 cap.
687 3105 716 3176 l,
728 3107 746 3162 2
759 3108 788 3162 et
799 3105 829 3175 3,
841 3101 909 3164 dist.
923 3107 976 3178 54,
991 3111 1095 3187 etcap.

122 3212 139 3250 ι
160 3192 262 3263 unico,
279 3193 324 3254 De
338 3193 435 3274 otttp.
449 3191 490 3253 ad
505 3189 619 3272 rata).
633 3190 745 3271 Excipe
759 3196 882 3264 tamen,
898 3191 956 3251 nisi
967 3190 1097 3256 habeant

123 3301 140 3340 e
158 3282 318 3361 specialem
334 3281 590 3362 dispensationem
601 3281 691 3360 Papae
711 3278 777 3360 (aut
790 3279 910 3340 tacitam
931 3282 1097 3344 concessio-

123 3391 139 3428 α
160 3387 249 3443 nent,
266 3378 318 3432 aut
340 3371 418 3432 adsit
438 3368 651 3448 consuetudo),
668 3374 700 3428 ut
714 3366 838 3448 quidam
853 3367 956 3430 clerici
972 3368 1004 3429 in
1019 3371 1095 3434 aulis

122 3481 137 3517 a
158 3459 342 3541 principum,
360 3461 390 3521 in
413 3459 512 3522 causis
529 3457 677 3533 civilibus,
694 3474 756 3517 non
770 3462 872 3518 autem
887 3457 1095 3520 criminalibus

121 3568 138 3606 a
157 3550 334 3630 occupati.»
357 3551 389 3612 S.
416 3549 550 3628 Liguor.‚
571 3546 623 3608 tib.
640 3551 675 3623 l,
692 3549 725 3606 n⁰
739 3548 810 3606 456.
831 3545 934 3606 Talem
954 3545 986 3608 in
1000 3546 1094 3609 Gallia

117 3635 246 3698 existere
257 3639 509 3700 consuetudinem
520 3635 642 3717 plurimi
657 3633 856 3696 contendunt.

157 3736 192 3796 4ο
213 3737 344 3809 Milites,
371 3737 477 3798 saltem
498 3732 621 3815 quando
638 3739 811 3811 juramento
831 3738 998 3795 tenentur:
1020 3734 1093 3794 item

116 3822 296 3887 thesaurarii
310 3833 340 3888 et
348 3823 519 3898 depositarii
531 3821 654 3897 publici,
670 3827 700 3882 et
711 3821 763 3900 qui
772 3821 992 3902 rempublicam
1003 3821 1095 3882 admi·

975 3931 1047 3984 lim
