2616 4228
182 246 224 300 78
462 245 606 294 atuttcn'rt
634 241 715 290 sunit
737 241 885 288 canumet.

185 373 200 409 a
221 352 333 431 iisque,
348 355 383 412 ut
394 350 425 411 in
440 348 565 411 articulo
581 344 761 427 praecedenti
776 344 974 407 constitutum
988 351 1049 424 cst,
1067 349 1160 430 dpoae

186 462 201 498 a
222 439 308 500 tolica
324 439 416 501 Sedes
431 437 608 500 canonicam
622 433 706 494 dabit
720 432 948 495 institutionem.

225 539 324 598 «Art.
340 541 369 599 6.
396 537 535 618 Episcopi
557 540 720 614 antequam
745 549 857 594 munus
877 551 966 594 suum
990 535 1162 614 gerendum

186 650 200 685 a
221 627 403 706 suscipiant,
430 642 532 687 coram
552 623 653 683 Primo
676 619 806 682 Consule
823 621 1033 698 iuramentum
1059 623 1161 688 tidelia

186 741 198 773 a
220 717 287 776 tatis
301 717 436 776 emittent
450 713 531 794 qnod
546 717 610 772 orat
622 710 652 770 in
665 727 759 778 more,
772 715 841 769 anto
853 712 1010 789 regiminis
1024 731 1149 776 commu

183 827 197 862 a
221 805 383 878 tationem,
400 801 597 882 sequentibus
611 797 708 859 verbis
729 815 904 877 expressum
921 819 928 858 ε
944 799 1013 882 Epo
1021 804 1113 880 jura,
1134 803 1161 878 :l

185 918 197 948 a
219 894 383 973 promitto,
399 891 438 950 ad
450 897 549 950 sanata
564 889 621 950 lter
632 885 822 966 Euanpeliui
845 885 1043 950 obedientiam
1057 899 1086 951 et
1094 890 1161 974 fidu

186 1005 198 1037 a
222 981 336 1041 litatem
362 978 510 1042 Gubernia
525 997 583 1058 per
599 975 838 1037 constitutionem
863 974 1025 1040 Gallicanae
1047 979 1158 1060 Reipu-

185 1092 197 1123 ν(
223 1069 437 1129 dlicoestutato.
451 1069 528 1128 Item
540 1065 685 1147 prornitto
694 1084 739 1124 me
748 1063 862 1124 nullam
870 1069 1164 1130 communicationem

188 1179 201 1214 a
223 1157 412 1226 traditurum,
429 1156 509 1216 nulli
524 1153 648 1216 consilio
664 1153 897 1232 interfuturum,
913 1154 1085 1239 nullamque
1098 1177 1162 1218 sua-

188 1268 203 1304 a
220 1255 336 1327 pectam
350 1247 487 1306 unionem
502 1263 591 1324 neque
610 1243 691 1302 intra
703 1260 794 1322 neque
807 1253 893 1302 entra
911 1255 1164 1322 conservaturam,

189 1358 202 1394 a
223 1353 286 1417 qaae
302 1333 525 1416 tranquillitati
536 1332 663 1414 publicae
676 1340 796 1400 noceat:
818 1339 848 1392 et
861 1331 889 1392 si
901 1379 908 1408 ‚
926 1339 986 1394 tuin
1000 1335 1035 1395 in
1048 1335 1168 1404 diaecesi

188 1447 203 1483 a
222 1427 297 1495 mett,
314 1426 399 1506 quam
414 1424 501 1498 alibi,
513 1421 645 1484 noverim
658 1419 779 1501 aliquid
789 1419 924 1482 inatuttla
937 1421 1077 1486 damnum
1089 1433 1169 1490 trac-

188 1533 203 1572 a
225 1514 303 1588 tari,
321 1513 470 1577 Gobannio
483 1509 689 1594 manifestabo

227 1632 242 1673 a
263 1615 327 1677 Art.
339 1619 369 1676 7.
385 1611 584 1676 Ecclesiastici
597 1609 722 1672 secundi
737 1608 851 1672 ordinis
862 1608 941 1670 idem
955 1609 1169 1689 juramentum

188 1724 202 1760 a
223 1703 361 1764 emittent
374 1721 476 1764 coram
491 1698 717 1763 auctoritatibus
731 1699 869 1762 civilibus
884 1700 901 1760 a
926 1699 1081 1762 Gallicano
1102 1701 1168 1764 Gu-

188 1813 203 1848 a
225 1791 331 1852 bernio
345 1791 518 1867 designatis.

228 1909 243 1947 a
265 1890 328 1950 Art.
345 1893 373 1950 8.
392 1892 462 1949 Post
475 1888 575 1950 divina
589 1887 703 1962 officia,
719 1886 751 1947 in
766 1887 909 1950 omnibus
923 1881 1164 1952 ‘catholicis'Gal-

188 1999 203 2036 a
224 1976 270 2038 liae
283 1979 413 2054 templis,
430 1979 473 2039 sic
487 1977 620 2038 orabitur
635 1997 642 2038 τ
657 1977 790 2050 Domine,
805 1976 916 2039 aulourn
929 1978 979 2058 fac
988 1978 1164 2060 Bernpnbli-

189 2088 204 2123 a
225 2085 310 2136 earn:
326 2067 467 2136 Homine,
485 2067 580 2128 sulcos
591 2067 642 2148 fac
657 2066 803 2128 Conantes.

228 2183 242 2220 a
264 2164 328 2226 Art.
344 2168 374 2226 9.
389 2164 541 2246 Episcopi,
555 2166 586 2224 in
599 2165 654 2226 sua
668 2163 796 2244 quisque
808 2163 945 2236 diaecesi,
962 2183 1055 2226 novas
1066 2183 1165 2246 partu*

189 2281 205 2319 a
224 2261 285 2322 cias
300 2260 567 2338 circumscribent3
584 2281 653 2343 quae
667 2262 906 2342 circumscriptio
918 2281 1007 2324 suum
1021 2281 1086 2324 non
1103 2273 1165 2326 sor'·

190 2349 313 2412 otietur
341 2350 507 2428 eflectum,
543 2351 600 2412 nisi
633 2357 793 2427 postquami
820 2350 964 2412 Gubernii
983 2369 1164 2416 consensus

190 2441 393 2501 «accesserit.
459 2438 470 2454 “

229 2556 243 2592 u
265 2536 329 2594 Art.
345 2539 392 2597 tu.
407 2533 501 2595 Iidem
512 2534 652 2615 Episcopi
667 2535 703 2594 ad
716 2536 861 2614 paroeeias
874 2539 1094 2608 nominabunt:
1110 2561 1165 2604 nec

190 2645 205 2683 a
224 2641 368 2704 personas
382 2624 508 2702 seligant
523 2624 580 2683 nisi
596 2623 748 2684 Guberuio
763 2633 912 2707 acceptae.

230 2741 245 2778 a
267 2722 330 2781 Art.
348 2723 396 2782 ll.
423 2721 565 2781 Poterant
576 2718 667 2780 iidem
681 2720 823 2802 Episcopi
838 2723 949 2786 habere
971 2743 1070 2790 unum
1086 2727 1167 2810 Capi·

190 2831 204 2867 a
225 2807 322 2870 tulum
345 2809 376 2869 in
398 2808 563 2870 Cathedrali
577 2808 726 2889 docimii,
743 2817 832 2892 atque
853 2831 949 2876 unum
964 2815 1166 2882 seminarium

190 2920 205 2958 a
225 2897 256 2958 in
281 2900 334 2959 sua
355 2898 483 2979 quisque
500 2898 640 2978 dioeeesi,
660 2899 725 2962 sine
743 2899 905 2965 dotationis
927 2903 1113 2984 obligatione
1131 2925 1165 2969 ex

190 3009 206 3048 a
225 2993 309 3070 parte
323 2987 479 3050 Gubernii.

229 3091 330 3150 altrt.
348 3093 396 3150 lu.
420 3088 528 3151 Omnia
552 3089 664 3171 templa
683 3091 931 3173 Metropolitum,
957 3094 1162 3178 cathedralia,

185 3205 198 3238 a
225 3178 427 3257 Paroehialia‚
452 3187 543 3260 atque
562 3179 619 3241 alia
642 3198 711 3260 quaa
730 3199 791 3243 nun
812 3181 941 3245 alienata
954 3189 1046 3264 sunt,
1069 3186 1164 3251 cultui

183 3286 197 3316 r
225 3270 410 3344 necessaria,
425 3271 646 3349 Episcoporum
660 3269 849 3349 dispositioni
862 3271 1030 3336 tradentur.

229 3385 244 3422 a
267 3367 328 3424 Art.
348 3369 393 3426 la,
411 3368 558 3428 Sanctitas
573 3368 650 3443 Sua,
667 3385 722 3446 pro
737 3368 819 3449 pacis
835 3369 929 3448 bono,
940 3369 1081 3452 felicique
1093 3373 1160 3436 reli0

189 3473 204 3509 a
225 3451 323 3532 gionis
337 3454 544 3529 restitutione,
560 3455 691 3518 declarat
705 3474 768 3534 eos,
782 3457 835 3538 qui
850 3458 929 3520 bona
939 3459 1083 3524 Ecclesiae
1098 3462 1156 3527 alie

190 3561 204 3596 a
225 3545 294 3599 nata
309 3542 551 3620 acquisiverunt,
569 3544 738 3605 molestiam
754 3545 868 3608 nullam
881 3546 1047 3624 habituros,
1063 3567 1162 3634 neque

190 3649 204 3684 a
224 3629 302 3700 ase,
321 3633 448 3708 nequet
464 3631 606 3693 Romanis
620 3633 816 3696 Pontificibus
832 3637 1059 3700 successoribus
1076 3642 1153 3714 suis;

189 3736 202 3770 a
223 3733 258 3775 ao
272 3730 492 3794 consequenter
507 3722 672 3799 proprietas
683 3723 862 3786 eorumdem
882 3724 1049 3800 bonorum,
1067 3729 1152 3790 reddi
