2580 4216
226 296 285 354 rut
508 307 658 352 ucrucnrn
678 308 760 354 runis
779 309 928 355 cruuntur.

226 423 298 468 cum
313 407 436 487 patent,
451 406 496 468 vel
511 406 599 467 Liber
618 407 843 488 Epistoiarum:
859 409 909 470 atii
927 407 1033 470 dicunt
1046 403 1193 466 materiam

227 494 396 575 proximam
411 513 476 558 esse
485 495 580 557 solam
592 495 784 558 traditionem
795 495 991 578 calicisracui
1000 511 1072 556 cum
1082 494 1191 574 patent,

226 591 258 646 et
270 582 399 646 turmam
412 584 503 646 verba
516 584 802 665 correspondentia:
820 584 923 650 Videte
935 583 1029 664 eujus,
1045 588 1130 644 etc...
1142 580 1191 642 atii

227 673 410 740 verddicunt
421 673 578 734 materiam
590 674 779 736 essentialem
795 693 860 738 csse
875 676 999 754 insuper
1009 669 1190 732 traditionem

228 761 306 824 Libri
330 762 553 844 Epistularum,
577 760 648 842 quia
671 780 785 826 munus
804 770 851 826 est
872 759 1050 826 subdiaconi
1074 758 1191 839 speciale

227 851 401 913 solemniter
420 850 566 931 upisrotas
587 849 697 931 tegere.
714 851 748 912 In
770 853 855 934 praxi
878 853 910 914 S.
933 851 1054 932 Liguor.
1081 847 1143 928 (tib.
1165 851 1190 910 6.

229 949 261 1002 n⁰
275 945 344 1019 rto)
357 940 428 1002 dicit
440 939 637 1020 posteriorem
648 939 727 1002 hanc
736 943 916 1003 sententiam
926 958 991 1002 esse
1002 934 1192 1018 sequendam,

228 1035 330 1110 utpote
344 1028 484 1090 tutiorem
501 1035 531 1090 et
542 1047 604 1089 nun
619 1029 860 1110 improbabilem.

267 1119 440 1200 Disputatur
452 1117 562 1198 pariter
573 1135 611 1178 an
621 1117 698 1179 calix
709 1124 740 1179 et
752 1127 872 1200 patena,
883 1119 916 1180 in
929 1114 1119 1181 ordinatione
1128 1114 1193 1176 Sub·

227 1209 403 1270 diaconatus
416 1207 601 1282 adhibenda,
616 1214 790 1270 consecrata
802 1226 868 1270 esse
882 1206 1029 1281 debeant;
1043 1205 1125 1266 ccrtd
1137 1205 1192 1285 qui·

227 1297 297 1360 dem
311 1303 484 1360 consecrata
503 1289 575 1357 esse'
588 1295 699 1358 debent
716 1315 754 1358 ex
770 1295 946 1360 necessitate
969 1292 1125 1374 praecepti,
1146 1293 1192 1354 sed

227 1385 457 1448 controvertitur
470 1403 508 1446 an
522 1384 593 1446 tatia
610 1402 676 1446 esse
689 1384 818 1447 debeant
839 1403 893 1467 pro
913 1383 1062 1446 validitate
1076 1381 1191 1442 ordina-

227 1475 327 1538 tionis.
343 1477 376 1536 in
391 1472 476 1556 praxi
490 1471 620 1535 tenenda
633 1478 679 1535 est
692 1473 839 1536 sententia
850 1473 1014 1536 affirmans.
1031 1471 1063 1533 S.
1076 1471 1190 1552 Lignor.

226 1564 334 1641 prad).
863 1603 866 1608 -

266 1657 335 1717 58t.
359 1652 443 1714 Circa
470 1650 677 1732 poeniteutiam
704 1651 844 1716 Diaconis
870 1655 900 1714 et
928 1649 1137 1730 *Subdiaconis
1160 1647 1194 1710 ab

228 1743 376 1823 Episcopo
390 1746 459 1822 post
471 1739 692 1803 ordinationem
705 1739 933 1822 imponendam,
949 1739 1058 1802 dicitur
1071 1739 1104 1800 in
1118 1740 1193 1802 Poa-

227 1829 334 1911 tt‘firotr'
347 1848 355 1890 :
371 1851 386 1889 a
400 1829 443 1890 dd
458 1827 713 1892 Subdiaconatum
736 1829 782 1891 vel
795 1830 993 1898 Diaccnatum
1014 1828 1168 1910 (promoti)
1184 1847 1192 1887 z
1270 1891 1271 1896 ,

232 1941 246 1976 a
267 1921 457 1980 Nocturnum
476 1917 541 1978 tatis
561 1917 659 1982 diei...
684 1918 810 1981 dicite...
834 1919 944 1980 »Cum
958 1917 1030 1980 verd
1051 1917 1090 1979 de
1110 1935 1195 1978 sensu
1270 1951 1271 2000 3

228 2007 336 2068 trorum
349 2006 509 2067 verborum
524 2005 744 2087 disputaretur,
761 2007 943 2088 interrogata
957 2008 988 2068 S.
1010 2006 1071 2068 Rit.
1088 2007 1192 2086 Congu.
1270 2019 1271 2022 ’

227 2115 264 2156 an
278 2095 344 2158 hacc
363 2094 450 2156 verba
465 2093 503 2154 de
516 2100 579 2155 toto
591 2094 696 2156 Oflicio
711 2103 859 2158 nocturno
881 2102 910 2157 et
923 2095 1077 2157 Laudibus
1090 2095 1194 2157 intelli·
1270 2115 1271 2148 t

226 2184 324 2264 ganda
337 2191 454 2256 essent,
471 2183 517 2244 vel
541 2183 578 2244 de
597 2183 689 2246 unico
702 2183 857 2247 Nocturno
880 2191 909 2246 et
923 2167 1028 2266 quant
1041 2185 1148 2265 Resp.‚
1161 2187 1190 2245 tt
1270 2157 1271 2202 ¹

226 2291 295 2354 aug.
313 2275 401 2349 1860,
417 2271 611 2352 intelligenda
625 2290 690 2335 esse
705 2272 743 2334 de
757 2273 849 2334 unico
862 2275 1017 2334 Nocturno
1031 2271 1140 2350 feriali,
1154 2272 1195 2333 vei

226 2362 375 2443 deprimo
396 2360 561 2422 Dominicae
575 2367 607 2422 ut
625 2361 655 2422 in
671 2360 827 2442 psalterio,
843 2360 873 2422 id
893 2368 937 2423 est
954 2365 990 2422 ta
1012 2360 1196 2442 psalmorum

226 2469 295 2511 cum
319 2451 381 2512 suis
401 2448 581 2529 antiphonis
604 2449 642 2511 de
661 2457 815 2532 tempore,
841 2468 934 2531 quem
955 2451 1126 2530 Episcopus
1148 2449 1197 2512 de·

224 2538 344 2618 signare
358 2545 472 2620 potest,
493 2539 537 2598 vel
560 2537 654 2618 ipsius
667 2537 725 2600 diei
739 2557 800 2620 quo
818 2539 908 2600 habet
918 2539 1143 2600 ordinationem
1156 2539 1198 2601 ret

224 2627 345 2688 atterius
359 2644 413 2707 pro
425 2645 480 2688 suo
494 2626 638 2702 arbitri03
654 2626 694 2688 ita
706 2635 740 2688 ut
754 2645 817 2688 non
832 2629 926 2708 possit
938 2627 1098 2708 designare
1119 2630 1198 2690 Noc·
1270 2637 1271 2696 t

224 2723 349 2776 turnum
364 2713 452 2775 officii
468 2715 565 2776 tribus
585 2716 702 2777 tantum
726 2717 849 2796 psalmis
866 2723 1066 2778 constantem.
1084 2718 1117 2778 Si
1131 2720 1201 2780 vcrd

225 2804 390 2883 Episcopus
406 2803 478 2862 nihil
492 2803 571 2864 aliud
587 2804 767 2884 expresserit
781 2808 874 2886 quam
888 2804 971 2886 quod
983 2805 1077 2867 verba
1098 2805 1199 2868 Ponti-

224 2891 317 2954 ticalis
330 2898 449 2968 sonant,
463 2889 628 2954 dicendum
641 2899 685 2954 est
698 2893 883 2956 Nocturnum
897 2892 1009 2975 feriole
1018 2911 1198 2975 correspon-

222 2982 297 3042 dens
317 2980 375 3042 diei
398 2981 429 3040 in
449 2999 511 3061 quo
531 2985 651 3062 peracta
672 2980 728 3044 tuit
747 2981 906 3044 ordinatio.
922 2982 1010 3044 Nulla
1029 2981 1063 3042 tit
1085 2982 1200 3044 mentio

221 3071 258 3132 de
276 3069 466 3144 invitatori0‚
490 3069 605 3150 hymno
624 3076 653 3131 et
672 3069 862 3132 lectionibus.
880 3071 954 3132 Vide
977 3069 1140 3146 Analecta,
1163 3075 1195 3130 tt

221 3159 301 3237 tiva,
319 3165 349 3221 et
362 3158 460 3221 decue
472 3158 520 3220 dea
532 3159 656 3221 accures
668 3159 752 3238 eret,
767 3162 807 3222 20
821 3179 890 3241 aug.
906 3162 1006 3224 t8sst.·

668 3331 687 3412 §
707 3333 742 3394 11.

588 3457 633 3521 De
647 3459 821 3521 Diaconum.

257 3609 327 3668 582.
350 3607 530 3667 Diaronatua
549 3614 592 3667 est
615 3605 685 3666 ordo
697 3624 754 3686 quo
767 3604 922 3686 confertur
940 3606 1040 3669 alicui
1059 3603 1195 3688 specialis

216 3701 342 3774 potestas
356 3695 387 3752 in
400 3695 487 3754 missd
498 3693 621 3755 solemni
631 3693 801 3755 immediate
811 3693 967 3756 assistendi
973 3695 1151 3777 presbytero
1168 3699 1194 3751 rt

217 3781 384 3841 solemniter
397 3781 523 3843 cunradi
536 3782 748 3863 annpolium.
