2526 4210
959 207 1027 219 N...-

214 233 270 292 198
483 242 637 287 acaunum
658 241 741 286 turris
762 237 908 284 canuntur.

250 344 352 407 Nuntii
366 343 437 405 vero
451 344 482 405 S.
499 341 584 405 Sedis
599 360 660 402 non
675 338 810 420 gaudent
823 336 978 418 privilegio
1000 343 1036 400 ut
1056 339 1095 402 ad
1113 340 1186 422 ipsos

214 435 306 516 possit
318 432 472 513 appellari,
489 431 601 493 omisso
615 429 727 491 medio.

251 525 320 584 329.
345 521 467 593 Quaerit.
483 524 515 583 5ο
530 519 729 592 Quandonam
751 514 867 578 deserta
882 515 999 578 censeri
1014 515 1126 579 debeat
1140 536 1188 600 aps

235 609 360 672 ellatio‘l

213 629 233 692 p
252 699 425 780 Respondet
438 695 708 779 Schmalzgrueber
722 693 788 776 (lib.
805 697 835 768 E,
850 692 896 754 tit.
914 696 963 767 28,
974 705 1009 754 n⁰
1024 697 1097 772 79):
1119 695 1190 756 old

252 790 488 870 appellationem
502 784 747 869 prosequendam
760 787 791 844 et
807 781 973 842 finiendam
994 784 1022 860 (a
1043 802 1190 864 quocum·

251 896 311 958 que
327 879 511 958 gravamine,
525 876 615 938 etiam
630 871 863 952 extrajudiciali,
879 870 1066 950 appellatum
1077 872 1188 954 luerit),

252 966 431 1027 conceditur
445 984 563 1042 annuS,
580 969 609 1026 et
623 983 661 1027 ex
677 963 763 1042 iusta
783 962 894 1033 causa,
910 959 1092 1038 bienninm3
1119 963 1189 1024 intra

253 1054 336 1135 quod
351 1059 483 1135 tempus,
494 1055 519 1116 si
534 1052 701 1134 appellans,
714 1052 795 1130 justo
809 1047 1029 1129 impedimento
1044 1056 1188 1128 cessante,

217 1164 233 1202 ι
253 1143 487 1223 appellationem
502 1159 589 1205 suam
604 1160 666 1203 non
678 1139 769 1202 luerit
784 1142 983 1221 prosecutus,
1005 1137 1058 1200 illa
1078 1139 1191 1202 deserta

217 1251 233 1290 a
254 1232 467 1294 censebitur.»

254 1320 358 1380 Dictus
370 1320 520 1382 terminus
534 1337 657 1382 currere
669 1317 774 1399 incipit
788 1318 805 1378 a
817 1315 866 1378 die
879 1314 1068 1396 interpositae
1089 1317 1188 1398 appel-

214 1407 335 1470 lationis
349 1428 357 1484 ;
373 1409 425 1470 sed
440 1409 465 1470 si
486 1409 576 1470 luerit
590 1407 806 1489 appellatuma
824 1405 1000 1486 gravamine
1014 1405 1186 1482 inferendo,

212 1496 320 1578 incipit
333 1516 455 1560 currere
468 1498 619 1559 tantuma
637 1496 687 1557 die
708 1514 769 1576 quo
790 1494 827 1556 de
853 1493 931 1556 laolo
955 1511 1121 1575 gravamen
1141 1494 1188 1556 luit

213 1585 328 1651 illatum
344 1585 502 1667 (Clamant.
519 1584 789 1666 attemperies).
932 1593 935 1596 '

254 1677 297 1737 De
310 1675 455 1756 fatalibus
469 1675 723 1757 appellationum,
738 1692 791 1735 sen
806 1671 844 1734 de
861 1672 1067 1752 temporibus,
1084 1673 1186 1755 quibus

212 1762 333 1844 elapsis,
344 1782 405 1824 non
420 1763 776 1844 ampliusconceduntur,
784 1761 830 1824 vel
843 1778 997 1824 concessae
1014 1761 1186 1844 extinguun-

211 1855 274 1928 tur,
288 1851 356 1914 vide
370 1859 507 1916 nostrum
521 1852 663 1914 Manuale
672 1855 777 1928 (5988,
793 1851 877 1933 etc).

465 2013 503 2058 llll
524 2011 742 2058 transmutant:
763 2010 802 2055 AB
822 2009 924 2056 ABUSU.

254 2134 324 2195 330.
348 2135 462 2194 Praeter
486 2131 720 2213 appellationem
745 2129 933 2210 simplicem,
957 2129 997 2192 de
1018 2135 1080 2210 qua
1103 2132 1186 2195 modll

214 2220 305 2283 locuti
320 2239 444 2296 sumus,
469 2227 499 2282 et
522 2240 591 2303 quae
610 2229 654 2281 est
673 2219 848 2282 remedium
870 2219 1055 2282 canonicum
1078 2239 1130 2284 sen
1153 2222 1185 2284 ab

212 2310 347 2372 Ecclesia
361 2310 530 2372 institutum
545 2310 582 2370 ad
601 2309 750 2372 sanandos
768 2309 953 2370 Potestatum
975 2311 1184 2374 ecclesiastica·

213 2418 282 2462 rum
297 2400 425 2476 abusus,
442 2399 593 2462 invectum
610 2405 654 2460 est
671 2397 753 2461 aliud
768 2397 975 2478 appellationis
995 2418 1109 2480 genus,
1129 2419 1184 2463 non

211 2487 252 2550 ab
261 2488 407 2564 Ecclesia,
420 2487 473 2549 sed
484 2495 587 2550 contra
600 2487 766 2550 Ecclesiam
776 2487 995 2564 institutum,et
1004 2489 1184 2552 ouiinditum

197 2575 270 2638 duit
282 2594 394 2637 nomen
415 2576 589 2658 Appellatio
608 2577 645 2638 ab
659 2575 760 2638 abusu.
777 2578 812 2637 ln
834 2594 870 2637 eo
889 2575 1027 2638 consistit
1051 2578 1132 2660 quod
1153 2578 1187 2639 ud

212 2665 383 2727 seculorem
399 2673 594 2746 potestaten,
617 2685 749 2728 recursus
769 2664 915 2726 labentur
936 2664 977 2726 ud
997 2683 1027 2728 se
1055 2668 1185 2730 tuendum

209 2767 313 2818 eontra
327 2773 457 2816 excessua
470 2753 666 2836 superiorum
680 2753 952 2817 ecclesiastieorum.
1248 2797 1249 2804 .

252 2847 322 2905 331.
347 2843 469 2915 Quaerit.
487 2849 518 2904 l⁰
531 2847 640 2908 Utrum
654 2844 829 2926 huJusmodi
848 2843 1009 2925 appellatio
1028 2846 1066 2908 sit
1087 2846 1186 2909 linital

254 2935 342 3013 ltesp.
357 2935 432 2994 Eam
446 2933 557 2995 licitam
568 2951 633 2995 esse
644 2933 832 2996 contendunt
845 2934 887 2994 illi
898 2932 1042 2996 Gallicani
1054 2937 1107 3018 qui
1116 2956 1184 3018 por-
1248 3013 1249 3022 ἵ

211 3022 384 3084 lamentaret
408 3027 638 3104 nuncupantur,
655 3023 751 3104 qualis
766 3021 820 3085 luit
839 3025 980 3085 Ferratus
1001 3024 1055 3104 qui
1078 3026 1118 3087 ait
1137 3025 1186 3104 (De
1249 3093 1250 3102 ἦ

210 3111 325 3188 l’Abus,
343 3112 391 3174 liv.
410 3115 424 3173 1
441 3159 448 3189 ,
464 3111 513 3174 olr.
537 3115 571 3187 l,
592 3121 624 3172 n⁰
636 3113 688 3194 at)
706 3131 713 3172 :
735 3112 838 3174 uL'on
854 3118 924 3193 peut
938 3111 1003 3173 dire
1017 3114 1185 3178 avecvdritl

212 3223 230 3260 v
251 3220 311 3283 que
321 3200 399 3262 celui
410 3201 473 3280 qui,
486 3201 514 3262 le
529 3201 659 3281 premier
669 3220 707 3263 en
723 3201 894 3265 introduisit
905 3201 932 3262 la
947 3199 1048 3279 lacon,
1064 3203 1184 3280 devrait,

216 3313 230 3348 v
250 3307 370 3352 comme
384 3288 578 3363 Archimede,
596 3289 716 3352 s’ecrier
730 3289 809 3352 deux
828 3309 869 3352 ou
883 3289 957 3351 trois
972 3289 1030 3352 fois
1053 3311 1060 3351 :
1083 3291 1119 3354 Je
1138 3291 1186 3354 l'ui

216 3401 230 3437 v
253 3381 380 3439 trouve.»
396 3378 455 3438 Sed
468 3377 594 3440 omnino
609 3379 745 3460 negative
760 3379 941 3462 respondere
956 3379 1052 3442 mulla
1065 3387 1184 3462 cogunt,

216 3466 370 3528 videlicet:

253 3558 283 3615 1⁰
304 3556 435 3617 Ecclesia
449 3561 494 3617 est
504 3555 629 3618 societas
643 3555 786 3637 perfecta,
806 3556 933 3618 omnino
950 3555 1186 3638 independensl
1248 3551 1249 3574 ³

211 3649 353 3704 societate
377 3643 549 3723 temporali,
573 3644 653 3723 quod
677 3645 802 3726 quidem
817 3652 860 3706 est
875 3645 912 3706 de
927 3645 1008 3724 tide,
1024 3654 1055 3708 et
1069 3647 1185 3728 probari

207 3737 305 3803 potest
315 3750 352 3791 ox
368 3732 454 3792 Bulla
466 3731 610 3794 Bonifacii
624 3736 691 3795 Vlll
709 3732 958 3797 Unumsoncturn.
973 3735 1070 3798 Porro
1090 3736 1186 3800 Eccla
