2590 4214
194 259 260 322 ast
470 276 625 321 scansam
644 273 728 320 runis
749 272 895 319 aaronica.

199 395 335 458 incurrit
349 395 418 476 ipso
428 393 509 455 facto
522 400 708 474 perpetuam
720 391 959 472 suspensionem
976 391 1069 471 l¹apae
1081 410 1184 455 reser-

199 492 307 545 vatam
322 483 363 544 ab
377 482 526 545 exercitio
537 481 658 543 ordinis
673 480 820 559 suscepti,
835 478 924 559 aqud
940 481 1185 544 absolvercnon

204 567 1169 654 possuntEpiscopi,nisisitoccultbcontracta(ConcilTrid.

198 679 278 724 sess.
292 661 341 736 tl,
353 679 380 722 o.
389 662 422 740 6)
438 658 592 742 :proinde
604 658 707 720 taliter
716 655 880 722 ordinatus
890 675 955 720 non
966 642 1185 740 potestordi·’

206 769 278 812 nem
294 759 474 830 susceptum
488 767 632 809 exercere
647 747 715 808 sine
737 745 956 822 absolutione,
979 748 1077 808 etiam
1095 757 1187 828 post-

206 858 302 920 quam
314 847 437 900 aetatem
447 836 653 917 compleverit
664 856 671 909 ;
684 844 714 896 et
727 833 751 895 si
765 843 919 910 exerceat,
932 835 1121 914 irregularis
1133 837 1187 897 fit:

208 929 253 990 sie
264 927 439 1002 ordinatus,
448 926 605 1007 completi
615 933 717 998 aetate
730 933 835 1004 potest
843 925 987 986 ordinem
1000 935 1190 1005 susceptum

208 1034 371 1093 exercerer
392 1015 418 1078 si
431 1013 506 1076 verb
519 1024 608 1074 antea
624 1021 792 1086 exerceret,
811 1022 953 1091 peccaret
969 1014 1117 1092 quidem.
1135 1015 1190 1078 sei

212 1122 274 1166 non
298 1104 469 1166 incurreret
490 1102 764 1181 irregularitatem.
792 1099 964 1183 Suspensio
991 1101 1053 1165 tuit
1080 1102 1191 1164 ablata

204 1190 243 1254 C.
260 1192 318 1270 Ap.
334 1190 402 1255 Sed.

254 1286 423 1366 Episcopus
437 1289 538 1346 autem
553 1285 698 1346 ordinans
712 1281 841 1344 scienter
855 1279 1001 1360 aliquem,
1017 1286 1092 1343 ante
1107 1281 1203 1362 ipsius

215 1374 379 1454 legitimam
403 1377 543 1452 aetatem,
564 1371 758 1452 suspenditur
778 1371 795 1431 a
814 1368 974 1431 collatione
987 1371 1136 1432 omnium
1153 1390 1202 1433 or·

209 1463 334 1526 diuum.
358 1465 402 1524 lta
415 1463 620 1523 communiter
638 1480 676 1521 ex
699 1477 768 1541 cap.
793 1455 913 1519 Veterem
930 1465 973 1519 eat
991 1476 1131 1540 compes,
1152 1464 1200 1535 ll,

168 1581 169 1588 κ
218 1551 259 1613 De
285 1561 373 1633 temp.
395 1549 617 1612 ordin-Sed
634 1549 698 1610 haec
722 1546 881 1627 suspensio
903 1551 948 1607 est
972 1545 1109 1610 ferendae
1137 1566 1202 1609 sen-

210 1641 326 1704 tentiae.

255 1747 334 1810 Neto
355 1747 438 1827 qubd
463 1753 535 1808 aetas
557 1743 762 1825 computanda
784 1741 822 1804 sit
842 1744 860 1804 a
878 1741 928 1803 die
943 1742 1123 1820 nativitatis,
1139 1745 1200 1804 non

211 1836 286 1898 aerb
301 1834 461 1914 baptismi,
477 1835 522 1896 uti
537 1840 706 1896 constater
721 1850 788 1912 cap.
802 1833 820 1892 3
836 1837 865 1892 et
879 1829 962 1906 aliis,
978 1830 1049 1893 dist.
1068 1837 1122 1894 tt.

256 1933 379 1994 Certum
391 1938 435 1992 est
450 1929 548 2012 quod,
564 1937 650 1993 aetate
671 1947 733 1991 non
756 1927 922 2008 completi,
948 1928 1094 2009 Episcopi
1118 1931 1201 1992 nullu
1284 1901 1285 1948 ³

214 2019 308 2083 modo
330 2019 446 2100 possint
469 2020 501 2080 in
520 2019 577 2080 hac
596 2017 817 2098 irregularitate
838 2015 1034 2098 dispensare,
1049 2019 1144 2081 etiam
1164 2018 1200 2080 ad

212 2109 421 2172 exercendum
436 2108 560 2171 ordines
573 2114 642 2168 ante
654 2114 775 2170 aetatem
788 2113 953 2188 susceptos.

257 2220 327 2278 620.
345 2217 422 2276 -V.
445 2215 500 2276 Eat
513 2214 626 2296 defectu
636 2213 816 2276 sacrementi
828 2233 877 2275 seu
891 2233 929 2275 ea
944 2213 1089 2294 bigorniri.
1115 2217 1200 2298 Biga-
1283 2293 1284 2300 ἵ

217 2305 277 2368 mia
303 2305 334 2365 in
361 2322 398 2366 eo
416 2303 552 2364 consistit
577 2303 741 2383 quodquis
764 2320 835 2364 cum
860 2301 980 2364 duabus
993 2303 1041 2364 vel
1062 2305 1202 2385 pluribus

218 2392 364 2459 uxoribus
378 2391 605 2453 matrimonium
618 2391 796 2469 contrahat,
812 2391 873 2454 sire
887 2399 957 2452 ante
972 2391 1035 2453 sive
1047 2399 1120 2473 post
1131 2393 1202 2476 bap

214 2488 360 2557 tismum3
377 2489 450 2542 tunc
464 2481 547 2541 adest
567 2479 770 2560 irregularitas
792 2499 829 2540 ex
850 2479 971 2542 deiectu
993 2484 1199 2544 sacramenti:

214 2571 291 2652 quia
306 2570 330 2630 is
343 2618 350 2646 ,
365 2569 417 2651 qui
431 2569 507 2631 duas
519 2569 603 2630 duxit
618 2588 739 2644 uxores,
757 2587 818 2632 non
834 2575 931 2650 potest
944 2571 1014 2650 apte
1029 2571 1201 2651 significare

219 2660 365 2722 unionem
384 2658 490 2719 Christi
506 2677 578 2720 cum
597 2659 731 2720 Ecclesia
750 2657 838 2720 unica
858 2658 923 2737 ejus
940 2662 1063 2739 sponsa.
1081 2662 1200 2724 Constat

215 2767 255 2810 ex
270 2754 333 2808 toto
348 2748 434 2809 titulo
448 2746 493 2807 De
506 2746 664 2829 Bigomid;
681 2753 712 2809 et
726 2746 853 2809 infertur
868 2765 905 2808 ex
920 2746 967 2808 his
985 2750 1124 2829 Apostoli
1136 2771 1199 2813 rer·
1282 2815 1283 2824 ,

221 2836 287 2906 bis,
305 2839 319 2894 t
337 2834 374 2896 ad
389 2835 534 2911 Tirnoth.,
551 2856 578 2898 c.
593 2841 623 2912 3,
639 2856 667 2898 v.
682 2839 701 2899 3
718 2855 726 2897 :
743 2837 897 2917 «Oportet
911 2837 1100 2919 Episcopum
1112 2841 1200 2904 unius

226 2946 240 2984 a
262 2943 364 2986 uxoris
378 2941 443 2986 esse
458 2944 556 2987 virum
571 2947 601 2987 n.

260 3033 326 3091 Non
342 3030 376 3092 tit
397 3031 570 3110 irregularis
590 3033 770 3113 conjugatus
788 3037 840 3094 aut
859 3032 1000 3096 sacerdos
1018 3035 1199 3101 adulterium

217 3120 415 3183 eomnttttens
429 3137 500 3181 cum
515 3119 591 3182 aliis.

260 3218 380 3298 Triplex
394 3217 588 3298 distinguitur
602 3217 744 3300 bigamia,
758 3239 826 3282 vera
836 3238 958 3301 nempe,
971 3221 1198 3306 interpretation

219 3315 253 3371 oi
265 3306 526 3369 similitudinarie.

270 3406 346 3466 Vera
365 3412 409 3465 est
428 3402 551 3483 quando
573 3404 641 3484 quis
664 3424 735 3468 cum
759 3406 877 3469 duabus
900 3409 1072 3472 successive
1099 3429 1199 3476 rerum

222 3494 370 3554 contraxit
384 3492 631 3570 matrimonium,
648 3495 741 3557 modd
761 3503 926 3578 utrumque
945 3497 1035 3560 fuerit
1057 3517 1201 3564 consum-

226 3589 357 3680 matum,
374 3588 402 3680 et
417 3581 540 3661 quidem
555 3582 661 3643 saltem
676 3584 870 3664 probabiliter
884 3604 938 3668 per
949 3587 1110 3670 utriusque
1121 3591 1201 3653 semi·

227 3687 275 3728 nrs
289 3670 548 3733 commuttionem.

266 3763 498 3863 interpretativa
513 3767 623 3830 dicitur
636 3769 674 3832 de
688 3789 725 3834 eo
738 3772 807 3854 qui,
823 3773 955 3854 quddam
965 3774 1044 3858 iuris
1059 3777 1201 3862 interpre·
1280 3793 1281 3852 t

227 3856 341 3912 tattone
355 3869 408 3912 seu
425 3852 561 3925 fictione,
577 3865 718 3923 censetur
731 3860 806 3924 duas
817 3861 959 3926 babuisse
970 3883 1094 3936 uxores.
1102 3886 1200 3935 ouem·
