2616 4228
595 266 755 313 PRAEFANO.

246 369 293 437 Ex
312 371 434 462 quibus
453 373 709 444 animadvertere
736 377 903 464 poteritis,
933 381 1177 465 Amantissimi,

203 491 320 576 quanti
341 493 497 560 momenti
519 493 638 561 habeat
658 493 689 563 S.
717 494 863 564 Pontifex
882 507 939 582 ut,
970 499 1181 588 pticccatibas

204 613 368 682 erroribus
389 613 605 684 ecclesiastica
627 617 816 686 auctoritati
834 620 984 708 insaucia,
1007 623 1180 710 pertituros

126 805 130 812 ,
207 752 308 799 mana
322 731 419 819 sacili
445 735 603 816 tcmmdos,
624 735 680 804 fiat
694 737 874 826 oppositio,
899 747 930 808 et
941 742 1177 829 prospiciatur,

209 857 242 917 ut
256 871 448 920 succrescens
464 853 585 930 clerus,
608 861 702 943 atque
715 855 814 923 ctiam
829 857 892 924 atii
907 857 1024 926 exhinc
1047 859 1181 928 taarire

207 971 347 1057 passiat,
363 992 428 1038 aon
444 972 542 1040 arida
556 972 682 1040 tamtam
695 981 726 1041 et
738 975 907 1062 pancratio
923 977 1107 1066 principia,
1125 979 1181 1046 scd

205 1091 382 1179 practicam
398 1112 520 1181 quoquo
533 1113 643 1160 raram
657 1092 808 1162 notitiam
824 1095 860 1162 in
874 1116 971 1163 asam
988 1097 1182 1184 transferari-

193 1212 302 1292 ,dam,
329 1231 399 1301 aaa
431 1212 526 1302 objici
549 1212 655 1281 calcat
678 1215 861 1282 commentis
882 1236 954 1306 qua
973 1237 1032 1305 pcr
1054 1237 1181 1284 osorum

207 1330 243 1400 S.
261 1330 354 1400 Sectis
368 1339 454 1399 artos
467 1341 497 1399 et
508 1351 565 1420 pcr
579 1330 727 1400 leuiorem
736 1353 904 1402 sacrorum
916 1354 1073 1402 mamam
1088 1334 1182 1402 daus·

209 1461 278 1520 tum
300 1450 437 1541 jamdiir
460 1450 681 1520 incaluerant.
705 1450 767 1521 Ubi
789 1462 866 1520 nota
892 1453 1042 1542 apprime
1066 1455 1180 1522 ultima

209 1571 277 1641 haeo
296 1574 394 1641 verba
409 1591 488 1661 :par
507 1570 655 1640 taurorum
668 1591 834 1640 sacrorum
848 1593 1007 1641 maenam
1029 1573 1180 1641 haustum

207 1691 337 1785 iamdiu
356 1691 578 1760 incaluerant.
605 1691 734 1760 iudicio
750 1713 828 1781 ergo
848 1691 880 1764 S.
904 1693 1070 1764 Pontificis
1089 1716 1179 1764 com-

207 1818 313 1878 meatu
327 1831 413 1899 aaa,
432 1810 568 1901 jamdir'c
582 1818 693 1878 contra
715 1810 750 1879 S.
772 1811 904 1895 Sectam,
927 1811 1130 1889 invaluerant
1148 1828 1179 1882 ct

207 1929 304 1998 hodie
323 1930 506 2018 praesertim
519 1929 596 1998 totis
606 1929 732 1997 viribus
747 1930 786 1997 ad
801 1930 905 2018 ipsius
916 1931 1046 1999 ruinam
1061 1932 1178 2021 impel-

205 2051 297 2135 lunt,
320 2060 430 2118 ortum
450 2051 592 2134 habent,
614 2069 680 2118 nou
700 2051 805 2118 solium
827 2073 865 2119 ex
886 2072 1013 2120 osorum
1032 2051 1067 2122 S.
1085 2054 1178 2124 Sedis

205 2170 350 2250 arctato,
386 2171 440 2238 sed
477 2170 574 2238 etiam
607 2190 645 2239 en
675 2171 791 2240 leviori
822 2192 988 2240 sacrorum
1020 2195 1177 2245 munnam

207 2290 341 2370 hausta,
366 2299 398 2358 et
415 2291 478 2358 hoc
497 2265 661 2379 imprimis
682 2291 769 2380 apud
792 2311 853 2360 nos
880 2291 912 2358 in
938 2289 1061 2378 Gallid;
1091 2297 1178 2366 unde

206 2411 303 2502 Papa,
321 2411 413 2502 operi
435 2431 507 2480 meo
523 2411 693 2501 copiosum
708 2412 852 2480 fructum
866 2411 1062 2499 ominando,
1078 2416 1097 2483 d
1112 2415 1177 2485 Deo

205 2533 309 2622 poscit
326 2541 363 2601 at
375 2532 411 2600 id
423 2533 460 2599 irc
469 2533 574 2621 peratis
586 2552 662 2600 moa
670 2533 851 2621 prasertim
860 2531 1037 2602 utilitatem
1046 2547 1175 2622 vergat,

206 2664 256 2738 et,
280 2654 321 2722 ob
346 2652 432 2737 hoc,
455 2650 670 2741 Apostolicam
692 2651 948 2722 Bmcdictiorrcm
972 2665 1177 2743 peramanter

207 2773 285 2841 mihi
305 2772 459 2862 dignatur
482 2771 657 2861 impertiri.

247 2891 309 2959 Res
328 2888 519 2980 igituruium
540 2888 584 2956 ita
598 2888 682 2972 sint,
708 2907 775 2955 nou
790 2887 938 2956 breviare
960 2907 1042 2977 opus
1056 2890 1173 2978 praeta·

206 3021 291 3094 tum,
317 3010 372 3079 sed
400 3008 484 3078 sorte
502 3007 613 3098 potius
634 3027 755 3096 augere
774 3006 1021 3092 debuissemus,
1042 3010 1174 3098 quomi-

206 3132 266 3199 niis
278 3128 395 3220 majori
406 3129 526 3196 haustu
536 3127 660 3196 alumni
671 3147 839 3195 sacrorum
851 3147 1013 3195 canonum
1024 3129 1173 3201 notitiam

207 3252 338 3321 haurire
366 3250 519 3320 valerent.
551 3246 612 3317 Sed
643 3248 740 3337 quia,
764 3247 807 3314 ob
835 3247 1058 3316 necessitatem
1083 3250 1172 3319 inve-

207 3367 315 3435 niendi
331 3385 513 3455 congruum
529 3373 660 3453 tempus
672 3363 712 3432 ad
723 3382 838 3432 omnes
856 3364 1090 3434 ecclesiasticas
1104 3368 1171 3436 dis-

206 3457 339 3571 ciplinas
376 3480 616 3564 addiscendas,
656 3489 689 3548 et
728 3498 795 3548 non
831 3477 971 3546 nimium
1012 3483 1170 3550 onerandi

206 3609 374 3688 angustam
412 3597 691 3667 seminaristarum
723 3614 936 3677 crumenam,
975 3606 1024 3664 sat
1059 3597 1171 3685 pluras

206 3715 457 3785 seminariorum
470 3714 694 3784 moderatores
704 3711 792 3780 velut
804 3710 1005 3799 impossibile
1019 3723 1171 3804 reputent
1225 3806 1227 3810 ,
