2526 4210
453 257 537 339 11111
558 259 681 338 carnus·
984 269 1042 334 283

76 385 122 464 (v.
142 385 239 446 Bonis
253 387 290 446 de
302 384 463 464 Episcopo,
479 393 500 446 t.
517 384 555 459 ll,
568 405 599 467 p.
620 383 677 459 723
693 383 728 446 dc
744 382 905 463 Capitolia,
920 400 952 463 p.
967 379 1038 458 181,

70 482 108 536 11
123 474 226 536 aerae
241 473 292 535 des
305 473 435 536 scieoces
453 474 569 539 eccles..
586 471 757 553 utsupra).

120 561 191 623 110.
216 561 341 636 Quaerit.
369 562 402 623 2⁰
428 563 508 637 Quid
523 562 564 624 sit
584 559 788 624 sentiendum
812 559 852 622 de
868 558 964 624 modo
978 577 1041 642 quo

77 650 176 713 hodie
192 651 223 710 in
241 649 354 725 Gallia,
370 650 548 712 Seminaria
563 651 685 712 soleant
699 647 935 712 administrari?

107 753 199 832 Resp.
226 750 322 812 Hodie
344 749 376 811 in
399 749 492 812 Gallia
515 749 577 812 duo
602 749 782 832 regulariter
808 749 841 812 in
866 749 1049 830 unaquaque

61 839 190 902 tlioecesi
205 839 336 902 existunt
351 837 539 916 seminaria,
555 839 683 902 alterum
702 839 784 920 quod
796 843 917 901 vocatur
931 837 1048 917 majus,

63 947 100 1001 ,n
115 945 179 1008 qno
193 927 399 1009 superioribus
413 925 519 988 studiis
532 925 705 1008 Theologiae
718 927 871 1004 videlicet,
888 927 1052 1007 Scripturas

62 1019 190 1092 111111,
205 1016 272 1078 luri
286 1015 451 1092 canonico,
466 1021 538 1090 etc„
553 1022 695 1092 vacatnr3
716 1016 844 1079 alterum
860 1013 1052 1096 quodminus

63 1124 122 1170 arn
136 1122 266 1187 parvum
281 1103 484 1166 Seminarium
500 1111 710 1185 nuncupatur,
727 1105 757 1166 in
774 1124 835 1186 quo
850 1105 1052 1166 admittuntur

68 1193 187 1254 alumni
202 1193 412 1254 Grammaticae
426 1197 456 1252 et
469 1193 733 1270 Humanitatibus,
751 1202 779 1255 et
793 1194 947 1255 interdum
961 1192 1052 1254 etiam

69 1281 273 1362 Philosophiae
287 1280 457 1356 studenteS,
476 1280 543 1342 licet
559 1281 695 1344 nondum
707 1281 924 1344 duodecimum
936 1298 1051 1342 annum

69 1370 243 1450 attigerint,
265 1377 295 1430 et
313 1369 371 1430 hoc
386 1367 563 1447 regulariter
584 1389 641 1431 oon
662 1371 780 1432 omuind
792 1371 904 1451 gratis,
926 1371 980 1430 etsi
995 1369 1052 1430 sint

73 1476 241 1540 pauperes,
264 1475 321 1520 uec
336 1457 446 1538 pariter
466 1459 631 1532 tonsurati,
649 1459 711 1520 imd
724 1459 903 1539 plerumque
917 1458 1053 1518 animum

71 1565 134 1608 non
150 1545 297 1607 habentes
311 1553 421 1606 statum
436 1544 607 1607 clericalem
619 1545 833 1626 amplectendi,
850 1564 906 1606 nec
919 1545 1053 1606 habitum

63 1633 243 1696 clericalem
261 1641 431 1715 gestuum,
453 1633 507 1694 etsi
529 1639 640 1694 statum
659 1634 829 1695 clericalem
843 1632 980 1694 animum
999 1633 1055 1693 ha·

70 1727 168 1785 bearat
180 1721 375 1804 suscipiendi.
482 1741 484 1746 ’

113 1811 213 1876 Nullae
235 1810 387 1872 ordinarie
410 1810 610 1872 instituuntur
637 1809 894 1886 commissiones,
919 1827 976 1872 nec
1001 1828 1056 1891 pro

70 1899 241 1982 spirituali,
258 1918 315 1961 neo
329 1917 383 1978 pro
398 1899 555 1980 temporali
570 1898 737 1979 regimiue;
753 1899 806 1960 sed
820 1899 901 1960 solus
916 1899 1057 1960 adminis-

71 1995 132 2050 trat
146 1987 314 2069 Episcopus
327 2006 381 2069 per
396 2005 427 2048 se
442 1995 471 2047 et
486 2005 537 2066 per
554 1986 644 2061 alios,
658 1987 826 2068 praesertim
841 1988 1016 2069 Superiores
1028 1995 1057 2049 et

65 2095 253 2141 -oeconomos
263 2075 436 2154 hujusmodi
452 2075 691 2138 Seminari'orum
708 2098 715 2137 ε
732 2077 774 2138 111
793 2075 885 2138 etiam
900 2083 969 2137 ante
988 2095 1057 2158 per·

70 2163 281 2229 turbationem
298 2169 374 2227 1789
397 2183 445 2225 res
460 2183 492 2225 se
505 2164 656 2226 habebant
670 2163 751 2244 apud
767 2183 833 2238 nos,
847 2172 880 2225 nt
893 2172 1007 2225 constat
1021 2183 1058 2228 ex

72 2253 234 2318 illc'moires
246 2252 286 2314 du
302 2252 409 2333 Clergd
425 2262 455 2313 et
479 2253 602 2314 Durand
623 2252 661 2312 de
684 2253 835 2314 Maillane.
861 2252 942 2314 Solet
955 2259 1058 2314 tanren

71 2347 106 2406 in
122 2343 311 2422 unaquaque
336 2340 457 2402 dioecesi
472 2339 576 2401 adesse
590 2341 770 2402 Commissio
790 2341 978 2422 Episcopisa
994 2341 1059 2420 lege

69 2431 157 2495 civili
173 2429 328 2512 imposita,
344 2447 413 2511 quae
428 2428 549 2489 nonnisi
561 2448 615 2510 pro
629 2429 768 2510 negotiis,
780 2429 812 2490 in
828 2427 939 2509 quibus
953 2447 1058 2491 recur-

71 2538 128 2582 sns
143 2518 183 2580 ad
198 2517 386 2579 Gubernium
397 2526 442 2578 est
452 2517 654 2591 necessarius,
675 2516 851 2579 consulitur.
869 2517 911 2578 De
926 2519 962 2580 ea
978 2536 1060 2580 com·

71 2608 226 2670 missione
237 2605 379 2666 sichabet
390 2604 656 2668 llccretnmtinov.
674 2608 764 2682 1813,
779 2611 834 2667 ert.
853 2609 890 2667 l3
905 2625 912 2665 ε
930 2607 980 2668 ull
995 2626 1061 2672 sera

76 2724 91 2754 a
117 2694 218 2757 forme'
233 2712 309 2774 pour
329 2692 590 2755 l’adrninistration
604 2693 658 2756 des
678 2694 765 2757 biens
779 2694 821 2756 du
842 2695 1010 2757 Senrinaire
1022 2696 1061 2759 de

76 2810 92 2844 e
117 2783 239 2862 chaque
253 2782 390 2856 Diocese,
404 2799 447 2843 un
459 2780 573 2844 bureau
583 2784 727 2866 compose'
742 2783 779 2844 dc
794 2783 857 2845 l'un
868 2781 921 2845 des
929 2783 1062 2848 Vicaires

75 2899 91 2932 a
118 2871 299 2948 Generaux,
317 2869 369 2952 qui
388 2867 541 2960 presidere
560 2889 599 2932 en
619 2870 768 2936 l'absence
787 2872 824 2934 de
847 2860 1006 2954 illaeque,
1020 2875 1062 2937 du

74 2988 92 3022 a
120 2961 279 3020 Directeur
293 2967 322 3021 et
342 2959 380 3020 de
401 2959 576 3022 l'llconome
597 2959 638 3021 du
653 2961 831 3038 Seminane,
848 2968 877 3023 et
890 2961 963 3023 d'un
985 2983 1062 3043 qna-

76 3075 93 3110 1
120 3047 230 3110 triemc
245 3047 381 3109 membre
396 3047 588 3129 remplissant
610 3047 653 3108 les
668 3048 820 3111 fonctions
834 3049 876 3111 du
890 3050 1061 3126 Tre'sorier‚

77 3167 93 3200 a
119 3136 175 3226 qui
190 3153 258 3197 sere
271 3137 396 3197 nomme'
411 3155 465 3217 par
479 3137 506 3198 le
520 3137 658 3198 Ministre
669 3136 723 3198 des
737 3137 853 3213 cultos,
869 3156 921 3198 sur
931 3137 1013 3199 l’avis
1025 3138 1063 3200 de

76 3252 94 3288 ι
119 3225 265 3306 l’sveque
278 3231 309 3286 et
321 3223 364 3286 dn
379 3223 490 3285 Pretet.
505 3245 521 3282 1

121 3312 259 3375 Praetctae
270 3311 493 3394 dispositiones,
503 3315 628 3395 exceptt
640 3313 716 3376 forte
729 3312 875 3376 divisione
886 3314 1064 3378 seminario

70 3407 199 3472 riorum
214 3401 245 3462 in
260 3401 373 3480 Maiora
386 3407 416 3462 et
431 3400 563 3477 Minora,
586 3401 797 3478 adversantur,
817 3409 849 3464 nt
872 3409 970 3483 patet,
985 3423 1064 3485 prae·

68 3487 1064 3574 111111111111118.811111111111111111111111111111111111111111,

74 3586 92 3644 a
110 3578 203 3642 nobis
215 3579 279 3658 jam
293 3578 440 3659 exagitata
455 3580 485 3639 in
501 3578 743 3660 Prolegomenis,
759 3599 798 3641 an
814 3588 924 3643 nostrae
936 3599 1080 3674 consue·¹

70 3669 207 3734 tudines
218 3666 380 3750 praevalere
395 3667 511 3750 possint
524 3669 658 3730 Decretis
674 3667 788 3750 praefati
801 3670 936 3732 Concilii.

122 3756 281 3836 Quidquid
308 3755 372 3830 sit,
400 3758 471 3817 cirm
508 3758 630 3818 Decreta
658 3757 781 3818 Concilii
809 3758 976 3821 Tridentini
1003 3761 1066 3820 tim

1236 173 1239 260 1

1234 266 1240 342 ’1

1239 376 1241 436 1

1240 476 1242 542 1
