2590 4214
502 265 587 310 crura
609 265 726 310 ennius.
1044 257 1102 314 itt

133 382 197 445 apso
209 363 288 444 secto
302 363 442 425 ellectum
456 361 574 437 induci,
590 362 642 423 sed
659 362 812 442 requirant
826 372 857 428 ut
871 386 959 447 poena
975 368 991 428 a
1005 366 1114 444 judico-

125 451 296 532 ‘indigetun
312 456 427 513 certum
437 458 481 513 est
494 467 556 512 non
566 469 631 513 esse.
646 469 818 514 sermonem
828 454 866 516 dc
876 455 1105 537 irregularitate.'

170 541 202 602 Si
219 540 300 622 quod
316 545 448 602 statuunt
466 557 531 602 esse
553 539 805 621 impedimentum
822 543 859 604 ad
873 545 994 606 ordines
1008 544 1105 606 susei-

131 620 260 712 piendos
281 629 328 691 rel
350 628 533 690 exercendos
563 633 688 708 peccato
716 639 820 708 vacat,
845 651 906 694 non
930 639 1026 714 potest
1041 651 1105 694 esso

132 737 263 782 censura
274 766 281 792 ,
293 717 346 780 sed
358 725 403 779 est
416 717 620 796 irregularitas
633 716 803 798 eedeseetu.

171 807 245 868 Haec
258 806 348 868 rerba
366 826 373 866 :
392 804 432 868 ad
451 803 678 866 mim'rtrondum
697 825 755 867 oon
773 808 891 870 oeeedol
910 829 922 873 .·
942 811 979 871 ob
999 811 1106 872 altoris

132 895 302 980 nrinisterio
315 895 472 970 abstineo-t,
484 895 529 956 rel
539 894 571 955 tn
580 895 672 956 socm's
686 894 839 958 ordinibus
848 918 904 959 non
914 899 1106 960 debetmr'nis·

132 994 226 1060 trare,
242 1002 304 1046 non
318 983 494 1063 iudicantur
509 983 651 1045 inducere
666 983 933 1064 irregularitatem:
953 986 1021 1068 quia
1036 1005 1107 1048 sus·

133 1071 273 1152 pensioni
296 1073 384 1153 reque
404 1071 599 1135 conveniunt.
625 1074 755 1134 Eoontra
770 1083 930 1156 sequentes
946 1074 1082 1137 formulae

132 1181 283 1244 uunquam
298 1161 472 1236 aretinorum
488 1181 547 1222 oon
560 1169 600 1221 est
613 1159 813 1238 ordr‘uondm3
832 1163 864 1224 in
878 1164 988 1226 olerum
1001 1164 1071 1225 null
1091 1195 1107 1210 ι

132 1250 1106 1334 leonsamitteteretsimilescertdexprimuntirregularitatem.

173 1343 243 1402 598.
268 1339 326 1402 Sed
345 1339 464 1421 quaerit.
483 1343 515 1400 ιο
531 1342 576 1399 dn
594 1339 663 1418 quis
681 1339 819 1402 indubio
837 1341 945 1404 debeat
965 1349 1109 1422 tanquam

134 1428 332 1514 irregularem
349 1447 381 1490 se
396 1428 526 1510 gerere?

174 1521 265 1598 Resp.
280 1522 312 1580 l⁰
327 1517 357 1580 Si
371 1517 487 1579 dubitet
500 1522 624 1597 propter
638 1517 844 1594 scrupulosos
860 1519 972 1580 levibus
986 1519 1108 1580 rationi-

132 1607 209 1682 bus,
222 1606 268 1668 vel
289 1605 314 1668 si
336 1607 401 1684 eJ'us
423 1605 551 1666 dubium
573 1605 611 1666 sit
632 1606 806 1684 negativum
825 1625 877 1668 seu
899 1607 1109 1687 suspensivum

133 1695 234 1758 nullas
249 1693 365 1756 habens
379 1695 510 1756 rationes
524 1711 579 1774 pro
593 1699 646 1754 out
659 1699 779 1764 contra.
803 1693 862 1755 tale
881 1694 1008 1756 dubium
1025 1695 1109 1757 nihili

133 1790 180 1846 est
194 1782 378 1845 laciendum.

175 1877 206 1934 2⁰
229 1873 259 1934 Si
275 1873 403 1934 dubium
418 1871 455 1933 sit
470 1870 631 1951 positivum
647 1889 655 1932 ε
672 1876 741 1932 aule
754 1871 939 1952 diligentiam
957 1872 995 1934 ad
1009 1873 1110 1936 verita·

133 1973 197 2024 tem
212 1961 423 2043 inquirendam
434 2007 442 2035 ,
454 1959 583 2040 quisque
594 1959 684 2020 debet
697 1977 729 2021 se
741 1978 846 2040 gerere
855 1965 889 2021 ut
901 1959 1106 2041 irregularem,

136 2051 192 2112 nisi
223 2049 320 2132 gravis
348 2049 509 2110 necessitas
533 2053 659 2127 urgeat,
684 2066 711 2110 v.
733 2068 762 2127 g.
788 2049 811 2108 si
837 2049 955 2110 occasio
974 2054 1110 2113 occurrat

133 2137 301 2221 recipiendi
316 2138 442 2200 Ordines
457 2144 508 2198 aut
523 2135 717 2198 beneficium.
734 2137 804 2197 Post
817 2137 889 2198 vero
903 2137 1103 2217 diligentiam,

134 2229 161 2290 si
174 2227 301 2290 dubium
316 2231 490 2287 remaneat:
509 2223 554 2284 vel
565 2223 691 2285 dubium
706 2230 752 2285 est
763 2224 850 2302 juris,
863 2224 887 2284 si
903 2243 1012 2306 nempe
1025 2225 1109 2287 duln-

135 2321 217 2379 tetur
232 2333 270 2377 an
286 2313 489 2394 irregularitas
503 2315 699 2392 exprimatur,
723 2330 836 2388 necne,
853 2313 883 2372 in
899 2313 979 2393 loge,
995 2322 1024 2375 et
1037 2320 1109 2376 tunc

133 2405 278 2467 dubitans
304 2408 401 2483 potest
426 2419 458 2463 se
481 2401 592 2462 habere
610 2406 643 2462 ul
666 2418 728 2464 non
750 2400 941 2481 irregularis,
967 2403 1038 2482 quia
1065 2403 1108 2480 len

133 2494 228 2556 dubia
242 2511 302 2554 non
318 2491 450 2571 obligat:
466 2489 505 2550 its
516 2490 738 2564 communiter;
754 2489 799 2549 rel
816 2489 943 2550 dubium
958 2497 1004 2550 est
1018 2490 1109 2566 sacti,

134 2602 175 2644 su
199 2579 334 2643 videlicet
352 2578 511 2660 patraverit
531 2577 647 2639 crimen
671 2577 920 2658 irregularitatem
943 2578 1109 2655 inducens;

134 2678 167 2734 et
179 2669 382 2732 tunciterum
400 2665 652 2746 distinguendum
665 2673 728 2727 est:
751 2672 804 2726 out
821 2667 904 2726 enim
924 2668 1050 2748 quaestio
1067 2679 1111 2731 est

133 2759 175 2821 de
189 2757 367 2821 criminibus
387 2760 495 2836 praeter
517 2754 734 2831 homicidium,
750 2762 802 2818 aut
822 2754 860 2817 de
874 2753 1037 2818 homicidio
1051 2759 1112 2839 agi·

85 2904 89 2910 .
135 2856 211 2910 tur:
240 2847 264 2908 si
292 2846 390 2927 prius,
413 2843 560 2925 quidquid
583 2843 714 2905 dixerint
733 2845 882 2919 Consiua,
897 2848 1025 2922 Toum,
1047 2848 1110 2908 lla·

135 2939 218 3012 lrert,
229 2942 286 2996 etc.
301 2980 309 3010 ,
327 2933 472 2996 sententia
488 2933 660 2994 communis
674 2939 703 2994 el
717 2933 813 2994 verior
828 2939 910 2994 tenet
920 2933 1013 2994 talem
1027 2934 1111 2995 duln-

134 3031 251 3086 lantem
266 3040 328 3084 non
343 3021 453 3082 debere
468 3021 499 3082 in
514 3021 571 3081 illis
585 3020 858 3101 casibustanquam
871 3021 1066 3100 irregularem
1078 3041 1109 3084 so

135 3121 296 3194 reputare:
310 3111 382 3192 quie
394 3107 540 3170 odiosum
554 3107 771 3188 restringendm
785 3108 810 3168 si
824 3109 983 3188 posterius,
1001 3127 1109 3191 nempe

135 3201 162 3262 si
176 3201 244 3281 quis
253 3199 370 3262 dubitet
382 3216 422 3259 an
436 3196 595 3278 patraverit
609 3195 825 3271 homicidium,
840 3201 915 3257 tunc
928 3196 1037 3258 adsunt
1051 3204 1110 3260 tres

135 3287 316 3352 sententie:
335 3308 352 3347 c
368 3285 427 3350 Sed
440 3285 552 3360 veriirs,
570 3284 670 3364 inquit
682 3286 714 3346 S.
730 3284 866 3364 Lignum,
882 3284 933 3345 lib.
949 3289 979 3360 7,
993 3295 1025 3344 ηο
1037 3287 1107 3358 34ῖ,

138 3399 156 3436 n
175 3376 342 3440 tenendum
352 3392 424 3438 cum
437 3373 605 3449 communi,
618 3373 701 3434 huno
712 3373 743 3434 in
755 3381 883 3454 utroque
895 3371 961 3434 foro
973 3371 1109 3452 (externo

138 3488 155 3525 o
176 3466 290 3529 scilicet
308 3472 338 3528 et
361 3465 490 3538 interno)
508 3461 708 3540 judicandum
729 3480 794 3523 esse
815 3461 1010 3540 irregularem
1027 3483 1057 3538 n;
1081 3470 1109 3526 et

137 3555 327 3638 probaturos
342 3571 409 3634 cap.
426 3549 616 3633 significasti
624 3598 633 3625 ,
649 3569 715 3631 oap.
730 3549 779 3613 Ad
791 3547 986 3627 audientiam,
998 3557 1027 3614 el
1041 3571 1106 3635 cap.

134 3643 304 3729 penultimo
317 3642 362 3706 De
375 3639 562 3705 Homicidia,
575 3639 627 3701 ubi
642 3639 709 3701 data
725 3639 818 3716 ratio,
834 3638 915 3719 quod
938 3657 1006 3720 pars
1019 3643 1108 3705 tutior

134 3738 182 3796 est
195 3731 396 3814 eligendam
410 3739 540 3808 utroque
553 3745 619 3789 roro
634 3727 827 3806 intelligendu
841 3734 895 3788 est.
