<?xml version="1.0" encoding="UTF-8"?>
<!DOCTYPE html PUBLIC "-//W3C//DTD XHTML 1.0 Transitional//EN"
    "http://www.w3.org/TR/xhtml1/DTD/xhtml1-transitional.dtd">
<html xmlns="http://www.w3.org/1999/xhtml" xml:lang="en" lang="en">
 <head>
  <title>
</title>
<meta http-equiv="Content-Type" content="text/html;charset=utf-8" />
  <meta name='ocr-system' content='tesseract 3.04.00' />
  <meta name='ocr-capabilities' content='ocr_page ocr_carea ocr_par ocr_line ocrx_word'/>
</head>
<body>
  <div class='ocr_page' id='page_1' title='image "./elementajurisca01craigoog_0513.png"; bbox 0 0 2590 4214; ppageno 0'>
   <div class='ocr_carea' id='block_1_1' title="bbox 184 269 880 330">
    <p class='ocr_par' dir='ltr' id='par_1_1' title="bbox 184 269 880 330">
     <span class='ocr_line' id='line_1_1' title="bbox 184 269 880 330; baseline -0.019 -2"><span class='ocrx_word' id='word_1_1' title='bbox 184 269 241 330; x_wconf 73' lang='grc'><strong>486</strong></span> <span class='ocrx_word' id='word_1_2' title='bbox 454 275 607 320; x_wconf 77' lang='lat' dir='ltr'><strong>recuruum</strong></span> <span class='ocrx_word' id='word_1_3' title='bbox 628 273 709 317; x_wconf 80' lang='lat' dir='ltr'><strong>runis</strong></span> <span class='ocrx_word' id='word_1_4' title='bbox 731 272 880 316; x_wconf 70' lang='lat' dir='ltr'><strong>cononum.</strong></span> 
     </span>
    </p>
   </div>
   <div class='ocr_carea' id='block_1_2' title="bbox 185 367 1172 721">
    <p class='ocr_par' dir='ltr' id='par_1_2' title="bbox 185 367 1172 633">
     <span class='ocr_line' id='line_1_2' title="bbox 185 367 1170 460; baseline -0.014 -19"><span class='ocrx_word' id='word_1_5' title='bbox 185 397 278 460; x_wconf 85' lang='lat' dir='ltr'><strong>copus</strong></span> <span class='ocrx_word' id='word_1_6' title='bbox 295 375 346 456; x_wconf 87' lang='lat' dir='ltr'><strong>qui</strong></span> <span class='ocrx_word' id='word_1_7' title='bbox 364 392 396 436; x_wconf 90' lang='lat' dir='ltr'><strong>se</strong></span> <span class='ocrx_word' id='word_1_8' title='bbox 416 374 477 454; x_wconf 77' lang='lat' dir='ltr'><strong>iuri</strong></span> <span class='ocrx_word' id='word_1_9' title='bbox 502 371 658 435; x_wconf 91' lang='lat' dir='ltr'><strong>communi</strong></span> <span class='ocrx_word' id='word_1_10' title='bbox 679 370 821 431; x_wconf 81' lang='lat' dir='ltr'><strong>institisse</strong></span> <span class='ocrx_word' id='word_1_11' title='bbox 847 369 1064 432; x_wconf 78' lang='lat' dir='ltr'><strong>existimdrunt</strong></span> <span class='ocrx_word' id='word_1_12' title='bbox 1087 367 1170 428; x_wconf 90' lang='lat' dir='ltr'><strong>inhi·</strong></span> 
     </span>
     <span class='ocr_line' id='line_1_3' title="bbox 187 455 1172 540; baseline -0.013 -12"><span class='ocrx_word' id='word_1_13' title='bbox 187 465 287 528; x_wconf 84' lang='lat' dir='ltr'>hendo</span> <span class='ocrx_word' id='word_1_14' title='bbox 301 462 429 537; x_wconf 79' lang='lat' dir='ltr'><strong>clericis,</strong></span> <span class='ocrx_word' id='word_1_15' title='bbox 442 481 480 522; x_wconf 88' lang='lat' dir='ltr'><strong>ne</strong></span> <span class='ocrx_word' id='word_1_16' title='bbox 494 482 559 522; x_wconf 85' lang='lat' dir='ltr'><strong>cum</strong></span> <span class='ocrx_word' id='word_1_17' title='bbox 570 459 633 521; x_wconf 75' lang='lat' dir='ltr'><strong>ullo</strong></span> <span class='ocrx_word' id='word_1_18' title='bbox 643 478 768 540; x_wconf 84' lang='lat' dir='ltr'><strong>prorsus</strong></span> <span class='ocrx_word' id='word_1_19' title='bbox 776 457 900 540; x_wconf 73' lang='lat' dir='ltr'><strong>seminet,</strong></span> <span class='ocrx_word' id='word_1_20' title='bbox 913 457 983 520; x_wconf 90' lang='lat' dir='ltr'><strong>licet</strong></span> <span class='ocrx_word' id='word_1_21' title='bbox 997 455 1172 518; x_wconf 88' lang='lat' dir='ltr'><strong>arctissimo</strong></span> 
     </span>
     <span class='ocr_line' id='line_1_4' title="bbox 188 545 1010 633; baseline -0.012 -17"><span class='ocrx_word' id='word_1_22' title='bbox 188 554 243 616; x_wconf 85' lang='lat' dir='ltr'><strong>sibi</strong></span> <span class='ocrx_word' id='word_1_23' title='bbox 257 551 525 633; x_wconf 80' lang='lat' dir='ltr'><strong>consonpur&#39;oitutis</strong></span> <span class='ocrx_word' id='word_1_24' title='bbox 538 569 616 610; x_wconf 79' lang='lat' dir='ltr'><strong>neca</strong></span> <span class='ocrx_word' id='word_1_25' title='bbox 629 548 781 624; x_wconf 77' lang='lat' dir='ltr'><strong>obstrictu,</strong></span> <span class='ocrx_word' id='word_1_26' title='bbox 795 545 1010 610; x_wconf 72' lang='lat' dir='ltr'><em>cohabitarent.</em></span> 
     </span>
    </p>

    <p class='ocr_par' dir='ltr' id='par_1_3' title="bbox 234 631 1172 721">
     <span class='ocr_line' id='line_1_5' title="bbox 234 631 1172 721; baseline -0.01 -20"><span class='ocrx_word' id='word_1_27' title='bbox 234 645 335 703; x_wconf 83' lang='lat' dir='ltr'><strong>uNon</strong></span> <span class='ocrx_word' id='word_1_28' title='bbox 358 647 516 721; x_wconf 86' lang='lat' dir='ltr'><strong>propterea</strong></span> <span class='ocrx_word' id='word_1_29' title='bbox 538 646 656 710; x_wconf 90' lang='lat' dir='ltr'><strong>tamen,</strong></span> <span class='ocrx_word' id='word_1_30' title='bbox 676 637 776 716; x_wconf 83' lang='lat' dir='ltr'><strong>pergit</strong></span> <span class='ocrx_word' id='word_1_31' title='bbox 792 636 987 698; x_wconf 89' lang='lat' dir='ltr'><strong>doctissimus</strong></span> <span class='ocrx_word' id='word_1_32' title='bbox 1006 631 1172 706; x_wconf 72' lang='lat' dir='ltr'><strong>Pontifex,</strong></span> 
     </span>
    </p>
   </div>
   <div class='ocr_carea' id='block_1_3' title="bbox 195 722 1178 1338">
    <p class='ocr_par' dir='ltr' id='par_1_4' title="bbox 195 722 1178 1338">
     <span class='ocr_line' id='line_1_6' title="bbox 197 722 1175 807; baseline -0.01 -17"><span class='ocrx_word' id='word_1_33' title='bbox 197 754 210 790; x_wconf 84' lang='grc' dir='ltr'>ι</span> <span class='ocrx_word' id='word_1_34' title='bbox 231 729 481 792; x_wconf 83' lang='lat' dir='ltr'><strong>constitutionem</strong></span> <span class='ocrx_word' id='word_1_35' title='bbox 492 726 710 807; x_wconf 86' lang='lat' dir='ltr'><strong>improbamus,</strong></span> <span class='ocrx_word' id='word_1_36' title='bbox 721 722 1088 805; x_wconf 79' lang='lat' dir='ltr'><strong>qudEpiscopusomnem</strong></span> <span class='ocrx_word' id='word_1_37' title='bbox 1099 737 1175 782; x_wconf 90' lang='lat' dir='ltr'><strong>cum</strong></span> 
     </span>
     <span class='ocr_line' id='line_1_7' title="bbox 195 809 1175 888; baseline -0.011 -9"><span class='ocrx_word' id='word_1_38' title='bbox 195 842 211 879; x_wconf 75' lang='lat' dir='ltr'><strong>c</strong></span> <span class='ocrx_word' id='word_1_39' title='bbox 232 817 408 880; x_wconf 88' lang='lat' dir='ltr'><strong>mulieribus</strong></span> <span class='ocrx_word' id='word_1_40' title='bbox 426 815 679 877; x_wconf 80' lang='lat' dir='ltr'><strong>cohabitationem</strong></span> <span class='ocrx_word' id='word_1_41' title='bbox 701 813 817 876; x_wconf 81' lang='lat' dir='ltr'><strong>clericis</strong></span> <span class='ocrx_word' id='word_1_42' title='bbox 836 813 1017 888; x_wconf 84' lang='lat' dir='ltr'><strong>interdicat,</strong></span> <span class='ocrx_word' id='word_1_43' title='bbox 1033 809 1094 871; x_wconf 92' lang='lat' dir='ltr'><strong>nisi</strong></span> <span class='ocrx_word' id='word_1_44' title='bbox 1108 809 1175 888; x_wconf 87' lang='lat' dir='ltr'><strong>ipse</strong></span> 
     </span>
     <span class='ocr_line' id='line_1_8' title="bbox 196 898 1176 989; baseline -0.011 -21"><span class='ocrx_word' id='word_1_45' title='bbox 196 931 211 968; x_wconf 83' lang='lat' dir='ltr'><strong>c</strong></span> <span class='ocrx_word' id='word_1_46' title='bbox 231 908 316 989; x_wconf 82' lang='lat' dir='ltr'><strong>prius</strong></span> <span class='ocrx_word' id='word_1_47' title='bbox 333 904 510 967; x_wconf 87' lang='lat' dir='ltr'><strong>earumdem</strong></span> <span class='ocrx_word' id='word_1_48' title='bbox 537 902 733 984; x_wconf 88' lang='lat' dir='ltr'><strong>qualitatibus</strong></span> <span class='ocrx_word' id='word_1_49' title='bbox 753 901 950 979; x_wconf 86' lang='lat' dir='ltr'><strong>examinatis,</strong></span> <span class='ocrx_word' id='word_1_50' title='bbox 971 900 1056 962; x_wconf 90' lang='lat' dir='ltr'><strong>illam</strong></span> <span class='ocrx_word' id='word_1_51' title='bbox 1080 898 1176 978; x_wconf 75' lang='lat' dir='ltr'><strong>pravd</strong></span> 
     </span>
     <span class='ocr_line' id='line_1_9' title="bbox 197 985 1176 1075; baseline -0.01 -21"><span class='ocrx_word' id='word_1_52' title='bbox 197 1018 212 1054; x_wconf 80' lang='lat' dir='ltr'><strong>a</strong></span> <span class='ocrx_word' id='word_1_53' title='bbox 232 995 405 1075; x_wconf 81' lang='lat' dir='ltr'><strong>suspicione</strong></span> <span class='ocrx_word' id='word_1_54' title='bbox 419 1009 524 1054; x_wconf 85' lang='lat' dir='ltr'><strong>vacare</strong></span> <span class='ocrx_word' id='word_1_55' title='bbox 538 991 730 1071; x_wconf 89' lang='lat' dir='ltr'><strong>compererit.</strong></span> <span class='ocrx_word' id='word_1_56' title='bbox 750 1012 765 1049; x_wconf 84' lang='lat' dir='ltr'><strong>n</strong></span> <span class='ocrx_word' id='word_1_57' title='bbox 785 990 843 1070; x_wconf 85' lang='lat' dir='ltr'><strong>(De</strong></span> <span class='ocrx_word' id='word_1_58' title='bbox 855 990 950 1070; x_wconf 77' lang='lat' dir='ltr'><strong>Syru,</strong></span> <span class='ocrx_word' id='word_1_59' title='bbox 964 987 1006 1050; x_wconf 90' lang='lat' dir='ltr'><strong>ib.</strong></span> <span class='ocrx_word' id='word_1_60' title='bbox 1019 1035 1029 1064; x_wconf 98' lang='lat'><strong>,</strong></span> <span class='ocrx_word' id='word_1_61' title='bbox 1043 986 1099 1048; x_wconf 94' lang='lat' dir='ltr'><strong>ubi</strong></span> <span class='ocrx_word' id='word_1_62' title='bbox 1114 985 1176 1065; x_wconf 84' lang='lat' dir='ltr'><strong>legi</strong></span> 
     </span>
     <span class='ocr_line' id='line_1_10' title="bbox 195 1071 1178 1164; baseline -0.012 -19"><span class='ocrx_word' id='word_1_63' title='bbox 195 1090 289 1164; x_wconf 85' lang='lat' dir='ltr'><strong>potest</strong></span> <span class='ocrx_word' id='word_1_64' title='bbox 299 1085 449 1144; x_wconf 74' lang='lat' dir='ltr'><strong>statutum</strong></span> <span class='ocrx_word' id='word_1_65' title='bbox 460 1082 490 1141; x_wconf 89' lang='lat' dir='ltr'><strong>S.</strong></span> <span class='ocrx_word' id='word_1_66' title='bbox 502 1079 601 1141; x_wconf 84' lang='lat' dir='ltr'><strong>Caroli</strong></span> <span class='ocrx_word' id='word_1_67' title='bbox 612 1080 774 1140; x_wconf 85' lang='lat' dir='ltr'><strong>Borromaei</strong></span> <span class='ocrx_word' id='word_1_68' title='bbox 786 1079 817 1139; x_wconf 94' lang='lat' dir='ltr'><strong>in</strong></span> <span class='ocrx_word' id='word_1_69' title='bbox 827 1077 1049 1152; x_wconf 82' lang='lat' dir='ltr'><strong>eodemsensu,</strong></span> <span class='ocrx_word' id='word_1_70' title='bbox 1059 1071 1178 1154; x_wconf 87' lang='lat' dir='ltr'><strong>etquid</strong></span> 
     </span>
     <span class='ocr_line' id='line_1_11' title="bbox 195 1160 1178 1252; baseline -0.011 -20"><span class='ocrx_word' id='word_1_71' title='bbox 195 1174 319 1252; x_wconf 89' lang='lat' dir='ltr'><strong>ipsemet</strong></span> <span class='ocrx_word' id='word_1_72' title='bbox 340 1169 519 1230; x_wconf 89' lang='lat' dir='ltr'><strong>Benedictus</strong></span> <span class='ocrx_word' id='word_1_73' title='bbox 537 1170 603 1229; x_wconf 89' lang='lat' dir='ltr'><strong>XlV</strong></span> <span class='ocrx_word' id='word_1_74' title='bbox 623 1169 758 1230; x_wconf 87' lang='lat' dir='ltr'><strong>statuerit</strong></span> <span class='ocrx_word' id='word_1_75' title='bbox 778 1167 854 1228; x_wconf 93' lang='lat' dir='ltr'><strong>dum</strong></span> <span class='ocrx_word' id='word_1_76' title='bbox 872 1173 951 1228; x_wconf 86' lang='lat' dir='ltr'><strong>esset</strong></span> <span class='ocrx_word' id='word_1_77' title='bbox 969 1160 1178 1227; x_wconf 86' lang='lat' dir='ltr'><strong>Bononiensis</strong></span> 
     </span>
     <span class='ocr_line' id='line_1_12' title="bbox 198 1257 423 1338; baseline -0.013 -18"><span class='ocrx_word' id='word_1_78' title='bbox 198 1257 423 1338; x_wconf 73' lang='lat' dir='ltr'><strong>archipresul.)</strong></span> 
     </span>
    </p>
   </div>
   <div class='ocr_carea' id='block_1_4' title="bbox 197 1341 1287 1508">
    <p class='ocr_par' dir='ltr' id='par_1_5' title="bbox 197 1327 1287 1508">
     <span class='ocr_line' id='line_1_13' title="bbox 236 1341 1178 1426; baseline -0.009 -19"><span class='ocrx_word' id='word_1_79' title='bbox 236 1346 340 1418; x_wconf 83' lang='lat' dir='ltr'><strong>Quoad</strong></span> <span class='ocrx_word' id='word_1_80' title='bbox 353 1363 459 1426; x_wconf 81' lang='lat' dir='ltr'><strong>prunas</strong></span> <span class='ocrx_word' id='word_1_81' title='bbox 471 1345 544 1406; x_wconf 81' lang='lat' dir='ltr'><strong>lates</strong></span> <span class='ocrx_word' id='word_1_82' title='bbox 556 1351 661 1407; x_wconf 87' lang='lat' dir='ltr'><strong>contra</strong></span> <span class='ocrx_word' id='word_1_83' title='bbox 675 1346 803 1408; x_wconf 87' lang='lat' dir='ltr'><strong>ciericos</strong></span> <span class='ocrx_word' id='word_1_84' title='bbox 816 1363 888 1408; x_wconf 89' lang='lat' dir='ltr'><strong>cum</strong></span> <span class='ocrx_word' id='word_1_85' title='bbox 902 1341 1087 1406; x_wconf 91' lang='lat' dir='ltr'><strong>mulieribus</strong></span> <span class='ocrx_word' id='word_1_86' title='bbox 1098 1356 1178 1401; x_wconf 88' lang='lat' dir='ltr'><strong>eon·</strong></span> 
     </span>
     <span class='ocr_line' id='line_1_14' title="bbox 197 1429 1287 1508; baseline -0.007 -12"><span class='ocrx_word' id='word_1_87' title='bbox 197 1442 243 1498; x_wconf 85' lang='lat' dir='ltr'><strong>tra</strong></span> <span class='ocrx_word' id='word_1_88' title='bbox 257 1434 382 1497; x_wconf 88' lang='lat' dir='ltr'><strong>vetitum</strong></span> <span class='ocrx_word' id='word_1_89' title='bbox 397 1439 631 1508; x_wconf 88' lang='lat' dir='ltr'><strong>commorantes,</strong></span> <span class='ocrx_word' id='word_1_90' title='bbox 643 1435 710 1498; x_wconf 87' lang='lat' dir='ltr'><strong>vide</strong></span> <span class='ocrx_word' id='word_1_91' title='bbox 721 1441 859 1497; x_wconf 91' lang='lat' dir='ltr'><strong>nostrum</strong></span> <span class='ocrx_word' id='word_1_92' title='bbox 873 1431 1028 1500; x_wconf 84' lang='lat' dir='ltr'><strong>Manuale,</strong></span> <span class='ocrx_word' id='word_1_93' title='bbox 1045 1429 1090 1492; x_wconf 72' lang='lat' dir='ltr'><strong>nr.</strong></span> <span class='ocrx_word' id='word_1_94' title='bbox 1100 1431 1177 1500; x_wconf 80' lang='lat'><strong>559,</strong></span> <span class='ocrx_word' id='word_1_95' title='bbox 1286 1467 1287 1470; x_wconf 56' lang='lat'><em>=</em></span> 
     </span>
    </p>
   </div>
   <div class='ocr_carea' id='block_1_5' title="bbox 155 1606 1180 2312">
    <p class='ocr_par' dir='ltr' id='par_1_6' title="bbox 155 1606 1180 1956">
     <span class='ocr_line' id='line_1_15' title="bbox 240 1606 1179 1674; baseline -0.007 0"><span class='ocrx_word' id='word_1_96' title='bbox 240 1615 309 1674; x_wconf 72' lang='grc'><strong>648.</strong></span> <span class='ocrx_word' id='word_1_97' title='bbox 325 1614 361 1673; x_wconf 93' lang='lat' dir='ltr'><strong>ll.</strong></span> <span class='ocrx_word' id='word_1_98' title='bbox 378 1612 481 1673; x_wconf 85' lang='lat' dir='ltr'><strong>Lucus</strong></span> <span class='ocrx_word' id='word_1_99' title='bbox 496 1611 656 1674; x_wconf 78' lang='lat' dir='ltr'><strong>secutoris.</strong></span> <span class='ocrx_word' id='word_1_100' title='bbox 672 1613 716 1673; x_wconf 91' lang='lat' dir='ltr'><strong>De</strong></span> <span class='ocrx_word' id='word_1_101' title='bbox 730 1611 803 1673; x_wconf 85' lang='lat' dir='ltr'><strong>luxu</strong></span> <span class='ocrx_word' id='word_1_102' title='bbox 816 1613 835 1674; x_wconf 82' lang='lat' dir='ltr'><strong>lt</strong></span> <span class='ocrx_word' id='word_1_103' title='bbox 852 1610 970 1674; x_wconf 84' lang='lat' dir='ltr'><strong>clericis</strong></span> <span class='ocrx_word' id='word_1_104' title='bbox 983 1606 1110 1671; x_wconf 84' lang='lat' dir='ltr'><strong>vitando</strong></span> <span class='ocrx_word' id='word_1_105' title='bbox 1134 1607 1179 1667; x_wconf 94' lang='lat' dir='ltr'><strong>in·</strong></span> 
     </span>
     <span class='ocr_line' id='line_1_16' title="bbox 202 1695 1180 1782; baseline -0.007 -20"><span class='ocrx_word' id='word_1_106' title='bbox 202 1701 319 1762; x_wconf 89' lang='lat' dir='ltr'><strong>numeri</strong></span> <span class='ocrx_word' id='word_1_107' title='bbox 331 1718 463 1762; x_wconf 88' lang='lat' dir='ltr'><strong>canones</strong></span> <span class='ocrx_word' id='word_1_108' title='bbox 473 1701 647 1780; x_wconf 87' lang='lat' dir='ltr'><strong>loquuntur,</strong></span> <span class='ocrx_word' id='word_1_109' title='bbox 656 1705 747 1780; x_wconf 88' lang='lat' dir='ltr'><strong>prout</strong></span> <span class='ocrx_word' id='word_1_110' title='bbox 759 1717 825 1782; x_wconf 88' lang='lat' dir='ltr'><strong>cap.</strong></span> <span class='ocrx_word' id='word_1_111' title='bbox 835 1699 949 1762; x_wconf 81' lang='lat' dir='ltr'><strong>Clerici</strong></span> <span class='ocrx_word' id='word_1_112' title='bbox 959 1701 1009 1774; x_wconf 74' lang='lat' dir='ltr'><strong>lb,</strong></span> <span class='ocrx_word' id='word_1_113' title='bbox 1020 1695 1067 1758; x_wconf 90' lang='lat' dir='ltr'><strong>De</strong></span> <span class='ocrx_word' id='word_1_114' title='bbox 1077 1697 1180 1758; x_wconf 69' lang='lat' dir='ltr'><strong>sititet</strong></span> 
     </span>
     <span class='ocr_line' id='line_1_17' title="bbox 155 1786 1177 1869; baseline -0.005 -19"><span class='ocrx_word' id='word_1_115' title='bbox 155 1786 158 1789; x_wconf 70' lang='grc'><strong>’</strong></span> <span class='ocrx_word' id='word_1_116' title='bbox 201 1789 367 1864; x_wconf 80' lang='lat' dir='ltr'><strong>dorustote;</strong></span> <span class='ocrx_word' id='word_1_117' title='bbox 389 1807 456 1869; x_wconf 87' lang='lat' dir='ltr'><strong>cap.</strong></span> <span class='ocrx_word' id='word_1_118' title='bbox 482 1789 616 1852; x_wconf 82' lang='lat' dir='ltr'><strong>Clericus</strong></span> <span class='ocrx_word' id='word_1_119' title='bbox 630 1793 661 1864; x_wconf 92' lang='lat'><strong>8,</strong></span> <span class='ocrx_word' id='word_1_120' title='bbox 675 1788 745 1850; x_wconf 89' lang='lat' dir='ltr'><strong>dist.</strong></span> <span class='ocrx_word' id='word_1_121' title='bbox 761 1792 797 1850; x_wconf 72' lang='lat' dir='ltr'><strong>ll</strong></span> <span class='ocrx_word' id='word_1_122' title='bbox 813 1809 820 1862; x_wconf 93' lang='lat'>;</span> <span class='ocrx_word' id='word_1_123' title='bbox 838 1806 906 1869; x_wconf 88' lang='lat' dir='ltr'><strong>cap.</strong></span> <span class='ocrx_word' id='word_1_124' title='bbox 929 1788 1118 1869; x_wconf 76' lang='lat' dir='ltr'><strong>Episcopus,</strong></span> <span class='ocrx_word' id='word_1_125' title='bbox 1141 1790 1177 1862; x_wconf 84' lang='lat'><strong>7,</strong></span> 
     </span>
     <span class='ocr_line' id='line_1_18' title="bbox 202 1877 751 1956; baseline 0.005 -18"><span class='ocrx_word' id='word_1_126' title='bbox 202 1877 256 1946; x_wconf 75' lang='lat' dir='ltr'><strong>ib„</strong></span> <span class='ocrx_word' id='word_1_127' title='bbox 267 1877 349 1939; x_wconf 84' lang='lat' dir='ltr'><strong>Trid.</strong></span> <span class='ocrx_word' id='word_1_128' title='bbox 362 1896 434 1939; x_wconf 92' lang='lat' dir='ltr'><strong>sess.</strong></span> <span class='ocrx_word' id='word_1_129' title='bbox 450 1882 499 1954; x_wconf 72' lang='lat'><strong>22,</strong></span> <span class='ocrx_word' id='word_1_130' title='bbox 513 1897 579 1956; x_wconf 84' lang='lat' dir='ltr'><strong>cap.</strong></span> <span class='ocrx_word' id='word_1_131' title='bbox 597 1883 626 1952; x_wconf 88' lang='lat' dir='ltr'><strong>l,</strong></span> <span class='ocrx_word' id='word_1_132' title='bbox 639 1879 682 1938; x_wconf 74' lang='lat' dir='ltr'><strong>oe</strong></span> <span class='ocrx_word' id='word_1_133' title='bbox 694 1883 751 1956; x_wconf 71' lang='lat' dir='ltr'><strong>ret.</strong></span> 
     </span>
    </p>

    <p class='ocr_par' dir='ltr' id='par_1_7' title="bbox 200 1963 1180 2205">
     <span class='ocr_line' id='line_1_19' title="bbox 238 1963 1180 2049; baseline -0.012 -14"><span class='ocrx_word' id='word_1_134' title='bbox 238 1963 996 2049; x_wconf 75' lang='lat' dir='ltr'><strong>Vitendnstemenabiectussordidusquahabitus</strong></span> <span class='ocrx_word' id='word_1_135' title='bbox 1010 1984 1019 2036; x_wconf 83' lang='lat'>3</span> <span class='ocrx_word' id='word_1_136' title='bbox 1032 1963 1180 2026; x_wconf 86' lang='lat' dir='ltr'><strong>tenenda·</strong></span> 
     </span>
     <span class='ocr_line' id='line_1_20' title="bbox 200 2051 1177 2134; baseline 0.001 -20"><span class='ocrx_word' id='word_1_137' title='bbox 200 2069 261 2133; x_wconf 87' lang='lat' dir='ltr'><strong>que</strong></span> <span class='ocrx_word' id='word_1_138' title='bbox 276 2056 322 2114; x_wconf 89' lang='lat' dir='ltr'><strong>est</strong></span> <span class='ocrx_word' id='word_1_139' title='bbox 341 2051 447 2132; x_wconf 77' lang='lat' dir='ltr'><strong>regulo</strong></span> <span class='ocrx_word' id='word_1_140' title='bbox 465 2054 483 2114; x_wconf 78' lang='grc' dir='ltr'><strong>ὲ.</strong></span> <span class='ocrx_word' id='word_1_141' title='bbox 505 2054 536 2116; x_wconf 87' lang='lat' dir='ltr'><strong>S.</strong></span> <span class='ocrx_word' id='word_1_142' title='bbox 554 2054 713 2116; x_wconf 84' lang='lat' dir='ltr'><strong>Ambrosio</strong></span> <span class='ocrx_word' id='word_1_143' title='bbox 734 2053 840 2115; x_wconf 86' lang='lat' dir='ltr'><strong>tradita</strong></span> <span class='ocrx_word' id='word_1_144' title='bbox 862 2051 920 2131; x_wconf 83' lang='lat' dir='ltr'><strong>(Dc</strong></span> <span class='ocrx_word' id='word_1_145' title='bbox 933 2054 1028 2132; x_wconf 81' lang='lat' dir='ltr'><strong>offic,</strong></span> <span class='ocrx_word' id='word_1_146' title='bbox 1045 2052 1099 2114; x_wconf 91' lang='lat' dir='ltr'><strong>lib.</strong></span> <span class='ocrx_word' id='word_1_147' title='bbox 1126 2054 1177 2134; x_wconf 74' lang='lat' dir='ltr'><strong>tl:</strong></span> 
     </span>
     <span class='ocr_line' id='line_1_21' title="bbox 205 2140 1177 2205; baseline 0.004 -5"><span class='ocrx_word' id='word_1_148' title='bbox 205 2163 221 2200; x_wconf 78' lang='lat' dir='ltr'><strong>u</strong></span> <span class='ocrx_word' id='word_1_149' title='bbox 241 2142 395 2204; x_wconf 84' lang='lat' dir='ltr'><strong>Honestatr</strong></span> <span class='ocrx_word' id='word_1_150' title='bbox 405 2149 436 2203; x_wconf 90' lang='lat' dir='ltr'><strong>et</strong></span> <span class='ocrx_word' id='word_1_151' title='bbox 447 2143 616 2205; x_wconf 87' lang='lat' dir='ltr'><strong>necessitati</strong></span> <span class='ocrx_word' id='word_1_152' title='bbox 627 2143 699 2204; x_wconf 90' lang='lat' dir='ltr'><strong>nihil</strong></span> <span class='ocrx_word' id='word_1_153' title='bbox 709 2142 887 2204; x_wconf 78' lang='lat' dir='ltr'><strong>desitznihil</strong></span> <span class='ocrx_word' id='word_1_154' title='bbox 896 2140 1022 2202; x_wconf 86' lang='lat' dir='ltr'><strong>accedat</strong></span> <span class='ocrx_word' id='word_1_155' title='bbox 1032 2142 1177 2204; x_wconf 79' lang='lat' dir='ltr'><strong>nitorisu.</strong></span> 
     </span>
    </p>

    <p class='ocr_par' dir='ltr' id='par_1_8' title="bbox 240 2230 1178 2312">
     <span class='ocr_line' id='line_1_22' title="bbox 240 2230 1178 2312; baseline 0.003 -21"><span class='ocrx_word' id='word_1_156' title='bbox 240 2230 426 2292; x_wconf 91' lang='lat' dir='ltr'><strong>Omittuntur</strong></span> <span class='ocrx_word' id='word_1_157' title='bbox 439 2231 588 2311; x_wconf 77' lang='lat' dir='ltr'><strong>plumalis</strong></span> <span class='ocrx_word' id='word_1_158' title='bbox 602 2251 670 2312; x_wconf 87' lang='lat' dir='ltr'><strong>quae</strong></span> <span class='ocrx_word' id='word_1_159' title='bbox 684 2233 775 2293; x_wconf 90' lang='lat' dir='ltr'><strong>vitam</strong></span> <span class='ocrx_word' id='word_1_160' title='bbox 790 2230 1043 2310; x_wconf 81' lang='lat' dir='ltr'><strong>honestatemque</strong></span> <span class='ocrx_word' id='word_1_161' title='bbox 1055 2231 1178 2294; x_wconf 82' lang='lat' dir='ltr'><strong>clerico</strong></span> 
     </span>
    </p>
   </div>
   <div class='ocr_carea' id='block_1_6' title="bbox 201 2319 1180 2487">
    <p class='ocr_par' dir='ltr' id='par_1_9' title="bbox 201 2319 1180 2487">
     <span class='ocr_line' id='line_1_23' title="bbox 201 2319 1180 2402; baseline 0.004 -24"><span class='ocrx_word' id='word_1_162' title='bbox 201 2331 269 2380; x_wconf 92' lang='lat' dir='ltr'><strong>rum</strong></span> <span class='ocrx_word' id='word_1_163' title='bbox 289 2320 532 2394; x_wconf 82' lang='lat' dir='ltr'><strong>commaculant,</strong></span> <span class='ocrx_word' id='word_1_164' title='bbox 548 2339 678 2402; x_wconf 68' lang='lat' dir='ltr'><strong>quaeque</strong></span> <span class='ocrx_word' id='word_1_165' title='bbox 688 2327 848 2401; x_wconf 87' lang='lat' dir='ltr'><strong>propterea</strong></span> <span class='ocrx_word' id='word_1_166' title='bbox 860 2323 931 2381; x_wconf 90' lang='lat' dir='ltr'><strong>sunt</strong></span> <span class='ocrx_word' id='word_1_167' title='bbox 944 2327 1039 2380; x_wconf 78' lang='lat' dir='ltr'><strong>ettam</strong></span> <span class='ocrx_word' id='word_1_168' title='bbox 1052 2319 1093 2382; x_wconf 90' lang='lat' dir='ltr'><strong>ab</strong></span> <span class='ocrx_word' id='word_1_169' title='bbox 1106 2320 1180 2400; x_wconf 90' lang='lat' dir='ltr'><strong>ipsis</strong></span> 
     </span>
     <span class='ocr_line' id='line_1_24' title="bbox 201 2406 467 2487; baseline 0.004 -19"><span class='ocrx_word' id='word_1_170' title='bbox 201 2406 467 2487; x_wconf 74' lang='lat' dir='ltr'><strong>sedulblugienda.</strong></span> 
     </span>
    </p>
   </div>
   <div class='ocr_carea' id='block_1_7' title="bbox 341 2582 1029 2778">
    <p class='ocr_par' dir='ltr' id='par_1_10' title="bbox 341 2582 1029 2778">
     <span class='ocr_line' id='line_1_25' title="bbox 611 2582 762 2643; baseline 0 -1"><span class='ocrx_word' id='word_1_171' title='bbox 611 2583 697 2643; x_wconf 75' lang='lat' dir='ltr'><strong>AR&#39;l&#39;.</strong></span> <span class='ocrx_word' id='word_1_172' title='bbox 725 2582 762 2642; x_wconf 88' lang='lat'><strong>11.</strong></span> 
     </span>
     <span class='ocr_line' id='line_1_26' title="bbox 341 2725 1029 2778; baseline 0.009 -10"><span class='ocrx_word' id='word_1_173' title='bbox 341 2725 378 2768; x_wconf 84' lang='lat' dir='ltr'><strong>nr</strong></span> <span class='ocrx_word' id='word_1_174' title='bbox 398 2726 438 2770; x_wconf 91' lang='lat' dir='ltr'><strong>ns</strong></span> <span class='ocrx_word' id='word_1_175' title='bbox 458 2725 523 2778; x_wconf 76' lang='lat' dir='ltr'><strong>auu</strong></span> <span class='ocrx_word' id='word_1_176' title='bbox 544 2725 564 2770; x_wconf 75' lang='grc' dir='ltr'><strong>Δ</strong></span> <span class='ocrx_word' id='word_1_177' title='bbox 585 2725 716 2772; x_wconf 75' lang='lat' dir='ltr'><strong>cremus</strong></span> <span class='ocrx_word' id='word_1_178' title='bbox 737 2727 812 2773; x_wconf 88' lang='lat' dir='ltr'><strong>surr</strong></span> <span class='ocrx_word' id='word_1_179' title='bbox 831 2727 1029 2774; x_wconf 76' lang='lat' dir='ltr'><strong>runsrunnn.</strong></span> 
     </span>
    </p>
   </div>
   <div class='ocr_carea' id='block_1_8' title="bbox 201 2845 1184 3620">
    <p class='ocr_par' dir='ltr' id='par_1_11' title="bbox 201 2845 1184 3372">
     <span class='ocr_line' id='line_1_27' title="bbox 242 2845 1184 2916; baseline 0.011 -12"><span class='ocrx_word' id='word_1_180' title='bbox 242 2846 311 2905; x_wconf 77' lang='lat'><strong>649.</strong></span> <span class='ocrx_word' id='word_1_181' title='bbox 334 2845 406 2906; x_wconf 85' lang='lat' dir='ltr'><strong>lure</strong></span> <span class='ocrx_word' id='word_1_182' title='bbox 421 2845 523 2907; x_wconf 88' lang='lat' dir='ltr'><strong>divino</strong></span> <span class='ocrx_word' id='word_1_183' title='bbox 538 2845 634 2908; x_wconf 85' lang='lat' dir='ltr'><strong>forma</strong></span> <span class='ocrx_word' id='word_1_184' title='bbox 648 2848 786 2910; x_wconf 92' lang='lat' dir='ltr'><strong>omnium</strong></span> <span class='ocrx_word' id='word_1_185' title='bbox 798 2849 941 2912; x_wconf 89' lang='lat' dir='ltr'><strong>virtutum</strong></span> <span class='ocrx_word' id='word_1_186' title='bbox 953 2850 1077 2914; x_wconf 86' lang='lat' dir='ltr'><strong>elucere</strong></span> <span class='ocrx_word' id='word_1_187' title='bbox 1090 2851 1184 2916; x_wconf 87' lang='lat' dir='ltr'><strong>debet</strong></span> 
     </span>
     <span class='ocr_line' id='line_1_28' title="bbox 203 2932 1180 3019; baseline 0.009 -25"><span class='ocrx_word' id='word_1_188' title='bbox 203 2934 233 2994; x_wconf 90' lang='lat' dir='ltr'><strong>in</strong></span> <span class='ocrx_word' id='word_1_189' title='bbox 245 2932 361 2995; x_wconf 90' lang='lat' dir='ltr'><strong>clericis</strong></span> <span class='ocrx_word' id='word_1_190' title='bbox 373 2952 380 2994; x_wconf 91' lang='lat'>:</span> <span class='ocrx_word' id='word_1_191' title='bbox 394 2934 476 3011; x_wconf 84' lang='lat' dir='ltr'><strong>clun,</strong></span> <span class='ocrx_word' id='word_1_192' title='bbox 484 2935 567 3013; x_wconf 83' lang='lat' dir='ltr'><strong>juxta</strong></span> <span class='ocrx_word' id='word_1_193' title='bbox 575 2937 738 3013; x_wconf 84' lang='lat' dir='ltr'><strong>Christum,</strong></span> <span class='ocrx_word' id='word_1_194' title='bbox 752 2939 812 2999; x_wconf 90' lang='lat' dir='ltr'><strong>sint</strong></span> <span class='ocrx_word' id='word_1_195' title='bbox 827 2938 997 3002; x_wconf 73' lang='lat' dir='ltr'><strong>luxmundi</strong></span> <span class='ocrx_word' id='word_1_196' title='bbox 1002 2940 1046 3018; x_wconf 79' lang='lat' dir='ltr'><strong>(S.</strong></span> <span class='ocrx_word' id='word_1_197' title='bbox 1057 2941 1180 3019; x_wconf 77' lang='lat' dir='ltr'><strong>Metto,</strong></span> 
     </span>
     <span class='ocr_line' id='line_1_29' title="bbox 202 3024 1182 3107; baseline 0.007 -23"><span class='ocrx_word' id='word_1_198' title='bbox 202 3040 230 3084; x_wconf 90' lang='lat' dir='ltr'><strong>c.</strong></span> <span class='ocrx_word' id='word_1_199' title='bbox 248 3025 279 3096; x_wconf 81' lang='grc'><strong>5,</strong></span> <span class='ocrx_word' id='word_1_200' title='bbox 295 3041 325 3084; x_wconf 85' lang='grc' dir='ltr'><strong>ν.</strong></span> <span class='ocrx_word' id='word_1_201' title='bbox 345 3024 409 3104; x_wconf 76' lang='lat' dir='ltr'><strong>tt);</strong></span> <span class='ocrx_word' id='word_1_202' title='bbox 424 3025 508 3102; x_wconf 88' lang='lat' dir='ltr'><strong>juxta</strong></span> <span class='ocrx_word' id='word_1_203' title='bbox 527 3026 700 3105; x_wconf 87' lang='lat' dir='ltr'><strong>Principem</strong></span> <span class='ocrx_word' id='word_1_204' title='bbox 720 3027 948 3107; x_wconf 86' lang='lat' dir='ltr'><strong>Apostolorum,</strong></span> <span class='ocrx_word' id='word_1_205' title='bbox 965 3027 1100 3090; x_wconf 87' lang='lat' dir='ltr'><strong>debeant</strong></span> <span class='ocrx_word' id='word_1_206' title='bbox 1113 3047 1182 3092; x_wconf 89' lang='lat' dir='ltr'><strong>esse</strong></span> 
     </span>
     <span class='ocr_line' id='line_1_30' title="bbox 202 3111 1182 3195; baseline 0.01 -23"><span class='ocrx_word' id='word_1_207' title='bbox 202 3111 301 3192; x_wconf 76' lang='lat' dir='ltr'><strong>formo</strong></span> <span class='ocrx_word' id='word_1_208' title='bbox 314 3113 414 3194; x_wconf 81' lang='lat' dir='ltr'><strong>prepr&#39;s</strong></span> <span class='ocrx_word' id='word_1_209' title='bbox 431 3117 456 3191; x_wconf 84' lang='lat' dir='ltr'><strong>(l</strong></span> <span class='ocrx_word' id='word_1_210' title='bbox 476 3117 568 3187; x_wconf 74' lang='lat' dir='ltr'><strong>Petu,</strong></span> <span class='ocrx_word' id='word_1_211' title='bbox 585 3131 612 3176; x_wconf 89' lang='lat' dir='ltr'><strong>c.</strong></span> <span class='ocrx_word' id='word_1_212' title='bbox 628 3117 659 3189; x_wconf 80' lang='lat'><strong>5,</strong></span> <span class='ocrx_word' id='word_1_213' title='bbox 675 3133 703 3176; x_wconf 91' lang='lat' dir='ltr'><strong>v.</strong></span> <span class='ocrx_word' id='word_1_214' title='bbox 719 3117 766 3191; x_wconf 80' lang='lat' dir='ltr'><strong>3t;</strong></span> <span class='ocrx_word' id='word_1_215' title='bbox 782 3123 811 3178; x_wconf 87' lang='lat' dir='ltr'><strong>et</strong></span> <span class='ocrx_word' id='word_1_216' title='bbox 822 3117 906 3195; x_wconf 86' lang='lat' dir='ltr'><strong>juxta</strong></span> <span class='ocrx_word' id='word_1_217' title='bbox 919 3119 949 3178; x_wconf 91' lang='lat' dir='ltr'><strong>S.</strong></span> <span class='ocrx_word' id='word_1_218' title='bbox 967 3115 1099 3178; x_wconf 89' lang='lat' dir='ltr'><strong>Paulum</strong></span> <span class='ocrx_word' id='word_1_219' title='bbox 1113 3135 1182 3182; x_wconf 82' lang='lat' dir='ltr'><strong>esse</strong></span> 
     </span>
     <span class='ocr_line' id='line_1_31' title="bbox 201 3200 1179 3285; baseline 0.006 -23"><span class='ocrx_word' id='word_1_220' title='bbox 201 3201 366 3282; x_wconf 75' lang='lat' dir='ltr'><strong>exemplum</strong></span> <span class='ocrx_word' id='word_1_221' title='bbox 379 3200 513 3282; x_wconf 72' lang='lat' dir='ltr'><strong>fidelium</strong></span> <span class='ocrx_word' id='word_1_222' title='bbox 532 3201 563 3262; x_wconf 93' lang='lat' dir='ltr'><strong>in</strong></span> <span class='ocrx_word' id='word_1_223' title='bbox 576 3202 720 3264; x_wconf 92' lang='lat' dir='ltr'><strong>omnibus</strong></span> <span class='ocrx_word' id='word_1_224' title='bbox 732 3204 819 3266; x_wconf 93' lang='lat' dir='ltr'><strong>bonis</strong></span> <span class='ocrx_word' id='word_1_225' title='bbox 832 3204 975 3285; x_wconf 90' lang='lat' dir='ltr'><strong>operibus</strong></span> <span class='ocrx_word' id='word_1_226' title='bbox 988 3206 1013 3283; x_wconf 81' lang='lat' dir='ltr'><strong>(l</strong></span> <span class='ocrx_word' id='word_1_227' title='bbox 1030 3205 1179 3280; x_wconf 77' lang='lat' dir='ltr'><strong>Timotlr..</strong></span> 
     </span>
     <span class='ocr_line' id='line_1_32' title="bbox 201 3290 665 3372; baseline 0.009 -22"><span class='ocrx_word' id='word_1_228' title='bbox 201 3306 228 3350; x_wconf 88' lang='lat' dir='ltr'><strong>c.</strong></span> <span class='ocrx_word' id='word_1_229' title='bbox 245 3293 277 3366; x_wconf 76' lang='lat' dir='ltr'><strong>l,</strong></span> <span class='ocrx_word' id='word_1_230' title='bbox 292 3308 320 3350; x_wconf 90' lang='lat' dir='ltr'><strong>v.</strong></span> <span class='ocrx_word' id='word_1_231' title='bbox 335 3293 373 3350; x_wconf 66' lang='lat' dir='ltr'><strong>lb</strong></span> <span class='ocrx_word' id='word_1_232' title='bbox 382 3309 390 3363; x_wconf 93' lang='lat'>;</span> <span class='ocrx_word' id='word_1_233' title='bbox 406 3290 476 3365; x_wconf 79' lang='lat' dir='ltr'><strong>Tit,</strong></span> <span class='ocrx_word' id='word_1_234' title='bbox 492 3309 519 3352; x_wconf 89' lang='lat' dir='ltr'><strong>c.</strong></span> <span class='ocrx_word' id='word_1_235' title='bbox 536 3293 565 3363; x_wconf 75' lang='lat'><strong>2,</strong></span> <span class='ocrx_word' id='word_1_236' title='bbox 581 3309 607 3352; x_wconf 88' lang='lat' dir='ltr'><strong>v.</strong></span> <span class='ocrx_word' id='word_1_237' title='bbox 621 3291 665 3372; x_wconf 78' lang='lat' dir='ltr'><strong>l).</strong></span> 
     </span>
    </p>

    <p class='ocr_par' dir='ltr' id='par_1_12' title="bbox 203 3379 1180 3620">
     <span class='ocr_line' id='line_1_33' title="bbox 241 3379 1180 3462; baseline 0.006 -24"><span class='ocrx_word' id='word_1_238' title='bbox 241 3379 314 3440; x_wconf 87' lang='lat' dir='ltr'><strong>ture</strong></span> <span class='ocrx_word' id='word_1_239' title='bbox 329 3379 400 3440; x_wconf 85' lang='lat' dir='ltr'><strong>verb</strong></span> <span class='ocrx_word' id='word_1_240' title='bbox 419 3379 557 3460; x_wconf 88' lang='lat' dir='ltr'><strong>positivo,</strong></span> <span class='ocrx_word' id='word_1_241' title='bbox 580 3379 619 3441; x_wconf 93' lang='lat' dir='ltr'><strong>ad</strong></span> <span class='ocrx_word' id='word_1_242' title='bbox 641 3380 734 3440; x_wconf 85' lang='lat' dir='ltr'><strong>multe</strong></span> <span class='ocrx_word' id='word_1_243' title='bbox 748 3382 968 3461; x_wconf 79' lang='lat' dir='ltr'><strong>astringuntur,</strong></span> <span class='ocrx_word' id='word_1_244' title='bbox 987 3381 1043 3443; x_wconf 90' lang='lat' dir='ltr'><strong>sed</strong></span> <span class='ocrx_word' id='word_1_245' title='bbox 1056 3382 1180 3462; x_wconf 91' lang='lat' dir='ltr'><strong>potissi-</strong></span> 
     </span>
     <span class='ocr_line' id='line_1_34' title="bbox 204 3464 1180 3548; baseline 0.008 -24"><span class='ocrx_word' id='word_1_246' title='bbox 204 3464 290 3526; x_wconf 78' lang='lat' dir='ltr'><strong>mum</strong></span> <span class='ocrx_word' id='word_1_247' title='bbox 304 3466 342 3526; x_wconf 84' lang='lat' dir='ltr'><strong>ed</strong></span> <span class='ocrx_word' id='word_1_248' title='bbox 355 3468 430 3528; x_wconf 88' lang='lat' dir='ltr'><strong>tria:</strong></span> <span class='ocrx_word' id='word_1_249' title='bbox 448 3467 585 3529; x_wconf 82' lang='lat' dir='ltr'><strong>videlicet</strong></span> <span class='ocrx_word' id='word_1_250' title='bbox 597 3467 635 3528; x_wconf 89' lang='lat' dir='ltr'><strong>ad</strong></span> <span class='ocrx_word' id='word_1_251' title='bbox 649 3467 824 3530; x_wconf 79' lang='lat' dir='ltr'><strong>delationem</strong></span> <span class='ocrx_word' id='word_1_252' title='bbox 838 3469 952 3531; x_wconf 74' lang='lat' dir='ltr'><strong>dubitus</strong></span> <span class='ocrx_word' id='word_1_253' title='bbox 963 3469 1126 3548; x_wconf 81' lang='lat' dir='ltr'><strong>clericulis,</strong></span> <span class='ocrx_word' id='word_1_254' title='bbox 1141 3470 1180 3532; x_wconf 87' lang='lat' dir='ltr'><strong>ad</strong></span> 
     </span>
     <span class='ocr_line' id='line_1_35' title="bbox 203 3553 1179 3620; baseline 0.011 -10"><span class='ocrx_word' id='word_1_255' title='bbox 203 3553 411 3616; x_wconf 84' lang='lat' dir='ltr'><strong>continentium</strong></span> <span class='ocrx_word' id='word_1_256' title='bbox 430 3563 460 3615; x_wconf 86' lang='lat' dir='ltr'><strong>et</strong></span> <span class='ocrx_word' id='word_1_257' title='bbox 483 3555 634 3618; x_wconf 76' lang='lat' dir='ltr'><strong>Horarum</strong></span> <span class='ocrx_word' id='word_1_258' title='bbox 652 3557 869 3619; x_wconf 80' lang='lat' dir='ltr'><strong>recitationem.</strong></span> <span class='ocrx_word' id='word_1_259' title='bbox 886 3560 929 3620; x_wconf 90' lang='lat' dir='ltr'><strong>De</strong></span> <span class='ocrx_word' id='word_1_260' title='bbox 948 3556 1072 3620; x_wconf 88' lang='lat' dir='ltr'><strong>duobus</strong></span> <span class='ocrx_word' id='word_1_261' title='bbox 1094 3557 1179 3620; x_wconf 90' lang='lat' dir='ltr'><strong>dun·</strong></span> 
     </span>
    </p>
   </div>
   <div class='ocr_carea' id='block_1_9' title="bbox 204 3640 1179 3800">
    <p class='ocr_par' dir='ltr' id='par_1_13' title="bbox 204 3640 1179 3800">
     <span class='ocr_line' id='line_1_36' title="bbox 204 3640 1179 3720; baseline 0.014 -24"><span class='ocrx_word' id='word_1_262' title='bbox 204 3641 283 3697; x_wconf 88' lang='lat' dir='ltr'><strong>taxat</strong></span> <span class='ocrx_word' id='word_1_263' title='bbox 302 3640 453 3716; x_wconf 89' lang='lat' dir='ltr'><strong>prioribus</strong></span> <span class='ocrx_word' id='word_1_264' title='bbox 479 3661 650 3705; x_wconf 89' lang='lat' dir='ltr'><strong>sermonem</strong></span> <span class='ocrx_word' id='word_1_265' title='bbox 677 3643 845 3720; x_wconf 87' lang='lat' dir='ltr'><strong>faciemus;</strong></span> <span class='ocrx_word' id='word_1_266' title='bbox 871 3643 910 3706; x_wconf 86' lang='lat' dir='ltr'><strong>de</strong></span> <span class='ocrx_word' id='word_1_267' title='bbox 928 3645 1083 3706; x_wconf 88' lang='lat' dir='ltr'><strong>Horarum</strong></span> <span class='ocrx_word' id='word_1_268' title='bbox 1105 3645 1179 3710; x_wconf 73' lang='lat' dir='ltr'><strong>tero</strong></span> 
     </span>
     <span class='ocr_line' id='line_1_37' title="bbox 205 3721 847 3800; baseline 0.017 -20"><span class='ocrx_word' id='word_1_269' title='bbox 205 3721 378 3784; x_wconf 85' lang='lat' dir='ltr'><strong>recitatione</strong></span> <span class='ocrx_word' id='word_1_270' title='bbox 389 3727 456 3788; x_wconf 91' lang='lat' dir='ltr'><strong>vide</strong></span> <span class='ocrx_word' id='word_1_271' title='bbox 471 3737 607 3791; x_wconf 86' lang='lat' dir='ltr'><strong>nostrum</strong></span> <span class='ocrx_word' id='word_1_272' title='bbox 623 3731 775 3800; x_wconf 72' lang='lat' dir='ltr'><strong>Manuale.</strong></span> <span class='ocrx_word' id='word_1_273' title='bbox 790 3737 811 3790; x_wconf 87' lang='lat' dir='ltr'><strong>t.</strong></span> <span class='ocrx_word' id='word_1_274' title='bbox 827 3736 847 3791; x_wconf 88' lang='grc'><strong>3</strong></span> 
     </span>
    </p>
   </div>
   <div class='ocr_carea' id='block_1_10' title="bbox 0 0 1306 4214">
    <p class='ocr_par' dir='ltr' id='par_1_14' title="bbox 0 0 1306 4214">
     <span class='ocr_line' id='line_1_38' title="bbox 0 0 1306 4214; baseline 0 0"><span class='ocrx_word' id='word_1_275' title='bbox 0 0 1306 4214; x_wconf 95' lang='lat' dir='ltr'><strong> </strong></span> 
     </span>
    </p>
   </div>
  </div>
 </body>
</html>
