<?xml version="1.0" encoding="UTF-8"?>
<!DOCTYPE html PUBLIC "-//W3C//DTD XHTML 1.0 Transitional//EN"
    "http://www.w3.org/TR/xhtml1/DTD/xhtml1-transitional.dtd">
<html xmlns="http://www.w3.org/1999/xhtml" xml:lang="en" lang="en">
 <head>
  <title>
</title>
<meta http-equiv="Content-Type" content="text/html;charset=utf-8" />
  <meta name='ocr-system' content='tesseract 3.04.00' />
  <meta name='ocr-capabilities' content='ocr_page ocr_carea ocr_par ocr_line ocrx_word'/>
</head>
<body>
  <div class='ocr_page' id='page_1' title='image "./elementajurisca01craigoog_0458.png"; bbox 0 0 2590 4214; ppageno 0'>
   <div class='ocr_carea' id='block_1_1' title="bbox 407 224 1123 314">
    <p class='ocr_par' dir='ltr' id='par_1_1' title="bbox 407 224 1123 314">
     <span class='ocr_line' id='line_1_1' title="bbox 407 224 1123 314; baseline -0.006 -8"><span class='ocrx_word' id='word_1_1' title='bbox 407 275 410 280; x_wconf 94' lang='lat'>·</span> <span class='ocrx_word' id='word_1_2' title='bbox 492 224 590 314; x_wconf 72' lang='grc' dir='ltr'><strong>1111ῑῖ</strong></span> <span class='ocrx_word' id='word_1_3' title='bbox 600 227 753 305; x_wconf 68' lang='grc'><strong>1111111.“</strong></span> <span class='ocrx_word' id='word_1_4' title='bbox 1038 252 1093 311; x_wconf 76' lang='grc'><strong>431</strong></span> <span class='ocrx_word' id='word_1_5' title='bbox 1118 295 1123 302; x_wconf 84' lang='grc'><strong>.</strong></span> 
     </span>
    </p>
   </div>
   <div class='ocr_carea' id='block_1_2' title="bbox 121 365 1145 892">
    <p class='ocr_par' dir='ltr' id='par_1_2' title="bbox 121 365 1098 626">
     <span class='ocr_line' id='line_1_2' title="bbox 125 365 1097 446; baseline -0.003 -14"><span class='ocrx_word' id='word_1_6' title='bbox 125 369 248 432; x_wconf 70' lang='lat' dir='ltr'><strong>territur</strong></span> <span class='ocrx_word' id='word_1_7' title='bbox 266 369 351 446; x_wconf 73' lang='lat' dir='ltr'><strong>Juxta</strong></span> <span class='ocrx_word' id='word_1_8' title='bbox 372 371 408 430; x_wconf 89' lang='lat' dir='ltr'><strong>D.</strong></span> <span class='ocrx_word' id='word_1_9' title='bbox 435 367 530 430; x_wconf 90' lang='lat' dir='ltr'><strong>Bouix</strong></span> <span class='ocrx_word' id='word_1_10' title='bbox 548 365 599 443; x_wconf 84' lang='lat' dir='ltr'><strong>(De</strong></span> <span class='ocrx_word' id='word_1_11' title='bbox 619 365 739 445; x_wconf 72' lang='lat' dir='ltr'><strong>Epim,</strong></span> <span class='ocrx_word' id='word_1_12' title='bbox 762 383 793 444; x_wconf 87' lang='lat' dir='ltr'><strong>p.</strong></span> <span class='ocrx_word' id='word_1_13' title='bbox 820 368 879 425; x_wconf 80' lang='lat' dir='ltr'><strong>eto</strong></span> <span class='ocrx_word' id='word_1_14' title='bbox 899 369 930 426; x_wconf 86' lang='lat' dir='ltr'><strong>et</strong></span> <span class='ocrx_word' id='word_1_15' title='bbox 948 368 1028 444; x_wconf 76' lang='lat' dir='ltr'><strong>etr),</strong></span> <span class='ocrx_word' id='word_1_16' title='bbox 1045 369 1097 446; x_wconf 86' lang='lat' dir='ltr'><strong>qui</strong></span> 
     </span>
     <span class='ocr_line' id='line_1_3' title="bbox 121 453 1098 538; baseline 0 -19"><span class='ocrx_word' id='word_1_17' title='bbox 121 458 194 520; x_wconf 85' lang='lat' dir='ltr'><strong>citat</strong></span> <span class='ocrx_word' id='word_1_18' title='bbox 217 457 331 518; x_wconf 87' lang='lat' dir='ltr'><strong>Bened.</strong></span> <span class='ocrx_word' id='word_1_19' title='bbox 349 459 414 519; x_wconf 85' lang='lat' dir='ltr'><strong>XIV</strong></span> <span class='ocrx_word' id='word_1_20' title='bbox 436 455 575 538; x_wconf 76' lang='lat' dir='ltr'><strong>(constit.</strong></span> <span class='ocrx_word' id='word_1_21' title='bbox 595 454 635 515; x_wconf 82' lang='lat' dir='ltr'><strong>In</strong></span> <span class='ocrx_word' id='word_1_22' title='bbox 648 462 808 534; x_wconf 84' lang='lat' dir='ltr'><strong>postremo,</strong></span> <span class='ocrx_word' id='word_1_23' title='bbox 823 457 863 514; x_wconf 73' lang='grc'><strong>10</strong></span> <span class='ocrx_word' id='word_1_24' title='bbox 884 453 984 516; x_wconf 85' lang='lat' dir='ltr'><strong>octob.</strong></span> <span class='ocrx_word' id='word_1_25' title='bbox 1008 459 1098 533; x_wconf 81' lang='grc'><strong>1756,</strong></span> 
     </span>
     <span class='ocr_line' id='line_1_4' title="bbox 121 544 444 626; baseline -0.003 -19"><span class='ocrx_word' id='word_1_26' title='bbox 121 544 142 626; x_wconf 65' lang='grc' dir='ltr'><strong>ξ</strong></span> <span class='ocrx_word' id='word_1_27' title='bbox 155 550 194 607; x_wconf 87' lang='grc'><strong>10</strong></span> <span class='ocrx_word' id='word_1_28' title='bbox 205 551 239 608; x_wconf 81' lang='lat' dir='ltr'><strong>et,</strong></span> <span class='ocrx_word' id='word_1_29' title='bbox 250 545 300 625; x_wconf 79' lang='grc'><strong>11)</strong></span> <span class='ocrx_word' id='word_1_30' title='bbox 316 551 345 606; x_wconf 84' lang='lat' dir='ltr'><strong>et</strong></span> <span class='ocrx_word' id='word_1_31' title='bbox 359 545 444 606; x_wconf 83' lang='lat' dir='ltr'><strong>alios.</strong></span> 
     </span>
    </p>

    <p class='ocr_par' dir='ltr' id='par_1_3' title="bbox 124 628 1145 892">
     <span class='ocr_line' id='line_1_5' title="bbox 164 628 1093 768; baseline 0.001 -72"><span class='ocrx_word' id='word_1_32' title='bbox 164 637 235 696; x_wconf 87' lang='grc'><strong>590.</strong></span> <span class='ocrx_word' id='word_1_33' title='bbox 252 635 373 768; x_wconf 56' lang='lat' dir='ltr'><strong>Oporit.</strong></span> <span class='ocrx_word' id='word_1_34' title='bbox 396 639 430 695; x_wconf 71' lang='lat'><strong>2⁰</strong></span> <span class='ocrx_word' id='word_1_35' title='bbox 448 635 593 706; x_wconf 78' lang='lat' dir='ltr'><strong>Quaenam</strong></span> <span class='ocrx_word' id='word_1_36' title='bbox 612 629 781 712; x_wconf 84' lang='lat' dir='ltr'><strong>pertineant</strong></span> <span class='ocrx_word' id='word_1_37' title='bbox 798 629 837 692; x_wconf 84' lang='lat' dir='ltr'><strong>ed</strong></span> <span class='ocrx_word' id='word_1_38' title='bbox 856 628 1000 694; x_wconf 75' lang='lat' dir='ltr'>Ordinem</span> <span class='ocrx_word' id='word_1_39' title='bbox 1019 635 1093 716; x_wconf 79' lang='lat' dir='ltr'><strong>Epis-</strong></span> 
     </span>
     <span class='ocr_line' id='line_1_6' title="bbox 124 723 1145 892; baseline -0.001 -20"><span class='ocrx_word' id='word_1_40' title='bbox 124 723 337 892; x_wconf 48' lang='lat' dir='ltr'><strong>coiiielipiindet</strong></span> <span class='ocrx_word' id='word_1_41' title='bbox 360 809 464 873; x_wconf 85' lang='lat' dir='ltr'><strong>Devoti</strong></span> <span class='ocrx_word' id='word_1_42' title='bbox 491 834 497 870; x_wconf 94' lang='lat'><strong>:</strong></span> <span class='ocrx_word' id='word_1_43' title='bbox 527 807 676 870; x_wconf 77' lang='lat' dir='ltr'><strong>«Ordinis</strong></span> <span class='ocrx_word' id='word_1_44' title='bbox 694 811 909 888; x_wconf 80' lang='lat' dir='ltr'><strong>potestatem...</strong></span> <span class='ocrx_word' id='word_1_45' title='bbox 934 808 1102 892; x_wconf 81' lang='lat' dir='ltr'><strong>Episcopus</strong></span> <span class='ocrx_word' id='word_1_46' title='bbox 1143 867 1145 871; x_wconf 81' lang='grc'><strong>,</strong></span> 
     </span>
    </p>
   </div>
   <div class='ocr_carea' id='block_1_3' title="bbox 135 896 1101 980">
    <p class='ocr_par' dir='ltr' id='par_1_4' title="bbox 135 896 1101 980">
     <span class='ocr_line' id='line_1_7' title="bbox 135 896 1101 980; baseline 0.006 -24"><span class='ocrx_word' id='word_1_47' title='bbox 135 920 146 956; x_wconf 83' lang='grc' dir='ltr'><strong>ι</strong></span> <span class='ocrx_word' id='word_1_48' title='bbox 167 899 263 961; x_wconf 85' lang='lat' dir='ltr'><strong>semei</strong></span> <span class='ocrx_word' id='word_1_49' title='bbox 280 905 436 980; x_wconf 88' lang='lat' dir='ltr'><strong>acceptam</strong></span> <span class='ocrx_word' id='word_1_50' title='bbox 455 915 613 978; x_wconf 86' lang='lat' dir='ltr'><strong>nunquam</strong></span> <span class='ocrx_word' id='word_1_51' title='bbox 633 896 758 973; x_wconf 85' lang='lat' dir='ltr'><strong>amittit,</strong></span> <span class='ocrx_word' id='word_1_52' title='bbox 774 913 903 978; x_wconf 84' lang='lat' dir='ltr'><strong>eamque</strong></span> <span class='ocrx_word' id='word_1_53' title='bbox 920 897 1005 960; x_wconf 86' lang='lat' dir='ltr'><strong>altari</strong></span> <span class='ocrx_word' id='word_1_54' title='bbox 1026 900 1101 962; x_wconf 82' lang='lat' dir='ltr'><strong>dele</strong></span> 
     </span>
    </p>
   </div>
   <div class='ocr_carea' id='block_1_4' title="bbox 131 985 1202 1068">
    <p class='ocr_par' dir='ltr' id='par_1_5' title="bbox 131 985 1202 1068">
     <span class='ocr_line' id='line_1_8' title="bbox 131 985 1202 1068; baseline 0.005 -22"><span class='ocrx_word' id='word_1_55' title='bbox 131 1005 239 1068; x_wconf 79' lang='lat' dir='ltr'><strong>ugare</strong></span> <span class='ocrx_word' id='word_1_56' title='bbox 250 1005 312 1048; x_wconf 88' lang='lat' dir='ltr'><strong>non</strong></span> <span class='ocrx_word' id='word_1_57' title='bbox 322 993 431 1067; x_wconf 83' lang='lat' dir='ltr'><strong>potest,</strong></span> <span class='ocrx_word' id='word_1_58' title='bbox 442 992 478 1049; x_wconf 92' lang='lat' dir='ltr'><strong>ut</strong></span> <span class='ocrx_word' id='word_1_59' title='bbox 486 987 567 1049; x_wconf 75' lang='lat' dir='ltr'><strong>recte</strong></span> <span class='ocrx_word' id='word_1_60' title='bbox 576 985 694 1066; x_wconf 82' lang='lat' dir='ltr'><strong>delegat</strong></span> <span class='ocrx_word' id='word_1_61' title='bbox 702 989 880 1066; x_wconf 85' lang='lat' dir='ltr'><strong>potestatem</strong></span> <span class='ocrx_word' id='word_1_62' title='bbox 886 985 1105 1065; x_wconf 76' lang='lat' dir='ltr'><strong>iurisdictionis</strong></span> <span class='ocrx_word' id='word_1_63' title='bbox 1199 1035 1202 1040; x_wconf 81' lang='lat'>-</span> 
     </span>
    </p>
   </div>
   <div class='ocr_carea' id='block_1_5' title="bbox 130 1072 1133 1862">
    <p class='ocr_par' dir='ltr' id='par_1_6' title="bbox 131 1072 1108 1776">
     <span class='ocr_line' id='line_1_9' title="bbox 132 1072 1103 1157; baseline 0.004 -22"><span class='ocrx_word' id='word_1_64' title='bbox 132 1099 147 1135; x_wconf 71' lang='lat' dir='ltr'><strong>e</strong></span> <span class='ocrx_word' id='word_1_65' title='bbox 169 1074 255 1157; x_wconf 87' lang='lat' dir='ltr'><strong>(Cep.</strong></span> <span class='ocrx_word' id='word_1_66' title='bbox 270 1079 300 1148; x_wconf 83' lang='lat'><strong>9,</strong></span> <span class='ocrx_word' id='word_1_67' title='bbox 317 1076 360 1136; x_wconf 85' lang='lat' dir='ltr'><strong>De</strong></span> <span class='ocrx_word' id='word_1_68' title='bbox 373 1094 498 1138; x_wconf 77' lang='lat' dir='ltr'><strong>consecr.</strong></span> <span class='ocrx_word' id='word_1_69' title='bbox 513 1073 640 1156; x_wconf 68' lang='lat' dir='ltr'><strong>coclea).</strong></span> <span class='ocrx_word' id='word_1_70' title='bbox 658 1072 704 1134; x_wconf 86' lang='lat' dir='ltr'><strong>Ab</strong></span> <span class='ocrx_word' id='word_1_71' title='bbox 716 1076 751 1134; x_wconf 81' lang='lat' dir='ltr'><strong>ea</strong></span> <span class='ocrx_word' id='word_1_72' title='bbox 766 1080 995 1156; x_wconf 79' lang='lat' dir='ltr'><strong>manatregum,</strong></span> <span class='ocrx_word' id='word_1_73' title='bbox 1009 1079 1103 1140; x_wconf 85' lang='lat' dir='ltr'><strong>sacia·</strong></span> 
     </span>
     <span class='ocr_line' id='line_1_10' title="bbox 133 1161 1106 1247; baseline 0.004 -23"><span class='ocrx_word' id='word_1_74' title='bbox 133 1189 148 1224; x_wconf 74' lang='lat' dir='ltr'><strong>u</strong></span> <span class='ocrx_word' id='word_1_75' title='bbox 169 1183 239 1227; x_wconf 93' lang='lat' dir='ltr'><strong>rum</strong></span> <span class='ocrx_word' id='word_1_76' title='bbox 253 1165 405 1244; x_wconf 83' lang='lat' dir='ltr'><strong>virginum</strong></span> <span class='ocrx_word' id='word_1_77' title='bbox 420 1161 506 1246; x_wconf 84' lang='lat' dir='ltr'><strong>(Gan.</strong></span> <span class='ocrx_word' id='word_1_78' title='bbox 524 1167 581 1239; x_wconf 74' lang='grc'><strong>11,</strong></span> <span class='ocrx_word' id='word_1_79' title='bbox 596 1162 666 1224; x_wconf 87' lang='lat' dir='ltr'><strong>dist.</strong></span> <span class='ocrx_word' id='word_1_80' title='bbox 680 1165 735 1238; x_wconf 74' lang='lat'><strong>23,</strong></span> <span class='ocrx_word' id='word_1_81' title='bbox 749 1179 818 1225; x_wconf 87' lang='lat' dir='ltr'><strong>cao.</strong></span> <span class='ocrx_word' id='word_1_82' title='bbox 835 1166 866 1239; x_wconf 91' lang='grc'><strong>1,</strong></span> <span class='ocrx_word' id='word_1_83' title='bbox 882 1161 901 1244; x_wconf 65' lang='grc' dir='ltr'>ξ</span> <span class='ocrx_word' id='word_1_84' title='bbox 914 1162 1106 1247; x_wconf 67' lang='grc'><strong>1111111111-</strong></span> 
     </span>
     <span class='ocr_line' id='line_1_11' title="bbox 132 1250 1106 1337; baseline 0.009 -27"><span class='ocrx_word' id='word_1_85' title='bbox 132 1275 149 1310; x_wconf 88' lang='lat'>«</span> <span class='ocrx_word' id='word_1_86' title='bbox 167 1273 252 1330; x_wconf 84' lang='lat' dir='ltr'><strong>pum,</strong></span> <span class='ocrx_word' id='word_1_87' title='bbox 265 1252 334 1313; x_wconf 80' lang='lat' dir='ltr'><strong>dist.</strong></span> <span class='ocrx_word' id='word_1_88' title='bbox 350 1251 424 1331; x_wconf 74' lang='lat'><strong>25),</strong></span> <span class='ocrx_word' id='word_1_89' title='bbox 440 1252 598 1328; x_wconf 90' lang='lat' dir='ltr'><strong>altarium,</strong></span> <span class='ocrx_word' id='word_1_90' title='bbox 613 1250 749 1313; x_wconf 84' lang='lat' dir='ltr'><strong>ecclesiae</strong></span> <span class='ocrx_word' id='word_1_91' title='bbox 764 1253 961 1324; x_wconf 84' lang='lat' dir='ltr'><strong>consecratio,</strong></span> <span class='ocrx_word' id='word_1_92' title='bbox 979 1253 1106 1337; x_wconf 87' lang='lat' dir='ltr'><strong>ejusqua</strong></span> 
     </span>
     <span class='ocr_line' id='line_1_12' title="bbox 131 1339 1105 1424; baseline 0.008 -28"><span class='ocrx_word' id='word_1_93' title='bbox 131 1365 149 1397; x_wconf 75' lang='lat' dir='ltr'><strong>a</strong></span> <span class='ocrx_word' id='word_1_94' title='bbox 169 1345 239 1422; x_wconf 84' lang='lat' dir='ltr'><strong>post</strong></span> <span class='ocrx_word' id='word_1_95' title='bbox 259 1339 454 1421; x_wconf 74' lang='lat' dir='ltr'>pollutionem</span> <span class='ocrx_word' id='word_1_96' title='bbox 473 1340 604 1422; x_wconf 74' lang='lat' dir='ltr'><strong>expiatio</strong></span> <span class='ocrx_word' id='word_1_97' title='bbox 621 1341 705 1421; x_wconf 87' lang='lat' dir='ltr'><strong>(Cap.</strong></span> <span class='ocrx_word' id='word_1_98' title='bbox 728 1343 759 1417; x_wconf 84' lang='grc'><strong>9,</strong></span> <span class='ocrx_word' id='word_1_99' title='bbox 783 1341 829 1402; x_wconf 85' lang='lat' dir='ltr'><strong>De</strong></span> <span class='ocrx_word' id='word_1_100' title='bbox 845 1360 968 1403; x_wconf 82' lang='lat' dir='ltr'><strong>consecr.</strong></span> <span class='ocrx_word' id='word_1_101' title='bbox 990 1344 1105 1424; x_wconf 75' lang='lat' dir='ltr'><strong>eccles„</strong></span> 
     </span>
     <span class='ocr_line' id='line_1_13' title="bbox 132 1427 1108 1509; baseline 0.007 -23"><span class='ocrx_word' id='word_1_102' title='bbox 132 1453 149 1486; x_wconf 79' lang='lat' dir='ltr'><strong>u</strong></span> <span class='ocrx_word' id='word_1_103' title='bbox 171 1447 238 1509; x_wconf 92' lang='lat' dir='ltr'><strong>cap.</strong></span> <span class='ocrx_word' id='word_1_104' title='bbox 262 1428 399 1503; x_wconf 90' lang='lat' dir='ltr'><strong>unicum,</strong></span> <span class='ocrx_word' id='word_1_105' title='bbox 413 1427 476 1490; x_wconf 86' lang='lat' dir='ltr'><strong>eod.</strong></span> <span class='ocrx_word' id='word_1_106' title='bbox 500 1429 530 1489; x_wconf 94' lang='lat' dir='ltr'><strong>in</strong></span> <span class='ocrx_word' id='word_1_107' title='bbox 545 1430 602 1506; x_wconf 78' lang='lat'><strong>6⁰),</strong></span> <span class='ocrx_word' id='word_1_108' title='bbox 620 1428 770 1490; x_wconf 85' lang='lat' dir='ltr'><strong>Abbatum</strong></span> <span class='ocrx_word' id='word_1_109' title='bbox 790 1427 972 1504; x_wconf 76' lang='lat' dir='ltr'><strong>benedictio,</strong></span> <span class='ocrx_word' id='word_1_110' title='bbox 987 1431 1108 1493; x_wconf 83' lang='lat' dir='ltr'><strong>coiiatio</strong></span> 
     </span>
     <span class='ocr_line' id='line_1_14' title="bbox 135 1515 1105 1596; baseline 0.005 -20"><span class='ocrx_word' id='word_1_111' title='bbox 135 1517 315 1579; x_wconf 77' lang='lat' dir='ltr'><strong>«ordinum</strong></span> <span class='ocrx_word' id='word_1_112' title='bbox 340 1523 371 1578; x_wconf 87' lang='lat' dir='ltr'><strong>et</strong></span> <span class='ocrx_word' id='word_1_113' title='bbox 393 1517 574 1580; x_wconf 77' lang='lat' dir='ltr'><strong>sacramenti</strong></span> <span class='ocrx_word' id='word_1_114' title='bbox 598 1515 837 1579; x_wconf 82' lang='lat' dir='ltr'><strong>confirmationis</strong></span> <span class='ocrx_word' id='word_1_115' title='bbox 860 1517 986 1595; x_wconf 85' lang='lat' dir='ltr'><strong>(Concii.</strong></span> <span class='ocrx_word' id='word_1_116' title='bbox 1010 1519 1105 1596; x_wconf 76' lang='lat' dir='ltr'><strong>Trio,</strong></span> 
     </span>
     <span class='ocr_line' id='line_1_15' title="bbox 134 1603 1107 1687; baseline 0.004 -23"><span class='ocrx_word' id='word_1_117' title='bbox 134 1630 150 1664; x_wconf 77' lang='lat' dir='ltr'><strong>o</strong></span> <span class='ocrx_word' id='word_1_118' title='bbox 173 1623 246 1668; x_wconf 88' lang='lat' dir='ltr'><strong>sess.</strong></span> <span class='ocrx_word' id='word_1_119' title='bbox 258 1608 308 1682; x_wconf 75' lang='lat'><strong>23,</strong></span> <span class='ocrx_word' id='word_1_120' title='bbox 319 1623 386 1686; x_wconf 92' lang='lat' dir='ltr'><strong>cap.</strong></span> <span class='ocrx_word' id='word_1_121' title='bbox 401 1605 447 1687; x_wconf 84' lang='grc'><strong>1),</strong></span> <span class='ocrx_word' id='word_1_122' title='bbox 462 1605 610 1668; x_wconf 74' lang='lat' dir='ltr'><strong>confectio</strong></span> <span class='ocrx_word' id='word_1_123' title='bbox 623 1603 792 1668; x_wconf 87' lang='lat' dir='ltr'><strong>chrismatis</strong></span> <span class='ocrx_word' id='word_1_124' title='bbox 802 1609 832 1665; x_wconf 89' lang='lat' dir='ltr'><strong>et</strong></span> <span class='ocrx_word' id='word_1_125' title='bbox 846 1605 902 1666; x_wconf 89' lang='lat' dir='ltr'><strong>olei</strong></span> <span class='ocrx_word' id='word_1_126' title='bbox 915 1605 1107 1674; x_wconf 86' lang='lat' dir='ltr'><strong>infirmorum</strong></span> 
     </span>
     <span class='ocr_line' id='line_1_16' title="bbox 135 1691 1106 1776; baseline 0.007 -24"><span class='ocrx_word' id='word_1_127' title='bbox 135 1718 151 1752; x_wconf 78' lang='lat' dir='ltr'><strong>u</strong></span> <span class='ocrx_word' id='word_1_128' title='bbox 177 1693 263 1774; x_wconf 87' lang='lat' dir='ltr'><strong>(Can.</strong></span> <span class='ocrx_word' id='word_1_129' title='bbox 278 1692 432 1768; x_wconf 74' lang='lat' dir='ltr'><strong>Perdoctis,</strong></span> <span class='ocrx_word' id='word_1_130' title='bbox 444 1693 514 1758; x_wconf 90' lang='lat' dir='ltr'><strong>dist.</strong></span> <span class='ocrx_word' id='word_1_131' title='bbox 529 1697 621 1772; x_wconf 76' lang='grc'><strong>13)».</strong></span> <span class='ocrx_word' id='word_1_132' title='bbox 637 1691 827 1771; x_wconf 76' lang='grc' dir='ltr'><strong>(1111011,Ιί1).</strong></span> <span class='ocrx_word' id='word_1_133' title='bbox 845 1695 875 1770; x_wconf 96' lang='grc'><strong>1,</strong></span> <span class='ocrx_word' id='word_1_134' title='bbox 890 1701 963 1756; x_wconf 89' lang='lat' dir='ltr'><strong>scct.</strong></span> <span class='ocrx_word' id='word_1_135' title='bbox 981 1697 1010 1771; x_wconf 84' lang='lat'><strong>1,</strong></span> <span class='ocrx_word' id='word_1_136' title='bbox 1023 1695 1041 1776; x_wconf 68' lang='grc' dir='ltr'><strong>ἓ</strong></span> <span class='ocrx_word' id='word_1_137' title='bbox 1056 1698 1106 1772; x_wconf 87' lang='grc'><strong>13,</strong></span> 
     </span>
    </p>

    <p class='ocr_par' dir='ltr' id='par_1_7' title="bbox 130 1783 1133 1862">
     <span class='ocr_line' id='line_1_17' title="bbox 130 1783 1133 1862; baseline 0.001 -17"><span class='ocrx_word' id='word_1_138' title='bbox 130 1783 206 1862; x_wconf 82' lang='lat' dir='ltr'><strong>etc.)</strong></span> <span class='ocrx_word' id='word_1_139' title='bbox 1130 1813 1133 1818; x_wconf 90' lang='lat'><em>·</em></span> 
     </span>
    </p>
   </div>
   <div class='ocr_carea' id='block_1_6' title="bbox 555 1907 690 1924">
    <p class='ocr_par' dir='ltr' id='par_1_8' title="bbox 555 1907 690 1924">
     <span class='ocr_line' id='line_1_18' title="bbox 555 1907 690 1924; baseline 0 -2"><span class='ocrx_word' id='word_1_140' title='bbox 555 1907 690 1924; x_wconf 49' lang='lat' dir='ltr'><em>m</em></span> 
     </span>
    </p>
   </div>
   <div class='ocr_carea' id='block_1_7' title="bbox 477 2029 744 2102">
    <p class='ocr_par' dir='ltr' id='par_1_9' title="bbox 477 2029 744 2102">
     <span class='ocr_line' id='line_1_19' title="bbox 477 2029 744 2102; baseline -0.004 0"><span class='ocrx_word' id='word_1_141' title='bbox 477 2032 653 2102; x_wconf 84' lang='lat' dir='ltr'>CAPUT</span> <span class='ocrx_word' id='word_1_142' title='bbox 688 2029 744 2101; x_wconf 89' lang='lat' dir='ltr'><strong>II.</strong></span> 
     </span>
    </p>
   </div>
   <div class='ocr_carea' id='block_1_8' title="bbox 152 2197 1086 2358">
    <p class='ocr_par' dir='ltr' id='par_1_10' title="bbox 152 2197 1086 2358">
     <span class='ocr_line' id='line_1_20' title="bbox 152 2197 1086 2260; baseline 0 -14"><span class='ocrx_word' id='word_1_143' title='bbox 152 2202 200 2246; x_wconf 74' lang='lat' dir='ltr'><strong>DF·</strong></span> <span class='ocrx_word' id='word_1_144' title='bbox 225 2200 414 2260; x_wconf 75' lang='lat' dir='ltr'><strong>anurslms</strong></span> <span class='ocrx_word' id='word_1_145' title='bbox 440 2199 488 2244; x_wconf 79' lang='lat' dir='ltr'><strong>AD</strong></span> <span class='ocrx_word' id='word_1_146' title='bbox 514 2197 756 2243; x_wconf 80' lang='lat' dir='ltr'><strong>RECEPTIONEM</strong></span> <span class='ocrx_word' id='word_1_147' title='bbox 781 2197 846 2242; x_wconf 85' lang='lat' dir='ltr'><strong>VEL</strong></span> <span class='ocrx_word' id='word_1_148' title='bbox 871 2198 1086 2246; x_wconf 65' lang='lat' dir='ltr'><strong>exercicium</strong></span> 
     </span>
     <span class='ocr_line' id='line_1_21' title="bbox 527 2312 701 2358; baseline 0 -2"><span class='ocrx_word' id='word_1_149' title='bbox 527 2312 701 2358; x_wconf 76' lang='lat' dir='ltr'><strong>tritomum.</strong></span> 
     </span>
    </p>
   </div>
   <div class='ocr_carea' id='block_1_9' title="bbox 135 2472 1112 3181">
    <p class='ocr_par' dir='ltr' id='par_1_11' title="bbox 135 2472 1111 2646">
     <span class='ocr_line' id='line_1_22' title="bbox 178 2472 1111 2552; baseline 0.005 -13"><span class='ocrx_word' id='word_1_150' title='bbox 178 2481 246 2540; x_wconf 86' lang='grc'><strong>591.</strong></span> <span class='ocrx_word' id='word_1_151' title='bbox 259 2474 450 2537; x_wconf 85' lang='lat' dir='ltr'><strong>Conditiones</strong></span> <span class='ocrx_word' id='word_1_152' title='bbox 464 2472 502 2534; x_wconf 92' lang='lat' dir='ltr'><strong>ad</strong></span> <span class='ocrx_word' id='word_1_153' title='bbox 512 2473 715 2552; x_wconf 80' lang='lat' dir='ltr'><strong>receptionem</strong></span> <span class='ocrx_word' id='word_1_154' title='bbox 725 2475 771 2537; x_wconf 87' lang='lat' dir='ltr'><strong>vel</strong></span> <span class='ocrx_word' id='word_1_155' title='bbox 781 2477 956 2539; x_wconf 83' lang='lat' dir='ltr'><strong>exercitium</strong></span> <span class='ocrx_word' id='word_1_156' title='bbox 969 2478 1111 2544; x_wconf 88' lang='lat' dir='ltr'><strong>ordinum</strong></span> 
     </span>
     <span class='ocr_line' id='line_1_23' title="bbox 135 2562 872 2646; baseline -0.001 -17"><span class='ocrx_word' id='word_1_157' title='bbox 135 2565 291 2646; x_wconf 72' lang='lat' dir='ltr'><strong>requisitae</strong></span> <span class='ocrx_word' id='word_1_158' title='bbox 303 2564 369 2626; x_wconf 81' lang='lat' dir='ltr'><strong>aliae</strong></span> <span class='ocrx_word' id='word_1_159' title='bbox 383 2570 453 2625; x_wconf 91' lang='lat' dir='ltr'><strong>sunt</strong></span> <span class='ocrx_word' id='word_1_160' title='bbox 465 2562 618 2642; x_wconf 71' lang='lat' dir='ltr'><strong>aepotiooe,</strong></span> <span class='ocrx_word' id='word_1_161' title='bbox 634 2562 849 2644; x_wconf 80' lang='lat' dir='ltr'><strong>aliaeposita&#39;voe</strong></span> <span class='ocrx_word' id='word_1_162' title='bbox 863 2583 872 2627; x_wconf 88' lang='lat'>:</span> 
     </span>
    </p>

    <p class='ocr_par' dir='ltr' id='par_1_12' title="bbox 135 2649 1112 3005">
     <span class='ocr_line' id='line_1_24' title="bbox 176 2649 1112 2736; baseline 0.003 -19"><span class='ocrx_word' id='word_1_163' title='bbox 176 2653 332 2734; x_wconf 73' lang='lat' dir='ltr'><strong>Nepotiuoe</strong></span> <span class='ocrx_word' id='word_1_164' title='bbox 345 2660 416 2714; x_wconf 87' lang='lat' dir='ltr'><strong>sunt</strong></span> <span class='ocrx_word' id='word_1_165' title='bbox 433 2651 641 2731; x_wconf 85' lang='lat' dir='ltr'><strong>exemptiones</strong></span> <span class='ocrx_word' id='word_1_166' title='bbox 652 2652 690 2712; x_wconf 87' lang='lat' dir='ltr'><strong>ab</strong></span> <span class='ocrx_word' id='word_1_167' title='bbox 707 2653 742 2712; x_wconf 84' lang='lat' dir='ltr'><strong>iis</strong></span> <span class='ocrx_word' id='word_1_168' title='bbox 759 2671 828 2733; x_wconf 80' lang='lat' dir='ltr'><strong>quae</strong></span> <span class='ocrx_word' id='word_1_169' title='bbox 842 2649 1046 2736; x_wconf 79' lang='lat' dir='ltr'><strong>receptionem</strong></span> <span class='ocrx_word' id='word_1_170' title='bbox 1065 2659 1112 2721; x_wconf 88' lang='lat' dir='ltr'><strong>vei</strong></span> 
     </span>
     <span class='ocr_line' id='line_1_25' title="bbox 135 2739 1112 2828; baseline 0.002 -20"><span class='ocrx_word' id='word_1_171' title='bbox 135 2743 313 2808; x_wconf 82' lang='lat' dir='ltr'><strong>exercitium</strong></span> <span class='ocrx_word' id='word_1_172' title='bbox 322 2743 465 2803; x_wconf 90' lang='lat' dir='ltr'><strong>ordinum</strong></span> <span class='ocrx_word' id='word_1_173' title='bbox 475 2739 666 2820; x_wconf 88' lang='lat' dir='ltr'><strong>impedirent,</strong></span> <span class='ocrx_word' id='word_1_174' title='bbox 678 2749 766 2823; x_wconf 87' lang='lat' dir='ltr'><strong>prout</strong></span> <span class='ocrx_word' id='word_1_175' title='bbox 779 2741 1112 2828; x_wconf 79' lang='lat' dir='ltr'><strong>immunitasdpeoceto</strong></span> 
     </span>
     <span class='ocr_line' id='line_1_26' title="bbox 135 2829 1109 2912; baseline 0 -15"><span class='ocrx_word' id='word_1_176' title='bbox 135 2831 275 2905; x_wconf 88' lang='lat' dir='ltr'><strong>mortali,</strong></span> <span class='ocrx_word' id='word_1_177' title='bbox 290 2831 337 2893; x_wconf 84' lang='lat' dir='ltr'><strong>rei</strong></span> <span class='ocrx_word' id='word_1_178' title='bbox 351 2829 518 2892; x_wconf 80' lang='lat' dir='ltr'><strong>acensuris</strong></span> <span class='ocrx_word' id='word_1_179' title='bbox 535 2835 588 2892; x_wconf 84' lang='lat' dir='ltr'><strong>aut</strong></span> <span class='ocrx_word' id='word_1_180' title='bbox 601 2830 869 2912; x_wconf 83' lang='lat' dir='ltr'><strong>irregularitatibus</strong></span> <span class='ocrx_word' id='word_1_181' title='bbox 882 2837 935 2894; x_wconf 87' lang='lat' dir='ltr'><strong>aut</strong></span> <span class='ocrx_word' id='word_1_182' title='bbox 948 2835 1014 2896; x_wconf 87' lang='lat' dir='ltr'><strong>aliis</strong></span> <span class='ocrx_word' id='word_1_183' title='bbox 1034 2834 1109 2898; x_wconf 86' lang='lat' dir='ltr'><strong>inca·</strong></span> 
     </span>
     <span class='ocr_line' id='line_1_27' title="bbox 135 2919 327 3005; baseline -0.01 -22"><span class='ocrx_word' id='word_1_184' title='bbox 135 2919 327 3005; x_wconf 87' lang='lat' dir='ltr'><strong>pacitatibus.</strong></span> 
     </span>
    </p>

    <p class='ocr_par' dir='ltr' id='par_1_13' title="bbox 143 3007 1103 3181">
     <span class='ocr_line' id='line_1_28' title="bbox 177 3007 1103 3089; baseline 0.002 -19"><span class='ocrx_word' id='word_1_185' title='bbox 177 3007 321 3071; x_wconf 83' lang='lat' dir='ltr'><strong>Poritiooe</strong></span> <span class='ocrx_word' id='word_1_186' title='bbox 338 3007 410 3069; x_wconf 83' lang='lat' dir='ltr'><strong>vero</strong></span> <span class='ocrx_word' id='word_1_187' title='bbox 425 3013 495 3068; x_wconf 86' lang='lat' dir='ltr'><strong>sunt</strong></span> <span class='ocrx_word' id='word_1_188' title='bbox 512 3024 556 3067; x_wconf 86' lang='lat' dir='ltr'><strong>eae</strong></span> <span class='ocrx_word' id='word_1_189' title='bbox 576 3024 644 3086; x_wconf 81' lang='lat' dir='ltr'><strong>quae</strong></span> <span class='ocrx_word' id='word_1_190' title='bbox 665 3009 861 3087; x_wconf 88' lang='lat' dir='ltr'><strong>requiruntur</strong></span> <span class='ocrx_word' id='word_1_191' title='bbox 875 3007 914 3068; x_wconf 90' lang='lat' dir='ltr'><strong>ad</strong></span> <span class='ocrx_word' id='word_1_192' title='bbox 930 3009 1055 3089; x_wconf 83' lang='lat' dir='ltr'><strong>dignam</strong></span> <span class='ocrx_word' id='word_1_193' title='bbox 1069 3029 1103 3073; x_wconf 88' lang='lat' dir='ltr'><strong>ro</strong></span> 
     </span>
     <span class='ocr_line' id='line_1_29' title="bbox 143 3095 862 3181; baseline -0.006 -21"><span class='ocrx_word' id='word_1_194' title='bbox 143 3099 309 3181; x_wconf 71' lang='lat' dir='ltr'><strong>,eptionem</strong></span> <span class='ocrx_word' id='word_1_195' title='bbox 319 3096 365 3159; x_wconf 87' lang='lat' dir='ltr'><strong>rei</strong></span> <span class='ocrx_word' id='word_1_196' title='bbox 374 3096 503 3176; x_wconf 81' lang='lat' dir='ltr'><strong>dignum</strong></span> <span class='ocrx_word' id='word_1_197' title='bbox 516 3096 693 3155; x_wconf 83' lang='lat' dir='ltr'><strong>exercitium</strong></span> <span class='ocrx_word' id='word_1_198' title='bbox 707 3095 862 3158; x_wconf 91' lang='lat' dir='ltr'><strong>ordinum.</strong></span> 
     </span>
    </p>
   </div>
   <div class='ocr_carea' id='block_1_10' title="bbox 391 3271 856 3484">
    <p class='ocr_par' dir='ltr' id='par_1_14' title="bbox 391 3271 856 3484">
     <span class='ocr_line' id='line_1_30' title="bbox 562 3271 692 3330; baseline 0.008 -1"><span class='ocrx_word' id='word_1_199' title='bbox 562 3271 647 3330; x_wconf 80' lang='lat' dir='ltr'><strong>ART.</strong></span> <span class='ocrx_word' id='word_1_200' title='bbox 670 3273 692 3330; x_wconf 94' lang='grc'><strong>1.</strong></span> 
     </span>
     <span class='ocr_line' id='line_1_31' title="bbox 391 3409 856 3484; baseline 0 -27"><span class='ocrx_word' id='word_1_201' title='bbox 391 3411 427 3457; x_wconf 82' lang='lat' dir='ltr'><strong>or</strong></span> <span class='ocrx_word' id='word_1_202' title='bbox 448 3411 671 3484; x_wconf 81' lang='lat' dir='ltr'><strong>oouommnmos</strong></span> <span class='ocrx_word' id='word_1_203' title='bbox 691 3409 856 3457; x_wconf 83' lang='lat' dir='ltr'><strong>xnuxrrms.</strong></span> 
     </span>
    </p>
   </div>
   <div class='ocr_carea' id='block_1_11' title="bbox 142 3549 1111 3822">
    <p class='ocr_par' dir='ltr' id='par_1_15' title="bbox 142 3549 1111 3822">
     <span class='ocr_line' id='line_1_32' title="bbox 178 3549 1111 3634; baseline -0.003 -9"><span class='ocrx_word' id='word_1_204' title='bbox 178 3565 249 3626; x_wconf 72' lang='grc'><strong>591.</strong></span> <span class='ocrx_word' id='word_1_205' title='bbox 264 3593 301 3606; x_wconf 93' lang='grc'>-</span> <span class='ocrx_word' id='word_1_206' title='bbox 313 3563 345 3624; x_wconf 83' lang='grc'><strong>1·</strong></span> <span class='ocrx_word' id='word_1_207' title='bbox 358 3559 443 3619; x_wconf 82' lang='lat' dir='ltr'><strong>Circa</strong></span> <span class='ocrx_word' id='word_1_208' title='bbox 454 3549 676 3616; x_wconf 87' lang='lat' dir='ltr'><strong>immunitatem</strong></span> <span class='ocrx_word' id='word_1_209' title='bbox 689 3555 707 3615; x_wconf 70' lang='lat' dir='ltr'><strong>a</strong></span> <span class='ocrx_word' id='word_1_210' title='bbox 719 3561 841 3634; x_wconf 84' lang='lat' dir='ltr'><strong>peccato</strong></span> <span class='ocrx_word' id='word_1_211' title='bbox 855 3557 985 3634; x_wconf 81' lang='lat' dir='ltr'><strong>mortali,</strong></span> <span class='ocrx_word' id='word_1_212' title='bbox 1000 3581 1016 3619; x_wconf 85' lang='lat' dir='ltr'><strong>u</strong></span> <span class='ocrx_word' id='word_1_213' title='bbox 1029 3579 1111 3624; x_wconf 92' lang='lat' dir='ltr'><strong>com-</strong></span> 
     </span>
     <span class='ocr_line' id='line_1_33' title="bbox 143 3641 1109 3726; baseline -0.004 -13"><span class='ocrx_word' id='word_1_214' title='bbox 143 3675 160 3713; x_wconf 80' lang='lat'><strong>«</strong></span> <span class='ocrx_word' id='word_1_215' title='bbox 180 3650 314 3713; x_wconf 80' lang='lat' dir='ltr'><strong>munitor</strong></span> <span class='ocrx_word' id='word_1_216' title='bbox 331 3652 436 3708; x_wconf 89' lang='lat' dir='ltr'><strong>tenent</strong></span> <span class='ocrx_word' id='word_1_217' title='bbox 452 3643 594 3722; x_wconf 79' lang='lat' dir='ltr'><strong>theoiogi.</strong></span> <span class='ocrx_word' id='word_1_218' title='bbox 610 3641 706 3724; x_wconf 90' lang='lat' dir='ltr'><strong>inquit</strong></span> <span class='ocrx_word' id='word_1_219' title='bbox 720 3644 861 3724; x_wconf 85' lang='lat' dir='ltr'><strong>Loqueux</strong></span> <span class='ocrx_word' id='word_1_220' title='bbox 872 3643 920 3726; x_wconf 83' lang='lat' dir='ltr'><strong>(n⁰</strong></span> <span class='ocrx_word' id='word_1_221' title='bbox 935 3650 1021 3726; x_wconf 82' lang='lat'><strong>533),</strong></span> <span class='ocrx_word' id='word_1_222' title='bbox 1038 3669 1109 3712; x_wconf 89' lang='lat' dir='ltr'><strong>eum</strong></span> 
     </span>
     <span class='ocr_line' id='line_1_34' title="bbox 142 3731 1108 3822; baseline 0 -20"><span class='ocrx_word' id='word_1_223' title='bbox 142 3761 161 3801; x_wconf 73' lang='grc' dir='ltr'>ι</span> <span class='ocrx_word' id='word_1_224' title='bbox 181 3755 306 3822; x_wconf 87' lang='lat' dir='ltr'><strong>peccare</strong></span> <span class='ocrx_word' id='word_1_225' title='bbox 320 3733 484 3797; x_wconf 83' lang='lat' dir='ltr'><strong>mortaliter</strong></span> <span class='ocrx_word' id='word_1_226' title='bbox 493 3733 544 3814; x_wconf 90' lang='lat' dir='ltr'><strong>qui</strong></span> <span class='ocrx_word' id='word_1_227' title='bbox 558 3749 629 3796; x_wconf 90' lang='lat' dir='ltr'><strong>cum</strong></span> <span class='ocrx_word' id='word_1_228' title='bbox 644 3731 757 3811; x_wconf 84' lang='lat' dir='ltr'><strong>peccati</strong></span> <span class='ocrx_word' id='word_1_229' title='bbox 772 3733 905 3796; x_wconf 86' lang='lat' dir='ltr'><strong>mortalis</strong></span> <span class='ocrx_word' id='word_1_230' title='bbox 914 3739 1108 3804; x_wconf 68' lang='lat' dir='ltr'><strong>conscientie.</strong></span> 
     </span>
    </p>
   </div>
   <div class='ocr_carea' id='block_1_12' title="bbox 1047 3844 1076 3891">
    <p class='ocr_par' dir='ltr' id='par_1_16' title="bbox 1047 3844 1076 3891">
     <span class='ocr_line' id='line_1_35' title="bbox 1047 3844 1076 3891; baseline 0.034 -1"><span class='ocrx_word' id='word_1_231' title='bbox 1047 3844 1076 3891; x_wconf 81' lang='lat'><strong>13</strong></span> 
     </span>
    </p>
   </div>
   <div class='ocr_carea' id='block_1_13' title="bbox 0 0 1314 4214">
    <p class='ocr_par' dir='ltr' id='par_1_17' title="bbox 0 0 1314 4214">
     <span class='ocr_line' id='line_1_36' title="bbox 0 0 1314 4214; baseline 0 0"><span class='ocrx_word' id='word_1_232' title='bbox 0 0 1314 4214; x_wconf 95' lang='lat' dir='ltr'><strong> </strong></span> 
     </span>
    </p>
   </div>
  </div>
 </body>
</html>
