2580 4216
512 307 598 352 erana
620 308 738 355 narnus,
1055 295 1116 352 425

179 405 253 483 Eius
274 389 385 466 munus
398 411 442 466 est
458 405 627 467 ministrare
640 405 677 468 ad
694 406 807 483 altare,
827 385 1022 483 catechizare,
1039 424 1114 467 can-

142 497 204 554 tare
218 492 431 572 Evangelium,
447 499 477 555 ct
487 511 557 555 cum
569 493 709 556 facultate
724 494 846 576 parochi
862 494 1036 576 praedicare,
1049 494 1118 576 bap

142 577 241 657 linare,
255 581 470 644 Eucharistiam
485 582 569 658 dare,
582 581 634 645 sed
649 583 748 644 solum
764 583 794 643 in
808 584 994 646 necessitate.

182 669 292 731 Munus
307 670 490 750 praedicandi
504 670 570 731 sine
583 670 724 752 Episcopi
736 670 833 747 venia,
849 670 939 759 etiam
954 670 1121 736 idiaconis

147 761 170 818 tt
186 757 367 838 presbyteris
381 759 512 820 exerceri
534 760 649 839 nequit.

183 846 286 915 Quoad
301 863 413 907 munus
426 846 594 928 baptizandi
608 847 651 908 sie
660 846 770 910 dicitur
781 847 812 908 in
823 866 940 910 canone
952 847 1100 910 Diaconos

143 931 211 994 dist.
227 937 277 1008 93,
294 953 331 996 ex
345 935 426 1016 Papa
440 937 558 998 Gelasio
575 955 582 996 :
603 957 619 994 a
633 935 767 1011 Diaconi,
781 937 896 1018 absque
909 937 1060 1018 Episcopo
1072 951 1111 998 ve

150 1041 163 1048 ··
184 1023 378 1104 -asbyler0,
395 1023 542 1103 baptizare
557 1042 618 1086 non
634 1023 779 1098 audeant,
796 1025 852 1085 nisi
868 1025 1020 1105 praedictis
1035 1025 1119 1086 ordi-

230 1130 272 1172 rus
288 1111 406 1190 longius
417 1112 606 1188 constitutis,
622 1112 782 1174 necessitas
795 1113 964 1194 compellat.
980 1135 996 1172 a

230 1200 268 1260 Ex
284 1199 405 1280 praelalo
423 1208 523 1262 autem
538 1206 622 1262 textu
644 1203 725 1262 recle
743 1201 834 1262 infert
847 1203 944 1262 Gonet
958 1201 1040 1282 qudd
1054 1203 1124 1264 talis

236 1287 317 1350 rissio
332 1289 436 1370 nequit
448 1289 578 1350 diacono
597 1288 661 1350 lieri
675 1289 733 1351 nisi
749 1290 789 1350 ob
803 1308 945 1370 magnam
960 1291 1120 1352 necessita·

248 1376 294 1437 vel
308 1376 449 1439 Ecclesiae
466 1378 641 1454 utilitatem,
658 1383 729 1458 puta
743 1377 768 1438 si
789 1397 851 1438 non
870 1377 1009 1439 adessent
1022 1397 1118 1440 sacer-

246 1484 254 1524 :
270 1465 348 1526 velut
361 1464 466 1527 dicunt
480 1468 644 1541 Suarez...‚
659 1465 782 1542 Palaus,
798 1467 960 1546 Sporer...,
974 1467 1030 1527 nisi
1046 1467 1123 1529 adsit

236 1554 305 1616 ludo
324 1554 592 1635 baptizandorum,
610 1561 663 1618 aut
685 1554 740 1615 nisi
766 1554 915 1634 parochus
935 1556 973 1616 sit
994 1556 1126 1635 graviter·

237 1661 299 1719 rus,
314 1644 360 1712 vel
375 1644 670 1720 excommunicatus,
686 1643 733 1705 vel
746 1643 819 1704 alias
832 1651 997 1724 occupatus
1008 1645 1122 1707 conses-

236 1749 281 1793 rus
300 1731 485 1812 excipiendis
506 1741 557 1794 aut
577 1732 793 1812 praedicationi.
813 1753 828 1790 a
849 1734 879 1793 S.
897 1734 1032 1813 Liguor,
1049 1732 1068 1794 l.
1086 1737 1123 1809 6,

237 1845 261 1880 J.

236 1910 359 1972 undum
371 1910 551 1971 seutentiam
567 1909 811 1970 communiorem
825 1915 854 1969 et
870 1909 1124 1991 probabiliorem,

235 2013 290 2059 nus
313 1998 465 2078 baptizans
490 1997 657 2058 solenniter
674 1995 739 2057 sini
756 1997 976 2076 commissione,
1004 2001 1064 2062 sive
1090 2002 1125 2062 in

238 2085 319 2148 silete
330 2087 390 2148 sive
400 2092 494 2161 extra,
504 2086 630 2148 incurrit
641 2085 902 2166 irregularitatem,
914 2087 937 2146 si
952 2087 1025 2149 illud
1036 2087 1123 2150 faeiat

241 2178 368 2236 ueritate
383 2180 413 2235 et
430 2193 501 2236 oum
521 2174 663 2246 scientia,
688 2191 776 2235 secus
798 2174 822 2234 si
847 2192 901 2253 per
921 2175 1125 2254 ignorantiam

250 2281 392 2324 crassam.
409 2263 484 2324 Vide
498 2281 564 2343 cap.
581 2261 618 2324 Si
630 2261 711 2343 quta,
727 2260 772 2322 De
784 2261 884 2323 cleric
901 2281 959 2321 non
972 2263 1033 2326 ord,
1047 2267 1119 2325 min.

237 2351 288 2412 aad
304 2351 499 2412 Eucharistiae
518 2351 827 2426 administrationem,
857 2371 873 2408 a
890 2368 1033 2413 omnes...
1050 2371 1119 2414 eon-

236 2438 308 2502 riunt
323 2439 403 2520 quod
421 2440 451 2500 in
467 2439 644 2501 necessitate
658 2441 805 2516 extrema,
818 2437 942 2499 absente
955 2441 1120 2513 sacerdote,

238 2545 331 2590 conus
344 2528 452 2608 poterit
467 2533 497 2588 et
510 2527 661 2588 tenebitur
672 2527 822 2588 viaticum
837 2527 1009 2588 ministrare
1024 2528 1127 2591 adhuc

236 2617 515 2694 acommissione..;
529 2617 682 2678 Diaconus
696 2623 809 2691 autem,
819 2615 892 2676 dum
903 2615 1121 2678 Eucharistiam

233 2707 352 2778 nistret,
377 2705 465 2768 debet
494 2724 559 2768 esse
590 2705 714 2768 indutus
745 2705 963 2786 superpelliceo
988 2713 1018 2766 et
1046 2708 1125 2768 stola

234 2799 388 2857 osterse...

234 2895 300 2955 lum
324 2893 524 2955 commissione
544 2893 634 2970 verit,
661 2893 864 2956 communiter
889 2892 996 2956 dicunt
1019 2895 1124 2975 Suae,

232 2982 313 3055 alus,
339 2984 382 3043 lle
397 2983 499 3063 Lugo,
525 2982 685 3059 Salmant,
709 2992 782 3059 etc,
803 2982 939 3044 sufficere
961 2986 1123 3046 necessita--

235 3089 388 3151 igravem,
403 3071 513 3151 nempe
527 3072 597 3131 clrm
612 3071 714 3132 nullus
726 3069 802 3130 adsit
811 3069 962 3144 sacerdos,
976 3072 1028 3150 qui
1041 3090 1111 3134 eom

231 3160 274 3220 ‚de
286 3160 377 3239 possit
388 3158 587 3220 ministraren
599 3157 687 3239 (vide
698 3160 729 3219 S.
740 3157 877 3237 Lignea,
887 3157 940 3218 lib.
952 3161 982 3234 6,
993 3163 1027 3218 n⁰
1035 3163 1103 3222 237.

230 3257 418 3319 ntrovertitur
428 3272 568 3338 quaenam
581 3256 619 3316 sit
634 3253 757 3316 materia
769 3261 798 3315 el
809 3252 906 3315 lorma
916 3253 1116 3319 Diaconatds:

227 3343 329 3407 dicunt
355 3363 420 3407 esse
447 3345 542 3406 solam
569 3343 761 3406 traditionem
791 3342 857 3403 libri
886 3343 1123 3424 Evangeliorum

231 3436 285 3496 sut
299 3433 396 3495 forma
412 3453 419 3494 :
435 3431 560 3513 Accipe,
575 3440 631 3494 ele.
648 3433 705 3492 Alii
720 3431 825 3492 dicunt
838 3449 903 3492 esse
916 3431 1011 3492 solam
1026 3431 1118 3514 impu
1140 3490 1143 3498 ,

236 3539 284 3582 em
299 3540 447 3584 manuum
460 3539 531 3582 eum
545 3520 642 3582 forma
659 3538 667 3580 ε
683 3521 793 3602 Accipe
807 3519 959 3600 Spiritum
973 3520 1122 3584 Sanctam

233 3609 296 3673 lar.
320 3609 377 3671 Alii
393 3609 514 3671 landem
534 3609 640 3670 dicunt
658 3608 719 3670 duo
737 3608 857 3689 praelata
873 3626 938 3670 esse
960 3611 1119 3671 materiam

236 3697 344 3762 ialam.
360 3698 436 3760 Vide
457 3698 587 3760 rationes
604 3697 706 3758 allatas
724 3716 780 3778 pro
795 3697 966 3778 respectivis
980 3697 1037 3758 illis
1050 3715 1119 3760 sen·

232 3807 259 3866 s,
274 3807 323 3870 ap.
343 3789 375 3850 S.
395 3787 517 3869 Liguor.
533 3788 596 3865 (lib.
613 3791 648 3862 6,
666 3797 699 3847 n⁰
713 3785 798 3866 748),
814 3786 866 3857 oui
881 3786 924 3847 sic
938 3785 1092 3848 concludit
1107 3804 1119 3846 τ
