2562 4224
440 368 526 411 ornan
548 368 664 411 antuus.
984 355 1040 412 131

87 464 653 549 ρνορεεν11,1)1111111·11111611111.
668 465 954 540 Lateraan,anno
967 469 1042 527 itta

87 554 274 636 desumptum.
289 553 367 627 Sed,
383 559 417 615 ut
431 553 522 615 modo
536 552 685 628 diximus,
702 558 771 614 ante
786 551 864 615 hanc
879 553 1042 632 epocham,

88 645 184 706 sacculo
202 662 303 719 nono,
320 641 405 704 multi
421 641 577 722 Episcopi
599 642 623 702 si
645 659 707 702 non
728 659 857 730 omnes,
876 643 1045 703 altomano

90 732 216 793 Pontifice
238 730 496 794 confirmabantur
517 728 567 810 (V.
592 729 707 792 Tradit.
731 728 766 791 de
786 688 932 811 l'b'plise,
957 738 978 791 t.
1000 734 1043 805 3,

89 823 175 898 p.,ll
190 819 272 902 etc..)
289 819 512 899 ltapraesertim
532 819 745 899 Metropolitae,
771 819 838 901 qui,
862 824 895 880 ut
915 819 1046 900 plenitu-

88 906 173 969 dinem
187 909 387 970 ecclesiasticae
398 907 548 983 potestatis
567 907 753 983 obtinerent,
770 906 923 987 palliumb
939 909 1047 968 Sancta

88 994 155 1056 Sede
166 997 369 1078 postulabant:
380 995 447 1058 vide
457 1015 523 1077 cap.
536 996 618 1070 Nisi,
631 997 673 1057 Dc
684 997 822 1068 auctorit.
832 1006 921 1058 etcuu
933 995 1045 1070 Pollii,

88 1091 114 1142 tn
128 1103 183 1163 quo
197 1086 239 1148 sic
254 1085 388 1166 loquitur
402 1087 557 1147 lnnoccnt.
575 1087 614 1146 111
631 1103 638 1144 :
657 1106 672 1142 a
687 1085 717 1146 Si
733 1085 893 1165 postulatio
906 1085 1047 1164 Episcopi

91 1192 105 1225 o
124 1173 235 1252 Trojani
256 1173 295 1236 ad
316 1173 559 1234 Panormitanam
583 1173 747 1234 Ecclesiam
773 1172 876 1234 luisset
898 1172 1046 1250 admissa,

93 1283 104 1315 a
122 1269 293 1324 nontamen
307 1261 429 1324 deberet
442 1281 474 1324 sc
490 1261 758 1343 archiepiscopum
772 1261 938 1342 appellare,
951 1262 1049 1341 prius-

91 1369 104 1401 «
122 1367 206 1428 quam
220 1353 238 1412 a
251 1349 344 1412 Nobis
366 1349 494 1413 Pallium
515 1351 712 1431 suscepisset,
735 1351 846 1430 inquo
866 1349 1049 1412 pontificalis

91 1457 105 1492 a
122 1436 207 1499 Officii
222 1439 380 1520 plenitudo
394 1457 465 1502 oum
481 1438 748 1519 brchiepiscopatis
768 1439 901 1500 nominis
916 1439 1048 1520 appella·

91 1543 105 1580 o
122 1525 197 1588 tione
212 1526 382 1602 confertur,
399 1533 486 1590 cto.»
586 1564 589 1570 -

121 1617 185 1678 tot.
212 1617 309 1678 Tertio
323 1616 441 1698 epocha.
457 1650 497 1661 -
511 1619 534 1676 Α
548 1621 684 1695 tempore
709 1614 862 1677 Benedicti
886 1617 955 1690 XII,
978 1615 1047 1695 qui,

88 1707 253 1776 1111111331,
266 1705 302 1765 ad
315 1707 497 1786 supremum
508 1703 720 1766 Pontificatum
732 1709 852 1765 evectus
864 1709 919 1778 est,
931 1703 1050 1766 Summi

89 1789 235 1855 Pontifices
259 1793 477 1873 Episcoporum
497 1791 716 1854 institutionem
736 1790 792 1852 sibi
811 1794 1000 1855 rescrvtrunt
1016 1793 1048 1868 ι;

88 1877 141 1940 ind
154 1881 296 1960 paulatim
311 1881 423 1962 ubique
445 1882 622 1943 intermissae
644 1880 728 1943 intre
752 1881 913 1944 electiones
927 1883 944 1942 a
959 1881 1049 1962 Capi-

88 1965 148 2029 tulis
162 1977 304 2050 peractae,
321 1970 360 2030 ita
378 1977 410 2032 ut
425 1969 514 2030 bodie
529 1970 559 2030 in
574 1969 756 2050 quibusdam
771 1970 939 2032 Germaniae
954 1971 1049 2051 parti-

88 2052 137 2116 bus
147 2059 244 2120 solum
255 2059 427 2120 subsistant.

121 2147 179 2208 Nisi
201 2148 348 2228 paulatim
376 2147 414 2208 ad
439 2143 526 2209 hano¹
544 2148 775 2210 reservationem
798 2149 972 2227 processdre
995 2149 1049 2210 SS.

89 2231 259 2298 Pontifices:
277 2236 410 2317 priminu
425 2236 548 2316 quidem
565 2236 748 2316 Dignitatem
765 2237 974 2316 Episcopalem
989 2255 1051 2298 non

87 2324 272 2388 contulerunt
300 2325 358 2387 nisi
385 2331 475 2405 prout
499 2343 586 2386 casus
612 2322 824 2386 deferebantur
862 2323 900 2384 ad
943 2323 1052 2386 Sedem

88 2411 303 2490 Apostolicam,
326 2412 386 2475 sive
400 2413 472 2493 quia
486 2418 607 2494 propter
624 2419 720 2474 certos
734 2411 867 2474 detectus
882 2412 913 2472 in
929 2412 1049 2484 electis,

88 2504 246 2564 necessaria
261 2507 324 2563 erat
337 2501 536 2582 dispensatio,
552 2501 613 2564 sive
627 2501 697 2580 quia
712 2499 874 2562 dirimendi
889 2508 973 2565 erant
987 2500 1052 2563 lites

88 2585 157 2650 inter
177 2593 277 2652 varios
299 2589 516 2652 contendentes
538 2590 646 2652 exorti.
676 2589 782 2652 Postea
807 2589 895 2661 verb,
919 2591 1053 2652 loannes

88 2677 159 2738 llllll
174 2698 226 2758 per
247 2679 367 2760 regulas
382 2677 590 2752 Cancellariae,
612 2678 723 2741 Paulus
736 2681 762 2740 ll
786 2696 839 2759 per
858 2679 980 2742 Constit.
1005 2677 1056 2740 Ad

88 2761 209 2828 dubani
241 2767 402 2850 Pontifices
429 2765 668 2849 prouidentiam,
696 2786 777 2829 anno
807 2771 883 2829 1167
919 2765 1051 2848 (Extrav.

87 2851 196 2918 Comm.
215 2859 273 2933 11,
290 2856 334 2917 lte
345 2857 445 2918 Prceb.
463 2865 490 2918 et
504 2857 650 2938 11191111),
664 2856 720 2918 sibi
736 2856 907 2920 indistincte
922 2863 951 2918 et
965 2857 1052 2920 abso-

88 2938 142 3004 tute
161 2947 353 3007 reservtrunt
373 2945 512 3006 omnium
526 2945 653 3007 omnino
672 2945 875 3008 Ecclesiaruni
894 2946 1052 3008 cathedra·

88 3029 172 3109 lium,
187 3033 487 3115 Metropolitanarnm
509 3033 817 3116 Patriarchaliumque
831 3035 1010 3096 electionem
1025 3041 1055 3097 et

84 3118 282 3191 collationem.

122 3207 212 3272 Porro
226 3210 463 3291 haecdisciplina
485 3211 637 3274 evidenter
657 3212 904 3293 approbationem
925 3213 1056 3275 obtinuit

88 3296 102 3354 t
125 3297 237 3362 Concil.
262 3299 396 3362 Trident.
424 3317 432 3360 ε
455 3299 498 3362 sic
518 3300 600 3361 enim
618 3298 707 3362 babet
727 3319 824 3363 canon
840 3305 874 3378 8,
894 3319 966 3362 sess.
990 3304 1053 3364 23:

90 3403 104 3441 c
122 3386 152 3448 Si
165 3389 235 3468 quis
246 3387 354 3450 dixerit
367 3387 543 3470 Episcopos,
560 3389 612 3470 qui
625 3391 801 3452 auctoritate
813 3391 941 3452 Romani
956 3391 1055 3453 Ponti-

90 3493 104 3528 «
123 3473 186 3540 licis
202 3483 422 3555 assumuntur,
446 3495 509 3539 non
524 3494 590 3540 esse
602 3476 771 3558 legitimos,
788 3478 947 3542 anathema
961 3481 1027 3544 situ
1044 3503 1053 3557 ;

86 3568 113 3621 ct
125 3581 190 3644 cap.
211 3569 224 3626 1
240 3611 248 3642 ,
264 3583 337 3628 sess.
353 3568 409 3641 tt,
424 3565 506 3628 idem
520 3566 689 3628 Concilium
699 3566 785 3645 jubet
803 3573 837 3630 ut
860 3590 876 3628 a
897 3570 1055 3632 Instructio

87 3850 110 3896 m
114 3783 218 3903 'miz
229 3783 353 3900 gerionis,
369 3796 395 3832 ui
407 3784 553 3848 Episcopus,
568 3799 596 3834 no
585 3785 637 3845 ⁰,t
651 3785 703 3835 haec
715 3787 847 3837 reservatio
860 3788 934 3853 coepit
945 3793 1056 3849 tctppors

883 3940 924 3985 ,...
