2616 4228
463 296 558 340 carus
578 297 762 346 cacanum.
1063 289 1098 347 3¹

165 393 405 455 controvertitur
417 411 457 455 an
471 394 604 457 Concilia
617 395 677 457 sint
688 395 1011 460 institutionisdivinae.
1029 397 1103 462 Vide
1185 413 1188 418 '

123 478 215 543 card.
233 480 360 542 Gousset
379 479 536 565 (Ecpust't.
550 481 599 545 dea
612 483 763 566 principes
774 482 814 545 du
826 482 907 546 droit
923 485 1101 566 cinerique,

125 589 157 649 p.
179 571 264 649 tm),
286 569 339 652 qui
356 571 591 651 probabiliorem
608 578 726 654 reputat
746 572 929 634 sententiam
946 573 1103 652 affirman-

125 665 200 719 tem.
217 659 285 719 Non
307 657 376 722 idad
396 666 499 722 tamen
518 661 651 722 concilia
667 661 854 724 oecumenica
875 661 1014 724 habenda
1032 669 1102 726 sunt

125 749 161 807 ut
183 745 320 809 absolute
336 748 479 812 Ecclesiae
501 749 689 828 necessaria,
711 748 765 812 sed
788 749 934 812 duntaxat
955 757 1025 813 sunt
1045 750 1103 832 ipsi

125 833 223 908 utilia,
235 835 341 897 saltem
355 837 518 901 ordinarie.

164 925 217 984 ta.
242 924 303 986 Soli
312 925 453 1005 Episcopi
467 926 499 988 in
514 925 651 990 conciliis
664 945 772 990 vocem
785 927 948 990 decisivam
961 945 1015 990 sau
1029 926 1102 989 deli·
1144 952 1149 958 ·

125 1009 252 1072 nitivam
264 1031 300 1074 ex
315 1013 414 1077 officio
423 1014 552 1088 babent;
566 1015 645 1078 banc
656 1023 757 1078 autem
766 1035 804 1078 ex
816 1015 973 1098 privilegio
983 1017 1103 1078 tantum

124 1099 240 1162 babent
248 1101 419 1166 cardinales
432 1123 493 1166 non
503 1105 656 1186 Episcopi,
667 1111 718 1168 aut
728 1105 858 1166 abbates
866 1104 994 1186 aliaeque
1001 1105 1102 1187 Digni

123 1194 204 1250 tales
217 1189 249 1251 in
269 1192 405 1254 conciliis
419 1194 620 1273 generalibus.

167 1277 253 1340 Circa
265 1280 347 1360 quod
358 1299 419 1342 non
434 1288 479 1343 est
492 1282 746 1363 praetermittenda
760 1300 891 1362 sequens
904 1283 1070 1365 propositio
1083 1285 1101 1346 l

125 1366 183 1428 Pio
199 1367 236 1428 Vl
250 1368 281 1428 in
295 1369 381 1432 Bulla
392 1372 549 1432 Auctorem
560 1369 633 1453 fidei
646 1371 801 1448 damnata,
814 1374 907 1447 mil,
920 1371 986 1452 §Ec
1002 1374 1101 1434 ullor·

128 1477 145 1514 c
166 1455 247 1518 trina
257 1461 316 1538 qua
326 1459 451 1521 Parcchi
464 1459 552 1522 aliive
561 1460 731 1522 sacerdotes
744 1461 775 1521 in
786 1459 903 1542 synodo
914 1461 1100 1542 congregati,

127 1567 144 1602 a
165 1549 367 1626 pronuntiant
380 1549 442 1609 una
459 1567 530 1610 cum
548 1549 697 1629 Episcopo
711 1554 858 1630 tanquam
879 1548 996 1627 judices
1010 1548 1099 1626 lidei,

127 1655 144 1690 a
166 1638 198 1694 et
209 1633 300 1696 simul
314 1635 450 1698 innuitur
458 1636 610 1718 judicium
624 1637 656 1698 in
669 1637 768 1698 causis
785 1637 873 1711 fidei,
887 1636 961 1716 ipsis
973 1655 1100 1719 compe-

128 1744 144 1780 «
166 1725 231 1784 tere
241 1724 310 1802 jure
329 1725 471 1806 proprio,
486 1731 516 1786 ct
533 1724 660 1805 quidem
674 1743 727 1806 per
741 1725 962 1787 ordinationem
977 1731 1101 1809 accepto

127 1831 144 1869 c
165 1845 208 1858 -
217 1809 410 1892 (declaratur)
421 1832 428 1874 :
438 1813 529 1894 salsa,
542 1813 709 1887 temerario,
723 1813 837 1874 ordinis
846 1813 1028 1876 hierarchici
1036 1814 1100 1876 aab·

127 1899 471 1978 «accumularemus
492 1902 636 1982 ficruitutt'
658 1901 864 1983 definitionum
880 1901 1100 1982 judiciorumue

127 2009 144 2047 ι
164 1988 397 2070 dopmcliccrum
411 1991 570 2064 Ecclesiae,
586 1989 627 2050 ud
638 1991 874 2052 mc'nuacrroncc.
890 2011 905 2049 a

164 2081 217 2140 tc.
241 2077 373 2142 concilia
395 2079 453 2140 alia
473 2086 544 2150 sunt
562 2079 711 2160 generalia
733 2097 787 2141 scu
812 2079 1021 2157 oecumenioa,
1042 2081 1101 2142 alia

125 2166 333 2248 particulatim
352 2185 421 2248 quae
435 2168 545 2230 iterum
560 2173 649 2242 sunt,
665 2167 713 2230 vel
728 2167 902 2244 nationalia,
918 2169 964 2230 vel
977 2169 1097 2250 provin·

124 2255 231 2334 cialia,
244 2256 290 2318 uel
300 2255 480 2318 dioecesana.

164 2345 334 2423 Generalia,
350 2345 399 2406 illa
409 2343 526 2406 suntad
540 2363 609 2426 quae
622 2350 827 2407 corrvocantur
840 2363 948 2406 ornnes
958 2345 1095 2411 Ecclesia

124 2433 301 2498 universalis
321 2434 475 2515 praesules.
496 2433 622 2494 Minime
642 2439 745 2494 lamen
765 2433 928 2514 requiritur
946 2439 981 2494 ut·
1001 2432 1095 2494 adsim

120 2525 228 2587 reveri
247 2541 355 2586 omncs
367 2523 510 2585 Ecclesiae
522 2521 682 2604 Episcopi,
698 2521 751 2584 sed
765 2519 876 2584 sufficit
889 2520 972 2604 qudd
986 2537 1083 2584 convo

120 2619 242 2675 centur.
265 2613 371 2674 Vocari
391 2611 504 2674 debent
518 2611 693 2673 auctoritate
708 2611 837 2673 Romani
854 2611 1029 2688 Pontibus,
1045 2613 1098 2693 qui

122 2720 179 2782 per
190 2700 378 2783 seipsumvel
389 2719 442 2782 per
451 2719 523 2762 suos
532 2701 659 2782 Legatos
668 2719 795 2782 praeesse
806 2699 906 2777 debet,
918 2707 948 2763 ct
957 2701 994 2762 ad
1005 2719 1097 2781 quem

122 2789 214 2851 etiarn
228 2790 358 2871 pertinet
370 2795 438 2852 acta
456 2789 576 2851 concilii
596 2789 788 2851 confirmare.
813 2789 980 2851 Concilium
995 2795 1097 2852 autern

122 2897 187 2940 non
201 2884 375 2960 potestesse
389 2880 459 2941 vere
473 2878 697 2940 oecumenicum
710 2879 768 2940 nisi
783 2880 801 2940 a
815 2879 846 2940 S.
863 2877 1009 2940 Pontifice
1023 2896 1096 2940 con-

121 2965 282 3046 firmetur,
305 2968 409 3030 saltem
429 2967 551 3048 quando
571 2967 635 3049 ipse
664 2986 726 3030 non
747 2965 866 3049 praefuit
889 2967 947 3028 nisi
965 2985 1019 3048 per
1040 2968 1096 3030 Les·

121 3061 219 3136 gatos.

161 3150 213 3210 Π.
237 3146 364 3219 Quando
377 3165 438 3208 non
453 3152 656 3207 convocantur
669 3145 809 3227 Episcopi
824 3145 917 3207 totius
932 3145 1094 3219 Ecclesiae,

120 3239 197 3298 tuno
210 3235 338 3298 concilia
352 3241 422 3296 sunt
437 3235 638 3316 particularia.
655 3235 823 3296 Nationalia
837 3241 908 3296 sunt
922 3232 1092 3313 quidem,si

121 3329 268 3387 vocantur
283 3323 321 3386 ad
341 3323 503 3385 concilium
524 3323 664 3404 Episcopi
685 3323 776 3384 totius
794 3322 922 3400 alicujus
944 3319 1094 3400 nationis,

120 3414 281 3478 convocari
295 3413 367 3475 verb
378 3411 489 3474 debent
502 3412 547 3474 vel
562 3411 773 3484 'aPatriarcha‚
789 3414 842 3472 aut
857 3408 876 3472 a
890 3408 1033 3488 Primate,
1049 3413 1094 3474 uel

119 3500 160 3567 ab
173 3502 233 3565 alio
247 3503 455 3565 auctoritatem
468 3501 617 3574 habenta;
640 3517 703 3562 non
721 3505 824 3561 autent
839 3505 966 3584 possunt
980 3517 1095 3562 convo-

119 3591 181 3654 cari
197 3593 215 3654 d
232 3590 373 3672 Principe
390 3591 456 3652 sine
471 3609 623 3652 consensu
644 3591 675 3653 S.
701 3588 870 3667 Pontificis,
886 3589 980 3656 eliam
994 3600 1096 3674 postu·

119 3679 556 3762 lantibusipsismctllpiscupis
565 3678 664 3759 (Gard.
676 3681 814 3753 Gousset,
823 3679 1015 3761 Eapcsiticn,
1025 3689 1094 3756 etc,

121 3790 153 3848 p.
176 3773 333 3844 939-241).
353 3769 548 3829 Prouincialia
569 3775 659 3844 sunt,
681 3767 804 3846 quando
826 3769 844 3829 a
866 3769 1097 3846 Metropolitane
