2580 4216
524 301 609 346 trouu
631 303 749 350 rotatus.
1066 291 1127 348 tas

190 399 264 477 Eius
285 415 396 460 munus
409 405 454 460 est
469 398 638 461 ministrare
651 399 689 462 ad
705 401 818 476 altare,
839 400 1033 479 catechizare,
1050 419 1125 463 cau-

152 493 215 548 tarc
229 485 442 566 Evangelium,
458 493 568 549 etcum
580 487 720 550 facultate
734 489 857 570 parochi
873 489 1047 570 praedicare,
1061 489 1129 573 bap.

152 574 252 651 tizare,
266 574 481 636 Eucharistiam
496 575 580 651 dare,
593 575 645 638 sed
660 577 759 639 solinu
775 577 805 638 in
820 579 1005 641 necessitate.

192 664 303 725 Munus
318 663 501 744 praedicandi
515 663 581 726 sine
593 664 735 747 Episcopi
747 665 844 742 venia,
860 665 950 727 etiam
965 665 1132 730 adiacouis

156 757 179 815 tt
195 751 378 832 presbyteris
392 753 523 814 exerceri
544 754 661 833 nequit,
893 743 899 757 '

192 839 296 910 Quoad
311 857 425 901 murras
437 841 605 922 baptizandi
619 841 662 903 sic
671 841 781 904 dicitur
792 841 824 903 in
834 861 951 904 canone
963 841 1111 905 Diaconos

152 928 221 989 dist.
238 931 287 1002 93,
305 947 342 990 ex
356 929 436 1010 Papa
451 931 569 993 Gelasio
586 949 593 990 :
614 930 778 1005 ulliacum,
792 931 907 1012 absque
919 931 1071 1012 Episcopo
1083 947 1122 994 ve

156 1039 171 1075 o
193 1017 388 1098 presbytero,
406 1018 553 1098 baptizare
568 1036 629 1080 nou
645 1017 790 1092 audeant,
807 1019 863 1080 nisi
879 1019 1030 1100 praedictis
1046 1021 1131 1082 ordi-

155 1126 170 1162 n
193 1103 282 1166 uibus
299 1105 417 1185 longiirs
429 1106 616 1183 constitutis,
632 1107 793 1168 necessitas
806 1108 975 1189 compellat.
991 1130 1007 1167 n

198 1216 212 1251 a
234 1193 279 1254 Ex
294 1193 416 1274 praelato
434 1202 534 1256 autem
549 1201 633 1256 textu
654 1197 736 1257 recte
754 1195 845 1257 infert
858 1198 955 1258 Gonet
969 1197 1051 1278 quod
1065 1198 1135 1259 talis

153 1281 327 1344 commissio
343 1283 446 1363 nequit
459 1283 589 1345 diacono
608 1283 671 1345 lieri
686 1284 743 1346 nisi
760 1285 800 1346 ob
814 1303 956 1366 magnam
971 1286 1130 1348 necessita·

154 1381 233 1444 tero,
258 1370 304 1430 ael
319 1370 459 1432 Ecclesiae
476 1371 651 1448 utilitatem,
669 1377 740 1452 puta
754 1372 779 1432 si
800 1392 861 1434 uon
880 1373 1020 1435 adessent
1033 1393 1129 1435 sacer-

153 1459 239 1520 dotes
256 1479 263 1518 :
280 1458 359 1520 velut
372 1459 477 1521 dicunt
491 1463 654 1536 Suarez...,
670 1461 792 1536 Palaus,
808 1462 970 1541 Sporer...,
985 1463 1041 1522 nisi
1057 1463 1133 1524 adsit

154 1548 316 1610 multitudo
335 1548 602 1629 baptizandorum,
621 1555 673 1612 aut
696 1549 751 1610 nisi
776 1549 925 1630 parochus
946 1551 984 1612 sit
1005 1552 1136 1630 graviter

154 1636 309 1713 infirmus,
324 1638 371 1706 vel
386 1638 681 1715 excommunicatus,
697 1638 743 1700 vel
756 1638 829 1700 alias
843 1645 1007 1719 occupatus
1019 1640 1133 1702 coales-

154 1725 291 1787 sionibus
311 1725 495 1806 excipiendis
517 1735 568 1789 aut
587 1726 804 1807 praedicationi,
824 1747 839 1786 a
859 1729 889 1788 S.
907 1728 1043 1808 Lignor,
1059 1728 1078 1789 l.
1097 1733 1134 1804 6,

155 1821 188 1874 n⁰
203 1817 271 1876 116.
535 1889 537 1894 Ι

195 1903 370 1965 Secundum
382 1904 562 1966 sententiam
577 1904 821 1965 communiorem
835 1910 864 1964 et
880 1905 1134 1986 probabiliorem,

152 1989 300 2054 diaconus
323 1992 475 2072 baptizans
500 1991 667 2053 solenniter
685 1990 749 2053 sini
766 1993 986 2071 commissione,
1014 1996 1074 2058 sive
1101 1998 1135 2058 in

155 2080 330 2142 necessitate
340 2081 400 2142 sire
411 2086 504 2156 extra,
514 2081 640 2142 incurrit
651 2081 912 2160 irregularitatem,
924 2083 948 2142 si
962 2082 1036 2144 illud
1046 2083 1133 2146 faciat

152 2187 191 2229 ex
210 2171 378 2230 temeritate
393 2175 423 2229 et
440 2187 511 2230 cum
531 2169 673 2241 scientia,
698 2187 786 2230 secus
808 2169 832 2229 si
857 2187 911 2248 per
932 2169 1134 2249 ignorantiam

152 2257 245 2319 etiam
260 2275 402 2319 crassam.
419 2257 494 2319 Vide
508 2276 574 2338 cap.
591 2255 628 2318 Si
640 2256 721 2338 quia,
737 2255 782 2317 De
794 2256 895 2318 cleric.
912 2277 968 2316 non
982 2259 1043 2321 ord,
1057 2262 1129 2321 min.

195 2345 298 2417 Quoad
314 2345 509 2406 Eucharistiae
528 2345 837 2421 administrationem,
868 2366 883 2404 u
900 2364 1044 2408 onmes..
1060 2367 1129 2410 cou-

157 2456 173 2491 a
194 2435 318 2496 veniunt
333 2433 413 2515 quod
431 2434 461 2494 in
477 2433 654 2495 necessitate
668 2435 815 2510 extrema,
829 2433 952 2494 absente
965 2436 1130 2509 sacerdote,

158 2545 175 2577 o
195 2521 341 2584 diaconus
354 2523 461 2603 poterit
477 2527 507 2582 ct
520 2522 670 2583 tenebitur
682 2523 832 2583 Viaticum
847 2522 1019 2583 ministrare
1034 2523 1136 2587 adhuc

157 2635 173 2669 a
194 2613 260 2674 sine
272 2612 525 2688 commissione..;
539 2612 692 2673 Diaconos
706 2617 819 2686 autem,
829 2609 902 2671 dum
912 2611 1131 2674 Eucharistiam

157 2723 174 2758 a
194 2700 361 2772 ministrat,
386 2700 475 2762 debet
503 2719 569 2762 esse
600 2699 724 2762 indutus
755 2700 973 2780 superpelliceo
998 2708 1028 2762 et
1056 2703 1135 2763 stola

157 2813 176 2852 e,
193 2793 398 2851 transversa...

198 2887 310 2949 «Cum
334 2887 533 2949 commissione
554 2887 644 2965 verb,
671 2887 874 2951 communiter
899 2887 1005 2951 dicunt
1029 2891 1133 2970 Suar,

157 2976 323 3049 «Paulus,
349 2979 392 3038 lle
407 2977 509 3057 Lugo,
535 2977 695 3053 Salmant,
719 2987 791 3054 eto,
813 2977 949 3038 sufficere
970 2981 1132 3042 necessita*

157 3087 173 3122 c
192 3069 254 3128 tem
264 3083 398 3146 gravem,
412 3065 522 3145 nempe
536 3066 607 3126 cirm
622 3065 724 3126 nullus
736 3063 812 3124 adsit
821 3065 972 3140 sacerdos,
986 3067 1121 3146 quicum

158 3175 173 3212 c
194 3154 283 3216 mode
295 3153 387 3234 possit
398 3152 597 3238 ministraren
608 3152 696 3234 (vide
708 3155 739 3214 S.
750 3151 886 3232 Liguor.,
897 3152 950 3214 lib.
962 3157 992 3229 6,
1003 3157 1113 3218 maan

193 3251 427 3312 Controrcrlitur
437 3267 578 3332 quaenam
591 3251 628 3310 sit
643 3249 767 3311 materia
778 3256 808 3310 et
819 3247 915 3310 torma
926 3249 1126 3314 Diaconatds:

152 3339 201 3400 alii
232 3338 338 3401 dicunt
365 3357 430 3401 csse
456 3339 552 3400 solam
578 3339 770 3401 traditionem
801 3337 867 3398 libri
896 3339 1132 3419 Evangeliorum

151 3447 223 3490 cunr
238 3430 294 3490 sua
308 3427 405 3489 forma
421 3447 428 3488 :
444 3425 569 3508 Accipe,
584 3435 641 3488 etc.
657 3427 714 3487 Alii
729 3426 835 3487 dicunt
848 3445 913 3488 esse
926 3426 1021 3487 solam
1036 3426 1128 3509 impo

150 3517 294 3578 sitionem
308 3534 456 3578 ruanuum
469 3534 541 3576 cum
555 3515 652 3576 forma
669 3533 677 3575 :
692 3515 803 3596 Accipe
816 3513 968 3596 Spiritum
982 3515 1131 3578 Sanctum

151 3604 190 3665 ud
202 3605 305 3667 robur.
330 3603 386 3665 Alii
402 3603 523 3666 tandem
543 3603 650 3665 dicunt
667 3603 728 3665 duo
747 3603 866 3684 praelata
883 3621 948 3664 esse
969 3606 1128 3666 materiam

150 3693 354 3756 essentialem.
370 3693 445 3754 Vide
466 3693 596 3755 rationes
613 3692 715 3754 allatas
733 3711 789 3773 pro
805 3691 976 3774 respectiris
990 3692 1047 3753 illis
1059 3711 1128 3756 sen-

147 3783 268 3862 tentiis,
283 3802 332 3864 ap.
353 3783 384 3844 6.
404 3782 526 3864 Lignor.
542 3783 605 3860 (lib.
622 3787 657 3858 6,
675 3793 709 3843 n⁰
723 3779 807 3861 748),
823 3781 875 3853 uui
890 3781 934 3842 sic
947 3781 1128 3844 concludite
