2616 4228
211 169 248 224 lt
481 173 631 218 rasurum
651 173 732 218 rums
753 173 900 220 cluomcr.

210 273 406 356 scriptumde
418 273 528 354 quibus
543 273 618 336 inira
634 271 784 355 (quamvis
794 275 904 356 pariter
919 274 1108 336 consuetudo
1118 280 1181 339 not

213 365 381 444 praescripta
395 381 457 424 non
472 361 558 424 iaciat
566 363 638 442 Jus).

249 465 293 522 Ex
321 461 366 521 his
389 466 469 541 patet
488 461 740 523 consuetudinem
762 462 893 526 multllm
917 462 1037 524 differre
1056 461 1074 522 ir
1090 481 1183 542 ,prm-

210 552 390 630 scriptione,
406 568 473 628 quae
501 548 650 611 introduci
678 557 775 630 potest
806 553 822 612 a
852 551 974 632 privatis
987 553 1125 632 personis
1154 560 1183 614 et

212 641 304 702 tendit
319 639 355 700 ad
371 637 599 718 acquisitionem
614 639 688 716 iuris
701 640 733 700 in
755 640 942 720 particulari3
959 639 1037 717 {dum
1054 657 1185 702 consue·

213 729 282 790 tudo
307 728 506 789 introducitur
527 727 680 790 lantumd
702 729 920 792 communitate
947 735 977 790 et
998 726 1114 790 inducit
1130 727 1182 808 jus

209 835 382 880 commune.

266 983 294 1032 2⁰
309 983 344 1034 lle
359 978 534 1034 contritorem
548 979 669 1046 regrdsitic
685 983 712 1031 ut
727 981 777 1032 vim
789 981 846 1046 lepte
857 982 944 1032 tabeat
960 963 1119 1034 consuetudo.

248 1121 297 1180 78.
323 1118 396 1178 Aliee
417 1116 614 1195 requiruntur
636 1133 672 1175 ex
693 1120 776 1194 parte
791 1115 1037 1190 Communitatis,
1062 1115 1129 1179 aliae
1144 1134 1182 1178 ex

209 1213 293 1290 parte
307 1207 401 1286 ipsius
416 1203 660 1279 Consuetudinis,
673 1202 739 1264 aliae
752 1221 788 1263 ex
801 1210 883 1283 parte
901 1203 1057 1283 Principis.

248 1309 271 1369 I.
295 1307 350 1366 Ec
360 1311 450 1384 porte
464 1302 694 1364 communitatis.
715 1302 906 1363 Consuetudo
931 1303 1033 1365 induci
1055 1303 1180 1367 debete

210 1393 440 1467 communitate,
456 1390 504 1452 cui
519 1391 622 1451 sallem
638 1409 707 1452 vcra
723 1391 770 1452 lex
784 1391 878 1471 possit
892 1392 1024 1472 imponi,
1038 1394 1054 1452 a
1066 1395 1181 1472 majore

207 1483 304 1564 ipsius
318 1489 411 1564 parte,
427 1497 463 1542 ex
478 1481 560 1540 certa
573 1480 709 1555 scientia,
726 1499 780 1560 per
794 1487 877 1541 actus
894 1481 1030 1560 publicos
1046 1489 1076 1542 ct
1090 1483 1179 1544 etiam

209 1571 333 1650 liberos,
349 1589 409 1632 non
423 1569 493 1631 vero
506 1588 543 1630 ex
555 1569 582 1628 vi
598 1575 648 1634 eut
660 1569 769 1629 timore
786 1569 912 1644 elicitos,
926 1588 998 1630 cum
1013 1570 1179 1634 intentione

208 1680 241 1724 se
263 1660 433 1741 obligandi,
456 1659 481 1719 si
502 1663 608 1738 agatur
627 1657 664 1718 de
679 1657 897 1718 consuetudine
913 1667 1026 1739 preter
1038 1659 1109 1738 jas,
1130 1666 1180 1723 aul

208 1751 297 1810 etiam
312 1749 388 1810 forte
406 1765 477 1808 cum
490 1746 673 1807 conscientie
695 1745 777 1826 quod
791 1746 868 1807 adsit
882 1747 1039 1828 obligatio,
1066 1757 1096 1810 et
1120 1768 1181 1812 non

208 1837 466 1916 interrumpuntur
484 1841 568 1896 actus
591 1841 660 1895 ante
684 1835 912 1897 consuetudinis
930 1836 1179 1916 completionem.

208 1929 279 1988 Haec
293 1924 491 2007 explicatione
503 1923 640 2002 indigent
657 1942 664 1984 :

247 2028 361 2089 Dicitur
375 2045 447 2105 ergo
464 2044 471 2084 t
489 2027 519 2085 l⁰
537 2026 558 2082 Α
575 2025 782 2085 communitate
802 2025 850 2085 cui
867 2025 981 2098 saltem,
999 2031 1075 2102 etc.;
1092 2027 1131 2090 de
1145 2048 1182 2092 eo
1288 2050 1289 2059 ¹

203 2115 267 2190 jam
279 2115 411 2178 diximus
424 2131 514 2194 snpra
530 2111 592 2194 (70,
608 2112 784 2194 dretturer).

246 2219 295 2276 79.
309 2218 388 2274 -20
400 2214 426 2272 A
439 2209 647 2291 nrojoreporte
661 2210 770 2290 ipsios:
785 2209 856 2290 quia
871 2208 1011 2288 obligatio
1025 2211 1179 2278 inducitur

206 2301 469 2378 &communitate
496 2300 703 2360 consentiente
719 2298 873 2379 principe;
898 2297 950 2358 sed
973 2300 1180 2365 acommuni·

205 2397 265 2454 tate
279 2393 380 2453 revere
395 2409 454 2451 non
470 2389 674 2466 induceretur,
691 2388 715 2448 si
728 2387 829 2448 minor
841 2387 1037 2468 perstantium
1050 2407 1180 2454 consue·
1278 2431 1284 2444 ·

205 2481 340 2542 tudinem
355 2485 493 2540 servaret.

244 2581 277 2638 In
292 2579 350 2639 hoc
362 2576 433 2637 vero
450 2573 617 2637 notandum
632 2578 687 2650 est,
701 2574 785 2652 juxta
800 2577 910 2637 Suarez
926 2574 973 2656 (de
986 2577 1074 2658 Lep,
1085 2579 1137 2642 lib.
1147 2587 1177 2657 7,

204 2685 271 2746 cap.
293 2669 325 2736 e,
353 2673 386 2724 n⁰
412 2668 463 2736 l3,
488 2663 518 2724 in
537 2661 624 2744 line),
651 2663 732 2743 quod
758 2667 1095 2728 roronesconveniunt
1112 2689 1179 2732 esse

204 2778 223 2814 a
243 2753 460 2835 computandas
482 2753 599 2814 tantiam
625 2771 768 2832 personas
788 2751 904 2814 habiles
918 2753 954 2814 ad
970 2757 1179 2835 praestandum

208 2866 223 2902 a
243 2859 425 2906 consensum
431 2888 490 2903 .....
516 2839 604 2905 Unde
628 2839 830 2902 excluduntur
855 2860 962 2903 omnes
990 2842 1123 2908 infantes
1149 2857 1178 2910 ct

208 2953 223 2990 a
243 2937 387 2994 amentes.
411 2929 510 3011 Aliqui
533 2929 624 2991 ctiam
644 2930 771 2991 ommno
784 2929 950 2992 excludunt
964 2930 1094 2995 feminas
1109 2955 1178 3016 quae

208 3043 223 3081 a
243 3039 303 3082 non
318 3026 443 3100 possunt
458 3019 557 3100 legem
579 3017 669 3094 ferre3
695 3028 725 3080 et
740 3019 772 3080 in
793 3019 863 3080 viris
885 3021 1050 3082 excludunt
1069 3041 1178 3088 omnes

207 3123 222 3170 'a
242 3111 375 3172 minores
398 3113 435 3170 25
460 3108 558 3170 annis.
582 3109 731 3170 Neutrum
752 3114 853 3168 tamen
880 3109 967 3171 video
992 3109 1178 3178 sufficienter

207 3201 263 3262 «ti
283 3199 350 3281 jure
376 3197 515 3278 probari,
552 3214 609 3259 nec
636 3195 752 3259 ratione
778 3196 926 3260 convinci.
963 3219 979 3257 r
1011 3201 1055 3260 lta
1083 3201 1175 3265 etiam

205 3289 235 3352 S.
250 3289 370 3376 Lignor.
389 3286 454 3367 (lib.
475 3290 500 3363 l,
516 3288 549 3346 n⁰
565 3289 634 3363 lor,
650 3289 686 3364 l.)

181 3415 187 3429 ι
241 3386 382 3446 eti—:r
394 3383 448 3444 Ee
458 3381 669 3444 certeiscicnticl
679 3401 691 3446 .·
703 3384 912 3446 Communitcr
922 3389 1061 3446 auctores
1071 3389 1175 3468 requi·

203 3489 217 3532 r
226 3477 272 3542 ml
283 3471 673 3552 illamconditionem,quia
684 3471 823 3554 princeps
834 3491 894 3533 non
905 3472 1175 3556 intenditacquies·

202 3575 268 3622 cere
281 3559 505 3636 consuetudini,
518 3560 574 3620 nisi
584 3561 786 3622 communitas
796 3561 866 3622 velit
876 3580 908 3623 se
921 3563 1081 3623 eximeret
1093 3563 1172 3646 lege,

201 3647 245 3709 rel
260 3647 315 3708 sibi
330 3648 428 3726 legem
442 3649 610 3726 imponere,
627 3648 708 3721 quod
724 3649 788 3710 lieri
805 3649 908 3728 nequit
923 3649 975 3711 ubi
990 3649 1073 3712 adest
1086 3669 1173 3716 error
