2526 4210
482 253 567 325 ursan
590 265 706 323 neruus.
1023 263 1078 324 201

98 402 117 436 <i
142 397 253 441 source
264 378 301 440 de
314 377 471 440 de'sordres
482 377 696 440 eternelsetde
714 377 1081 444 verelionscontinuelles

103 490 120 523 a
143 475 250 530 contre
263 469 291 530 le
304 467 420 547 (Ilerge,
432 467 608 548 usurpation
619 464 775 528 manifeste
787 465 840 528 des
853 465 947 529 droits
958 467 1001 529 les
1013 468 1081 549 plus

98 577 120 615 <r
142 558 246 618 sacrds
260 558 298 620 de
314 543 444 637 l’dglise.
460 577 476 615 n

141 648 177 705 2⁰
199 645 235 705 Hi
252 664 393 707 recursus
406 635 443 706 ad
464 649 641 726 poteslatern
656 642 830 705 saecularem
849 643 1045 723 prohibentur
1062 648 1079 707 b

95 733 288 807 canonibus,
303 733 468 814 etquidem
485 731 667 812 gravissimis
688 731 795 812 pinnis.
812 732 932 793 Constat
953 751 990 794 ex
1010 753 1078 795 can.
1161 789 1164 796 .

99 819 187 880 Bene
204 822 337 902 quidem,
358 807 426 884 disi.
452 825 507 896 96,
530 820 582 882 ubi
610 825 725 882 vetatur
753 820 973 901 «quibuslibet
999 822 1080 884 laicis

102 929 121 966 <r
143 912 284 988 quamvis
295 910 442 991 religiosis
453 911 497 972 uel
511 909 694 990 nitentibus
704 909 735 970 in
748 913 941 993 quicumque
951 911 1077 988 civitate,

102 1017 122 1052 a
144 998 281 1078 quolibet
297 1001 401 1068 m0d0.
418 999 531 1079 aliquid
545 997 709 1060 decernere
723 998 760 1059 de
773 997 963 1060 facultatibus
981 999 1079 1060 eccle-

103 1107 122 1144 «
143 1086 1080 1168 srasiicis,qu0rumsolissacerdotibusdisponendiindiscusse

145 1177 165 1235 li
180 1177 242 1236 Deo
256 1195 329 1238 cura
341 1178 501 1239 commissa
515 1177 677 1239 docetur.»

144 1266 181 1324 ln
196 1265 342 1327 [lecrelali
357 1265 492 1341 Qualiter
507 1269 556 1343 l'l,
569 1264 613 1326 De
621 1264 760 1346 judiciis,
777 1263 819 1326 sic
840 1265 972 1346 loquitur
986 1268 1080 1326 Inno-

100 1357 188 1414 cent.
204 1355 262 1414 lll:
281 1357 367 1416 «Nec
383 1373 436 1436 pro
459 1352 577 1416 delectu
597 1353 718 1434 justitiae
730 1401 748 1434 ,Ι
763 1353 862 1414 clerici
886 1353 1042 1417 trahantur
1064 1358 1080 1417 a

108 1463 124 1499 α
147 1441 232 1502 laicis
247 1443 444 1522 adjudicium
464 1443 627 1522 saeculare,
647 1442 729 1524 quod
743 1441 869 1504 omnino
891 1443 957 1504 lieri
976 1443 1080 1523 probi-

107 1529 296 1592 abemus.»

88 1683 92 1688 ,
148 1619 296 1681 blartinus
309 1623 354 1697 V,
372 1621 402 1682 in
416 1625 471 1684 sua
485 1624 586 1684 Consi.
604 1619 655 1683 Ad
671 1617 871 1700 reprimendos
892 1621 1079 1696 insolentiae,

105 1708 176 1768 latae
188 1711 509 1773 excommunicationis
517 1727 639 1793 poenam
653 1709 762 1790 inlligit
774 1708 935 1787 judicibus,
948 1709 1081 1772 officiali·

106 1797 166 1857 bus
180 1796 273 1874 laicis,
289 1799 495 1862 ecclesiasticis
510 1797 647 1882 personis
663 1797 855 1860 saecularibus
869 1798 914 1859 vel
932 1799 1080 1880 regulari-

106 1885 178 1960 bus,
194 1888 352 1964 cujuslibet
366 1888 536 1970 DignilaliS‚
547 1907 615 1968 quae
626 1887 738 1950 directe
748 1886 793 1948 rel
803 1885 948 1949 indirecte
959 1889 1081 1952 trahunt

105 1973 146 2034 ad
163 1973 263 2036 lorurn
278 1995 329 2040 seu
343 1976 494 2056 judiciuin
508 1977 621 2039 laicale.

149 2064 263 2125 Eadem
286 2069 374 2146 poent
394 2066 564 2146 plectuntur
578 2085 632 2147 per
649 2065 764 2127 Bullarn
780 2064 817 2126 Ia
837 2063 924 2128 Coend
938 2068 1079 2146 Domini,

105 2152 181 2234 qui,
206 2161 349 2233 praetextu
376 2155 486 2217 irivolae
509 2155 1081 2237 appellationis,causasecclesiasticns

105 2241 294 2305 transierunt
305 2244 343 2304 ad
356 2244 498 2306 saeculare
510 2245 619 2306 lorum.

150 2329 328 2410 Hujusrnodi
342 2334 548 2414 poenaevigent
558 2334 589 2394 in
599 2332 708 2405 Gallia,
724 2337 758 2392 ut
770 2337 887 2392 constat
899 2349 934 2392 ex
946 2333 1081 2396 oratione

106 2422 201 2501 supra
221 2422 310 2483 citata
326 2422 402 2483 Cleri
419 2422 582 2498 Gallicani,
600 2440 681 2483 anno
702 2423 778 2481 luto
793 2419 893 2497 (Mem.
907 2419 946 2480 du
961 2420 1079 2502 Cleant,

106 2518 131 2575 t.
149 2517 181 2586 7,
196 2511 253 2574 col.
272 2503 370 2591 1526),
388 2509 563 2574 ubidicitur
579 2529 586 2572 ε
607 2532 622 2568 u
636 2509 667 2572 Si
683 2511 765 2570 enlin
780 2527 834 2588 par
848 2509 875 2570 la
895 2509 1027 2572 de'cision
1043 2511 1081 2574 dc

110 2623 129 2660 ι
150 2607 215 2662 tant
233 2601 270 2661 de
285 2601 422 2662 Conciles
443 2608 472 2662 el
494 2619 548 2682 par
570 2599 598 2661 la
615 2599 743 2661 creance
758 2598 936 2660 universelle
958 2597 996 2661 de
1013 2607 1081 2662 tous

113 2709 129 2749 α
151 2689 196 2752 les
211 2689 324 2765 bd'eles,
335 2690 445 2752 durant
453 2695 518 2751 tant
526 2689 564 2751 de
576 2689 692 2762 siecle5‚
702 2695 771 2749 tous
781 2687 1079 2780 lesecclesiasliques‚

113 2801 129 2839 o
150 2780 204 2862 qui
216 2827 223 2856 ‚
235 2795 312 2862 pour
323 2798 355 2841 se
367 2779 528 2842 soustraire
543 2780 559 2840 b
572 2778 599 2840 la
610 2776 784 2857 juridiction
797 2775 834 2838 dc
845 2777 924 2839 leurs
933 2780 1080 2860 Eudonos,

112 2891 130 2930 a
150 2869 322 2950 appelaient
335 2887 372 2931 ou
385 2869 457 2950 juge
471 2867 609 2941 se‘oulier,
627 2865 814 2927 encouroient
827 2865 1000 2929 l’anatlime
1011 2885 1075 2931 ave<

111 2981 129 3019 α
151 2975 229 3022 ceux
239 2958 290 3038 qui
301 2956 559 3019 recevaientleurs
571 2955 805 3037 appellations...
820 2974 855 3016 en
869 2955 938 3036 quel
948 2959 1080 3018 etatsont

113 3071 131 3109 u
152 3047 194 3110 les
212 3047 328 3130 prdlres
349 3055 378 3108 et
397 3045 437 3107 les
451 3045 541 3127 juqes
560 3045 614 3127 qui
633 3043 743 3106 violant
766 3052 832 3104 tunt
854 3044 888 3105 de
907 3065 1013 3105 canons
1030 3047 1082 3126 qui

114 3163 128 3197 o
151 3138 234 3198 n'ont
251 3135 364 3216 jaracis
382 3137 426 3196 dte
448 3131 640 3216 rivoque'slr
663 3133 749 3214 Ergo
777 3133 880 3194 illicita
901 3133 1027 3194 ornninb
1053 3142 1082 3195 ol

110 3225 293 3291 damnabilis
310 3232 354 3285 est
376 3223 475 3305 praxis
490 3201 726 3304 appeltattoidm
749 3229 888 3302 tanquam
914 3221 952 3282 ab
973 3221 1081 3301 abusu,

110 3317 247 3397 talesque
261 3313 475 3395 appellationes
488 3311 611 3393 prorsbs
626 3311 716 3371 nullae
730 3317 759 3371 et
773 3310 910 3370 invalidae
921 3317 992 3370 sunt
1006 3314 1026 3372 ¹.

151 3404 300 3488 Objicilur
315 3407 345 3466 l⁰
363 3401 408 3464 bd
427 3399 596 3483 principem
613 3398 810 3462 christianum
828 3406 858 3460 et
875 3398 1082 3480 magistratum

143 3579 154 3605 ¹
174 3579 217 3622 bic
227 3570 304 3620 habel
315 3569 455 3633 Syllabusi
471 3569 515 3620 Pio
527 3569 558 3620 lli
570 3570 652 3621 aditus
667 3585 674 3620 a
688 3587 699 3615 ι
719 3566 788 3620 Civili
803 3567 948 3632 potestati...
962 3569 1088 3633 competit,

115 3646 238 3696 inedum
253 3643 294 3706 jus
316 3641 383 3704 quod
405 3648 508 3692 vocatur
530 3649 677 3707 coequatur,
691 3641 734 3689 sed
750 3640 823 3689 eliani
842 3638 882 3704 jus
904 3639 1087 3703 appellationis,

115 3717 389 3842 :xiguzmqngncupant
402 3714 432 3766 ob
446 3713 531 3765 abusu.
548 3732 559 3762 r
572 3713 615 3766 list
627 3727 696 3764 error
711 3711 750 3762 ll.
764 3710 790 3763 ll.
805 3709 878 3761 eliam
892 3709 917 3762 (l.
933 3711 1017 3775 dunat·
1031 3709 1088 3763 Sed.
