2526 4210
433 345 522 394 blatta
541 342 659 386 PRIMUS.
975 331 1031 386 257

68 459 125 504 rron
138 444 248 508 valebit
260 461 399 506 exercere
414 443 470 503 nisi
485 441 691 524 dependenter
706 443 723 503 b
736 441 925 522 beneplacito
940 441 1033 503 civilia

66 536 230 610 potestatis3
247 532 373 613 proinde
388 532 429 594 illi
445 531 623 610 subjacebit,
634 549 692 592 nec
702 531 832 611 amplibs
846 531 954 611 poterit
968 548 1033 592 esse

68 616 162 682 libera.
175 621 285 698 Ponti,
302 620 457 701 inquiebat
468 619 555 683 Card.
572 621 712 700 Caprara,
727 619 881 699 quomodo
893 619 1033 699 praedica·

64 708 119 768 ruri
132 711 329 792 Evangelium
345 710 469 772 tuissent
485 708 636 790 Apostoli,
652 709 677 770 si
691 707 837 788 gubernio
852 707 883 770 in
898 725 950 768 eos
963 706 1030 767 tali-

65 793 119 858 bus
129 797 246 876 juribus
260 799 352 879 potita
366 797 518 860 fuissent?
532 799 613 878 Ergo
634 797 734 859 omnis
746 797 824 878 juris
840 795 1031 858 ecclesiastici

62 887 199 960 predicta
210 888 356 968 legislatio
370 893 415 950 est
428 886 621 950 destructiva.
634 885 710 948 llide
721 887 753 947 in
765 892 867 947 nostro
883 883 1028 957 Maenali,

71 983 98 1031 n⁰
117 978 189 1053 813,
206 977 360 1058 quomodo
382 976 629 1058 respondendum
652 976 689 1038 sit
714 975 895 1058 quibusdam
921 973 1051 1056 object..

70 1065 100 1121 t).
114 1064 311 1147 Prompsaull.

68 1225 98 1279 ll.
111 1256 141 1268 -
150 1226 188 1282 De
201 1241 330 1295 vicanus,
345 1242 500 1286 emanans
515 1242 550 1284 er
566 1242 754 1286 coxurssrnns
769 1240 957 1294 cresconius,
970 1239 1028 1282 nra

104 1400 167 1460 390.
186 1399 303 1460 Vicarii
313 1399 473 1480 Apostolici
484 1407 556 1463 sunt
571 1399 610 1460 illi
625 1400 736 1480 quibus
750 1401 781 1462 S.
798 1397 936 1460 Pontilex
946 1396 1033 1459 alicu·

68 1486 111 1561 ius
122 1487 261 1550 Ecclesiae
274 1505 379 1549 curam
394 1489 573 1570 pastoralem
583 1488 753 1564 committit,
766 1493 799 1549 ut
809 1487 890 1547 illam
902 1504 962 1546 non
978 1503 1032 1546 suo

66 1573 116 1634 sed
144 1576 230 1658 Papae
259 1579 383 1640 nomine
409 1585 578 1640 exerceant.
605 1577 680 1638 Vide
708 1583 845 1637 nostrum
872 1571 1031 1646 biennale,

72 1671 99 1720 n⁰
112 1667 177 1740 815,
193 1673 250 1729 etc.

106 1751 241 1833 Praefecti
261 1757 430 1838 Apostolici
457 1757 599 1818 differunt
618 1757 635 1817 a
655 1753 779 1816 Vicariis
800 1753 977 1834 Apostolicis
1001 1755 1033 1816 in

67 1857 102 1900 eo
111 1843 188 1921 qndd
201 1845 336 1907 Praefecti
348 1847 409 1907 sint
422 1847 574 1926 simplices
584 1845 754 1907 sacerdotes
762 1862 772 1918 ;
787 1841 861 1906 dum
882 1842 1033 1906 ordinarit

72 1928 169 1993 vicarii
182 1942 334 1996 caractere
348 1935 509 2015 episcopali
525 1942 595 1998 sunt
612 1933 758 2014 insigniti.

106 2017 308 2084 commissarii
321 2024 486 2105 Apostola'ci
504 2032 573 2086 sunt
587 2023 607 2084 ii
622 2042 699 2104 quos
717 2024 747 2084 S.
766 2021 902 2084 Pontifex
916 2023 1032 2105 delegat

68 2105 104 2166 ad
126 2109 348 2174 informandum
372 2121 401 2174 et
425 2113 625 2192 judicandum
642 2111 743 2192 'super
766 2111 868 2192 aliquo
891 2113 1032 2192 negotio,

71 2204 151 2272 prout
163 2202 310 2281 contingit
324 2201 355 2262 in
370 2201 645 2283 dispensationibus
660 2199 942 2274 matrimonialibus,
959 2219 1032 2280 qrra·

74 2301 131 2346 rum
145 2291 280 2353 executio
291 2291 437 2352 committi
452 2293 525 2353 solet
536 2291 661 2352 Officiali
673 2290 906 2370 Episcoporum:
924 2307 1033 2351 vocan-

71 2377 205 2439 turetiam
224 2379 373 2460 Balepati.
389 2383 430 2440 De
445 2380 694 2442 lisconsulendus
708 2384 752 2439 est
765 2377 883 2439 Titulus
898 2379 1034 2444 Decreta·

71 2459 138 2524 lium
155 2466 197 2530 Dc
209 2470 304 2549 officio
317 2468 434 2530 Juaicis
448 2469 594 2551 Delepati.

111 2557 299 2638 «Delegatus
324 2557 409 2618 Sedis
438 2559 641 2639 Apostolicae,
669 2556 713 2618 rel
736 2557 918 2636 Legatorum
944 2557 1031 2639 ejus,

74 2660 90 2692 a
107 2639 187 2706 debet
201 2663 267 2707 esse
281 2647 461 2708 constitutus
482 2647 513 2708 in
531 2648 633 2728 aliqua
647 2645 798 2726 Dignitate
813 2645 1034 2721 ecclesiastict;
1047 2665 1073 2680 ²·

74 2746 90 2781 a
108 2730 148 2791 vel
162 2733 344 2810 Personam,
361 2743 413 2796 aut
427 2753 492 2797 esse
506 2737 676 2798 Canonicus
695 2734 837 2796 Ecclesiae
852 2735 1035 2798 Catbedralis

79 2837 90 2870 a
107 2820 176 2900 (cap.
190 2823 341 2884 statutam
358 2828 387 2896 2,
405 2825 449 2886 De
463 2826 624 2908 rescriptis,
638 2825 667 2886 in
679 2825 731 2903 6⁰),
750 2831 803 2886 aut
816 2843 881 2886 esse
895 2823 1035 2888 Officialis

79 2925 90 2956 a
108 2924 154 2970 seu
166 2911 301 2974 Vicarius
314 2914 468 2974 Generalis
480 2914 637 2995 Episcopi,
648 2913 694 2975 vel
707 2913 791 2975 Prior
805 2914 1032 2975 conventualis:

79 3015 91 3048 a
109 2995 193 3061 Clem.
212 3001 283 3061 Etsi
292 3001 479 3084 principalis
490 3007 518 3076 2,
532 3002 745 3080 cerasorum
761 3002 918 3082 (Ferraria,
935 3012 963 3063 r⁰
980 3001 1033 3064 be-

74 3078 191 3164 lcontus,
215 3089 256 3150 n¹¹
277 3093 316 3152 29
336 3101 365 3152 et
386 3091 450 3174 30.)
471 3091 534 3153 Sub
553 3093 678 3153 nomine
698 3091 810 3152 Prioris
824 3091 1034 3152 Conventualis

74 3173 186 3238 leniunt
196 3195 304 3240 omnes
318 3181 496 3260 Superiores
511 3180 730 3242 Conventuales
745 3179 940 3260 regularium.

108 3261 147 3322 lie
165 3264 377 3330 Protonotariis
402 3270 598 3349 Apostolicis,
626 3268 692 3330 vide
716 3275 851 3330 nostrum
876 3269 1032 3342 Manuale,
1106 3341 1107 3346 γ

77 3357 103 3406 n'
117 3352 181 3428 8t8,
193 3363 258 3418 etc..
