2548 4216
448 241 535 287 nruun
555 235 672 281 tatinus.
988 209 1044 267 303

100 414 102 418 ,
122 351 349 420 convenientitrs
362 351 462 408 autern
474 336 614 422 Episcopi
628 335 707 395 hanc
719 333 895 410 potestatem
908 332 1047 388 exercent

88 447 117 511 in
134 443 251 527 Synodo
267 461 274 502 τ
290 443 398 520 praeter
407 431 504 496 varias
518 427 649 490 rationes
668 437 743 502 quas
755 417 840 478 affert
855 412 967 475 Bened.
985 411 1047 474 xlv

91 535 142 616 (Ile
154 533 238 616 Spa,
252 530 302 590 lib.
320 531 350 600 5,
365 544 431 604 cap.
450 525 481 597 d,
494 522 528 579 n⁰
541 516 585 597 3),
602 514 667 575 haec
681 505 848 590 praesertim
870 509 912 564 sst
931 500 1050 582 ponde-

90 623 176 686 randa
191 643 198 684 :
218 624 278 682 «In
294 614 416 700 Synodo
431 611 506 672 lacta
518 599 706 688 (reservatio)
720 595 816 662 induit
832 598 969 654 naturam
982 590 1055 670 legis

95 734 109 771 s
127 731 201 793 quae,
218 709 301 772 nullo
315 701 549 772 contradicente,
562 695 707 775 perpetua
721 692 777 760 est,
792 689 832 757 et,
848 679 982 762 quandiu
995 695 1056 738 non

97 824 110 858 r
127 807 289 875 revocatur,
306 796 493 877 perseveret3
509 785 584 846 lacta
599 787 699 844 auteur
714 779 797 836 extra
812 768 982 850 Synodurn,
996 783 1058 826 non

98 915 112 950 α
129 890 164 952 ab
179 888 320 951 omnibus
342 884 496 962 reputatur
509 877 671 956 perpetus,
694 859 888 944 opinantibus
909 851 1061 938 plerisqtro

99 1003 113 1040 r
130 978 309 1060 theologis...
326 972 427 1048 illam,
442 962 606 1028 decedente
620 957 771 1038 Episcopo
789 952 882 1030 aquo
896 945 973 1006 sacta
995 948 1061 1016 ost,

100 1069 208 1131 oillicd
222 1065 401 1148 expirare.»
522 1109 524 1116 ,

133 1166 244 1230 Pluries
258 1160 376 1224 monuit
390 1159 421 1218 S.
438 1157 548 1232 congr.
564 1146 666 1228 Episo.
680 1148 710 1203 et
723 1143 799 1218 Reg.
815 1141 848 1198 ut
858 1150 967 1215 paucos
981 1129 1059 1190 dun·

98 1263 316 1333 tarat,eosque
330 1239 569 1328 expressioribus
586 1251 675 1298 casus
693 1224 832 1309 Episcopi
853 1221 908 1284 sibi
930 1219 1063 1282 reserva·

100 1353 171 1410 rent.
184 1349 225 1406 lta
238 1349 257 1407 9
271 1343 333 1421 jan.
349 1339 438 1410 root,
454 1335 494 1393 Ed
509 1347 577 1390 nov.
596 1327 684 1386 taor.

135 1442 245 1506 Eadem
260 1437 353 1515 Cong.
372 1431 423 1513 (Ed
436 1446 505 1490 nov.
524 1420 614 1501 taor)
630 1412 803 1498 prohibuit:
818 1409 890 1467 «Ne
905 1400 1069 1484 (Episcopi)

106 1531 191 1594 «sibi
209 1525 362 1610 superflue
382 1519 534 1582 reservant
553 1525 653 1582 casus,
669 1505 701 1565 in
723 1499 808 1562 Bulla
826 1495 884 1558 Dic
899 1493 996 1555 Coenoe
1010 1489 1069 1568 legi

108 1645 121 1682 s
139 1621 292 1692 consueta,
307 1615 486 1681 contentos,
504 1617 605 1681 neque
624 1596 698 1658 alios
716 1587 786 1652 Sedi
803 1581 981 1666 Apostolicae
1001 1595 1069 1659 spe-

108 1735 122 1772 r
138 1710 248 1774 cialiter
261 1707 424 1766 reservatos
440 1689 566 1777 (Bened.
582 1687 661 1761 XIV,
678 1679 748 1760 tl).

144 1831 159 1870 r
177 1803 315 1870 Facultas
329 1791 500 1862 absolvendi
515 1791 533 1850 b
546 1785 665 1848 casibus
677 1780 766 1859 Papae
780 1771 938 1836 reservatis
953 1783 1071 1846 nequa·

110 1925 123 1956 (ι
142 1914 230 1980 quarn
245 1888 371 1956 includit
381 1885 558 1968 potestatem
573 1863 906 1936 absolvendiacasibus
917 1851 1074 1920 reservatis

111 2013 124 2046 u
143 1988 301 2069 Episcopo.
313 1981 357 2040 lta
369 1971 527 2036 delinitum
543 1967 561 2027 b
575 1961 671 2026 Glern.
687 1959 731 2030 X,
748 1952 873 2017 Constit.
894 1949 1039 2030 superno.
1056 1963 1073 1999 n

530 2139 546 2219 5
567 2137 643 2198 rur.

294 2280 334 2346 tte
354 2282 500 2344 Potestote
521 2265 667 2352 Episcopi
687 2263 720 2322 ln
744 2259 885 2324 Clericus.

147 2445 251 2514 Clerici
266 2439 312 2503 vel
326 2440 398 2500 sunt
409 2422 571 2494 dioecesani
584 2421 632 2483 vel
647 2414 781 2479 extranei
796 2432 804 2472 z
820 2408 903 2472 unde
915 2407 978 2468 duo
993 2408 1083 2465 erunt

113 2544 221 2622 puncta
239 2553 248 2594 ι

180 2680 288 2742 1.-nr
307 2679 463 2733 rorrsrurn
481 2669 602 2720 snscorr
621 2669 648 2712 ru
667 2661 799 2709 cusnrcos
819 2654 1005 2702 ordcusrnos.

153 2837 222 2898 rra.
246 2824 326 2890 Nulli
342 2812 507 2896 antiquitirs
521 2802 739 2870 ordinabantur
752 2791 855 2858 clerici
870 2788 945 2871 quin
961 2783 1089 2866 alicujus

116 2921 255 2988 Ecclesiae
269 2909 389 2978 servitio
401 2899 667 2979 manciparentur:
683 2886 773 2968 tqud
786 2879 922 2945 Ecclesia
935 2873 1092 2938 discedere

118 3015 160 3075 eis
179 3029 241 3074 non
263 3001 371 3066 licebat
388 2993 454 3056 sine
477 2981 618 3069 Episcopi
639 2977 727 3041 venit
751 2992 760 3037 z
784 2971 857 3034 alias
880 2961 1093 3047 suspensionis

121 3116 240 3184 poenarn
254 3084 460 3156 incurrebant.

157 3201 229 3263 nee
257 3185 384 3256 salubris
408 3173 590 3257 disciplina,
617 3183 686 3247 que
712 3162 776 3242 jam
804 3152 948 3219 amonis
976 3145 1095 3210 saeculis

122 3286 321 3356 obsoleverat,
334 3271 470 3338 restituta
491 3261 546 3325 luit
569 3260 587 3321 b
613 3251 748 3318 Concilio
771 3244 906 3310 Trident.
925 3240 1018 3320 (sess.
1035 3238 1093 3310 td,

122 3395 187 3462 cap.
203 3373 256 3455 23)
278 3368 326 3430 bis
347 3358 469 3426 verbis:
494 3348 605 3412 ‹1de
629 3341 731 3406 nullus
752 3336 861 3399 debeat
881 3325 1025 3398 ordinari,
1042 3324 1104 3405 qu'r

127 3461 272 3547 «judicio
290 3455 337 3520 sui
358 3441 499 3532 Episcopi
517 3451 580 3502 non
598 3434 636 3496 sit
654 3429 736 3492 utitis
757 3431 809 3486 aut
823 3414 1012 3483 necessarius
1034 3413 1098 3476 suis
1160 3439 1164 3449 ·

129 3549 311 3621 «ecclesiis,
336 3545 368 3604 S.
393 3530 553 3618 synodus,
570 3519 703 3600 vestigiis
726 3514 801 3578 sexti
825 3507 952 3574 canonis
974 3501 1096 3566 Concitii

105 3657 115 3676 ··
130 3670 144 3706 r
163 3628 414 3707 Chalcedonensis
423 3614 612 3690 inbaerendo,
624 3606 727 3673 statuit
735 3611 769 3667 ut
780 3601 884 3664 nullus
894 3599 926 3658 in
942 3591 1100 3677 postertrnr

131 3757 146 3794 c
165 3731 320 3796 ordinetur
340 3719 406 3800 qui,
424 3713 468 3774 illi
486 3703 618 3772 ecclesiae
638 3704 690 3758 aut
704 3693 754 3774 pio
772 3693 855 3762 loco,
873 3705 926 3764 pro
941 3683 1028 3758 cujus
1048 3696 1098 3739 nc-
