2562 4224
476 299 561 343 maen
582 301 700 345 antuus.
1034 290 1071 349 87

90 429 103 452 n
131 400 237 463 laicali
253 399 384 480 exempli
400 399 511 462 luerint
525 399 649 482 (clerici)
663 447 670 476 ,
686 399 766 480 apud
780 417 886 462 omnes
899 406 1016 462 certum
1031 408 1076 461 est

90 513 106 548 o
132 507 209 551 eam
220 489 442 550 immunitatem
460 505 516 549 nec
527 488 590 549 tolli
611 506 719 570 posse,
736 488 993 568 necabrogari...;
1009 489 1075 549 licet

92 603 106 634 o
133 579 181 654 (S.
212 575 362 653 Pontifex)
385 576 498 656 optime
520 576 612 656 possit
636 594 704 638 eam
727 576 950 656 exemptionem
975 575 1078 656 quoad·

95 688 112 723 u
138 665 293 745 quosdam
310 664 434 726 ciericos
448 670 478 726 et
491 665 591 743 quoad
606 664 751 744 quasdam
767 681 872 726 causas
891 681 1040 724 revocare.
1057 684 1072 720 n

91 753 174 814 Vide
185 755 278 814 etiam
293 755 323 814 S.
341 752 473 832 liguum,
488 751 523 813 de
542 751 737 833 Prioilepr'is,
754 762 789 813 n⁰
803 753 893 813 XVlll
907 799 914 827 ,
929 751 979 812 ubi
996 750 1077 812 addit

91 841 184 922 qudd
200 841 303 903 clerici
324 845 513 902 «teneantur
533 842 564 901 in
579 841 768 902 consciencia
791 840 849 900 illis
864 838 981 920 legibus
1002 838 1075 899 civi·

96 953 113 989 a
138 929 244 1006 libus,
261 947 329 1010 quae
343 946 404 988 non
419 936 589 1008 repugnant
602 947 709 990 eorum
724 929 831 1004 statui,
854 945 913 987 uon
929 928 955 987 ri
968 927 1076 990 coerci-

97 1041 115 1076 α
138 1017 215 1091 tr'uri,
231 1023 264 1079 ut
275 1017 395 1093 dicitur,
413 1017 464 1077 sed
476 1015 639 1094 dr'rectr'ua,
655 1025 687 1078 ut
701 1017 924 1079 unilormentur
938 1032 1077 1082 ccurmu·

98 1129 115 1165 a
140 1107 241 1167 nitati.
258 1108 310 1166 Est
323 1123 486 1166 commune
499 1123 571 1166 cum
584 1105 754 1168 Salmantn

140 1197 214 1256 ¹60.
232 1197 357 1274 Insuper
371 1192 537 1254 notandum
549 1201 594 1254 est
614 1193 898 1272 «nullatheologica
913 1197 982 1254 nota
995 1195 1074 1274 carpi

99 1307 117 1344 α
140 1283 258 1345 debere
272 1283 447 1363 opinionem
462 1283 662 1362 quorumdam
673 1283 888 1345 catholicorum
901 1285 1073 1356 Doctorum,

100 1395 117 1431 a
141 1373 197 1453 qui
216 1373 328 1434 docent
348 1389 384 1432 ex
402 1373 484 1432 mera
508 1371 655 1433 duntaxat
668 1372 841 1452 principum
861 1372 1074 1447 concessione,

101 1483 118 1519 a
140 1478 235 1522 suum
250 1459 367 1522 clericis
389 1458 545 1520 obvenisse
558 1459 613 1519 lori
629 1459 815 1541 privilegium
831 1459 862 1520 in
877 1460 975 1521 causis
996 1466 1074 1520 tern-

101 1571 117 1607 u
141 1549 312 1629 poralilrus;
335 1547 426 1609 modo
445 1554 546 1609 tamen
568 1548 658 1609 simul
679 1550 880 1624 sustineatur,
906 1565 968 1607 non
989 1565 1076 1628 posse

102 1661 118 1695 o
141 1637 311 1699 Ecclesiam
327 1635 383 1698 hcc
394 1636 462 1714 jure
475 1636 568 1698 semel
578 1642 702 1715 accepto
716 1654 851 1716 unquam
867 1635 1000 1713 legitime
1011 1653 1077 1715 spo-

102 1726 208 1786 «llari
236 1727 338 1805 (posse
362 1725 442 1785 enirn
466 1724 619 1804 principes
645 1724 702 1785 hoc
725 1723 916 1804 privilegium
944 1730 1076 1802 repetere

103 1836 119 1872 a
142 1813 382 1876 cornorunitcra
405 1814 465 1872 uu.
488 1812 641 1894 catholicis
662 1819 808 1893 tanquam
831 1811 955 1873 omnino
969 1811 1076 1874 falsum

103 1925 120 1962 a
144 1901 352 1982 reprobatur),
368 1907 398 1963 et
411 1901 502 1962 modo
515 1902 655 1982 praedicta
669 1901 772 1981 opinio
786 1903 957 1962 Roman-uui
973 1902 1077 1962 Ponti-

104 2014 121 2049 «
143 1995 237 2052 ltcem
253 2009 313 2051 non
337 1990 582 2070 comprehendat.
599 1991 682 2052 luter
698 1989 871 2064 eatlrolr'eos,
889 1990 930 2051 ait
948 1990 1075 2065 Suarez,

104 2103 121 2139 a
143 2079 286 2140 Palatius
299 2097 422 2141 asserere
440 2097 528 2140 ausus
549 2088 589 2141 est
602 2081 719 2160 Papam
735 2097 792 2138 narr
809 2096 865 2139 esse
884 2079 1077 2160 exemptumrl

104 2192 121 2228 a
139 2177 285 2252 potestate
305 2167 393 2229 ciuili
407 2167 480 2248 jure
492 2166 594 2230 dt'ut’no
614 2169 657 2229 vel
670 2168 831 2244 canonico,
856 2165 905 2227 sed
919 2167 992 2249 jure
1008 2175 1077 2228 taa-

104 2281 121 2315 a
143 2259 208 2318 tion
223 2255 328 2334 er'or'lr‘,
349 2276 397 2318 sea
411 2276 448 2318 ea
463 2257 623 2339 prr'or'lepio
643 2257 895 2339 Imperatorum...
927 2256 1077 2317 Verumta-

105 2370 122 2404 α
143 2365 213 2407 men
228 2345 290 2407 ltree
302 2345 462 2422 sententia,
477 2354 619 2426 qautenus
633 2355 724 2406 totum
739 2344 791 2404 Irae
810 2343 1008 2425 priuilepium
1030 2363 1077 2404 re-

104 2459 122 2494 «
145 2443 230 2498 vocat
243 2435 275 2495 ia
288 2435 382 2496 solam
397 2433 583 2495 donationem
605 2435 830 2515 Imperatorum,
851 2432 939 2492 etiam
957 2430 993 2491 tte
1010 2431 1078 2492 aliis

104 2547 122 2584 o
144 2523 265 2586 clericis
282 2523 402 2584 Summo
422 2522 570 2605 Pontifice
591 2521 786 2604 Inferioribus
805 2521 971 2602 pmce‘er'osa
991 2529 1031 2582 est
1053 2530 1077 2582 et

104 2635 122 2671 o
144 2611 271 2674 mr'm'me
280 2610 473 2694 probanda...
491 2611 535 2672 lle
548 2610 669 2673 Summo
689 2619 785 2673 autem
801 2608 943 2692 Poatt'fiee
962 2612 1078 2672 onroirro'

108 2727 123 2758 a
145 2700 369 2781 reprehenderet
380 2699 500 2762 etiaim&
511 2699 665 2762 toleranda
679 2708 717 2762 est
733 2699 862 2782 (Defens.
879 2697 962 2780 fidei,
980 2699 1031 2761 lib.
1047 2706 1076 2776 l,

108 2815 123 2850 a
147 2790 185 2851 de
201 2789 369 2865 Irurrrmrit„
385 2807 413 2852 c.
429 2794 459 2866 l,
477 2797 510 2850 n·
523 2787 594 2869 2)...
611 2791 653 2849 lta
668 2789 776 2861 Bouir,
797 2786 832 2849 de
845 2786 977 2849 Judr'er'r's
988 2836 995 2865 ,
1006 2797 1026 2850 t.
1040 2793 1053 2851 I
1069 2837 1076 2862 ,

108 2903 123 2936 a
146 2898 179 2959 p.
197 2882 236 2940 89
249 2885 279 2938 et
290 2882 330 2941 90
340 2899 372 2954 r,
387 2877 439 2940 ulai
455 2878 578 2960 iusuper
592 2877 691 2953 addit,
711 2878 741 2938 in
755 2884 880 2939 tractatu
891 2873 927 2938 de
932 2879 1006 2959 jure
1016 2879 1078 2940 Ec

103 2966 205 3030 etesia
219 2965 343 3028 relatiua
356 2964 397 3028 acl
405 2973 559 3049 potestates
571 2965 694 3044 er'viles,
714 2987 729 3026 a
746 2971 778 3028 2⁰
791 2965 957 3029 Probamus
970 2967 1078 3030 dictam

107 3078 124 3114 a
145 3054 345 3137 opinionum,
362 3074 431 3138 quae
445 3055 583 3117 clericale
597 3053 653 3116 lori
669 3055 857 3137 privilegium
872 3054 964 3117 isola
978 3059 1078 3138 Impe-

107 3166 125 3202 α
145 3151 283 3206 ratarum
297 3145 492 3208 concessIcne
505 3143 632 3226 repetit,
650 3143 704 3206 etsi
716 3148 846 3226 nequeat
858 3147 986 3206 censura
998 3143 1080 3208 theo·

107 3254 125 3290 a
146 3232 247 3315 logica
261 3233 381 3312 percelli
396 3232 446 3314 (etl
459 3232 578 3314 quod...
595 3232 733 3294 nondum
743 3231 884 3314 expresse
896 3231 934 3292 ab
947 3233 1081 3296 Ecclesia

107 3343 125 3379 a
146 3320 290 3384 damnata
309 3319 423 3403 luerit),
449 3340 514 3384 esse
534 3327 637 3383 tarnen
652 3321 907 3403 omnipotetem,
930 3322 1070 3403 pernicio·

108 3433 126 3470 a
147 3427 210 3472 sara
223 3418 251 3472 et
264 3407 449 3473 demotum
461 3414 484 3472 ¹.
499 3431 515 3470 a

142 3641 148 3667 ¹
165 3637 301 3688 Damnatus
313 3637 339 3688 iu
351 3637 451 3704 Syllano
464 3637 499 3688 Pii
511 3637 543 3689 Ill
553 3637 689 3705 propositio
700 3651 817 3705 nequem
830 3653 885 3705 qua
897 3646 936 3692 sat
946 3639 993 3692 30:
1008 3659 1018 3688 r
1032 3641 1080 3692 Ec·

107 3726 119 3758 ι
139 3707 221 3760 alesia
233 3715 257 3757 et
267 3723 427 3774 personarum
440 3708 663 3760 ecclesiasticarum
675 3709 818 3761 immunitas
830 3710 844 3760 i
854 3710 911 3776 jure
923 3711 988 3761 civili
999 3717 1080 3761 ortum

110 3795 122 3828 ι
140 3779 237 3831 habuit.
252 3797 263 3827 ι
278 3778 339 3832 llam
350 3795 421 3848 prop.
431 3780 483 3834 25:
498 3799 509 3829 ι
522 3779 614 3832 Praeter
630 3785 777 3846 potestatem
789 3781 941 3846 episcopatui
958 3781 1082 3832 lahasec·
