2590 4214
518 297 603 342 arasa
624 298 743 344 antuus.
1057 285 1114 342 tat

134 397 341 478 giversatione
364 403 461 478 potest
483 397 592 467 celari.
614 399 668 460 etsi
693 417 746 480 per
772 397 888 479 aliquos
908 381 997 460 testes
1017 406 1117 478 posset

145 486 265 568 probari
271 506 282 561 ;
301 485 415 548 crimen
436 488 506 548 verb
520 486 693 567 publicum.
715 485 837 567 quando
854 487 946 562 seius
966 487 983 547 a
1004 485 1117 564 majore

145 580 229 654 parte
245 574 368 656 oppidi,
389 576 506 638 viciniae
524 576 569 638 vel
593 575 737 657 collegii,
757 575 848 636 modd
869 575 974 637 saltem
994 573 1035 635 ibi
1060 573 1116 634 sint

145 663 251 725 terem
265 681 413 744 personae.

186 761 229 819 lta
243 759 344 821 stricte
359 759 582 840 interpretenda
604 765 650 822 est
666 759 851 841 dispensatio
871 777 962 840 super
980 759 1119 839 irregula-

147 847 294 924 ritatibus,
308 854 341 909 ut
355 848 406 928 qui
420 854 466 910 est
479 847 668 930 dispensatus
680 867 735 930 pro
749 847 920 924 diaconatu,
934 847 1044 908 nonsit
1058 845 1118 906 dis-

143 942 289 1016 pensatus
304 955 359 1015 pro
373 935 549 998 sacerdotio.
567 935 632 999 lmd
645 935 835 1017 dispensatus
850 954 904 1016 pro
918 933 1075 997 ordinibus
1090 935 1120 996 in

146 1040 270 1103 genere,
284 1024 320 1085 sit
334 1023 478 1086 duntaxat
490 1025 680 1105 dispensatus
691 1043 745 1106 pro
756 1023 923 1086 minoribus
938 1023 1096 1086 ordinibus
1110 1070 1118 1100 ,

146 1111 206 1172 nisi
224 1111 287 1192 jam
312 1112 347 1174 iis
369 1112 472 1174 fuisset
493 1114 647 1189 initiatus3
670 1121 699 1174 et
721 1115 772 1194 qui
793 1119 838 1175 est
857 1113 1046 1192 dispensatus
1065 1129 1120 1193 pro

148 1200 242 1262 sacris
255 1199 428 1277 ordinibus,
449 1220 510 1264 non
527 1201 566 1263 sit
582 1201 752 1264 censendus
765 1201 955 1282 dispensatus
972 1218 1027 1282 pro
1042 1199 1121 1262 rre-

150 1288 268 1358 laturis;
284 1295 314 1350 et
328 1289 380 1369 qui
394 1307 450 1370 pro
467 1289 621 1353 beneficiis
639 1289 845 1371 simplicibus,
861 1291 975 1351 nonsit
995 1289 1121 1370 dispen-

149 1385 231 1438 satus
246 1395 300 1458 pro
315 1377 469 1440 beneticiis
483 1379 521 1440 ad
535 1397 640 1440 curam
653 1378 823 1440 animarum
837 1377 1059 1457 obligantibus,
1074 1377 1121 1439 vel

150 1484 207 1547 pro
231 1465 462 1528 Canonisatibus
484 1475 537 1528 aut
559 1465 767 1546 Dignitatibus.
789 1467 858 1528 Uno
879 1465 982 1541 verbo,
1003 1465 1123 1526 extendi

152 1573 213 1616 non
234 1554 322 1615 debet
347 1554 425 1616 dicta
440 1554 622 1636 dispensatio
636 1553 673 1615 de
695 1571 766 1615 casu
780 1553 811 1613 in
825 1571 928 1616 casum
953 1571 1014 1614 non
1034 1571 1123 1615 corn-

152 1642 333 1724 prehensunr
344 1644 374 1703 in
386 1642 483 1704 verbis
498 1642 740 1724 dispensationis.
755 1641 831 1703 Vide
842 1660 907 1722 cap.
928 1640 1059 1703 Incaluit
1072 1645 1122 1718 20,

153 1731 197 1794 ee
209 1731 375 1809 Eleatiane,
388 1738 459 1808 etc,
475 1739 504 1793 et
517 1731 631 1793 Concil.
648 1733 796 1792 Remense
810 1731 883 1791 anni
898 1731 988 1806 aaut,
1002 1750 1033 1812 p.
1047 1733 1098 1794 70.

629 1855 677 1912 ΙΙΙ.

314 1956 455 2031 Quaenam
467 1955 528 2016 sint
541 1853 777 2035 irrffpcleritctes
787 1973 825 2017 ea
837 1953 954 2017 delicto.

189 2081 264 2145 603.
288 2081 344 2142 Sex
360 2085 575 2156 recensentur,
591 2080 824 2161 provenientes:
859 2091 861 2098 '

194 2173 217 2232 l.
240 2168 290 2232 Ec
302 2169 458 2230 iteratione
471 2169 628 2250 baptismi,
643 2177 696 2230 aut
709 2169 803 2250 ipsius
814 2167 970 2231 aollcttone
984 2169 1020 2232 ab
1032 2169 1127 2234 terea

153 2261 212 2322 tiae
223 2257 371 2319 declarate
382 2257 514 2340 peraeta.
530 2259 568 2318 Et
581 2257 704 2338 quidem
726 2258 858 2337 primbm
882 2257 922 2318 ob
942 2258 1127 2339 baptismum

155 2348 233 2410 sarid
248 2353 278 2408 et
291 2347 420 2408 scienter
433 2346 575 2408 iteratum
590 2345 623 2406 tit
642 2345 814 2425 irregularis
836 2345 898 2406 tarn
921 2346 1125 2428 rebaptizans,

155 2443 191 2500 ut
202 2441 395 2516 constatcap.
409 2436 465 2498 Ec
479 2434 587 2511 litter,
599 2438 629 2506 2,
644 2435 688 2496 lle
701 2435 861 2516 Apostatt's,
873 2435 915 2497 sic
926 2438 1128 2500 communiter

156 2527 402 2606 interpretaturo,
417 2525 510 2604 quarn
525 2524 733 2603 rebaptizatus,
745 2531 777 2584 ul
789 2524 932 2604 probatur
945 2543 972 2586 e.
990 2528 1027 2586 65
1037 2571 1045 2602 ,
1057 2525 1126 2590 dist.

153 2619 206 2678 50.
222 2613 282 2677 Sed
301 2611 485 2693 probabilius
506 2612 670 2693 requiritur
692 2617 725 2673 ut
746 2611 939 2693 rebaptizatio
962 2612 1015 2674 liat
1037 2614 1128 2678 modo

155 2699 297 2766 wbtnui.
450 2735 464 2770 e

196 2792 266 2854 Non
276 2788 439 2855 ioeuuitur
453 2790 656 2871 irregularitas
670 2788 701 2851 in
715 2807 788 2853 casu
801 2789 1041 2872 rebaptizationis
1054 2812 1128 2856 eon·

154 2879 324 2958 ditioralis,
337 2878 379 2943 eb
393 2880 527 2962 predam
545 2879 673 2942 dubium
690 2879 729 2940 de
744 2879 897 2942 validitate
921 2882 1029 2960 prioris
1052 2883 1128 2966 bap-

158 2968 251 3033 tisrni.
267 2969 315 3030 dn
327 2975 429 3031 autern
442 2969 629 3044 interfatur,
644 2968 670 3030 si
686 2968 716 3029 id
735 2967 786 3029 frat
804 2967 844 3031 ob
860 2969 988 3031 dubium
1008 2989 1069 3032 non
1084 2979 1130 3034 sat

156 3057 304 3140 prudeus,
314 3055 556 3119 controvertitur.
570 3055 629 3118 Sed
643 3055 680 3115 de
694 3074 731 3117 eo
743 3063 773 3116 et
786 3055 968 3137 quibusdam
982 3057 1048 3120 aliis
1061 3061 1129 3123 vido

158 3153 300 3212 nostrum¹
310 3144 469 3220 Manuale,
483 3141 527 3206 11¹³
541 3145 619 3206 1186
633 3149 663 3204 et
677 3147 765 3205 1787.

200 3236 296 3296 Etiam
312 3233 485 3312 irregularis
496 3235 541 3295 est
556 3232 608 3312 vui
623 3231 753 3292 scienter
764 3231 803 3293 ab
820 3229 960 3294 haeretico
980 3233 1129 3299 declarato

158 3325 324 3406 baptizatur
335 3331 419 3384 extra
431 3338 534 3384 aasz&
557 3319 751 3383 necessitatis.
767 3321 839 3402 Cap.
865 3320 984 3383 Ventum
1001 3333 1055 3401 est,
1071 3327 1126 3403 18,

158 3430 249 3475 cerusa
264 3417 293 3487 1,
333 3418 384 3473 ,1.

199 3505 270 3563 eet.
292 3430 329 3561 1ss
352 3500 407 3561 Ec
429 3498 589 3560 uiolatione
607 3516 735 3559 censura
748 3496 784 3559 fit
804 3497 975 3578 irregularis
1002 3500 1128 3565 clericus

155 3591 287 3654 censura
301 3588 473 3666 innodatus,
489 3588 541 3667 qui
555 3589 669 3649 temere
680 3593 711 3649 et
723 3586 897 3648 solemniter
910 3596 1048 3666 exercet,
1063 3593 1128 3654 sine

158 3680 237 3758 iusta
265 3677 460 3753 necessitate,
484 3683 569 3739 actus
593 3675 707 3738 ordinis
729 3675 805 3736 sacri
827 3694 919 3757 quern
941 3677 1044 3754 habet,
1073 3681 1127 3742 etsi

160 3765 289 3829 invalide
303 3773 457 3833 exerceat,
473 3771 502 3826 et
517 3763 586 3826 lieet
600 3765 637 3826 sit
647 3764 809 3840 toleratus,
823 3765 915 3828 moda
927 3767 944 3830 a
955 3769 1084 3830 eensurt
1097 3767 1129 3830 id

1272 161 1274 206 t

1272 210 1275 270 l

1273 273 1275 346 l
