2590 4214
513 299 597 344 tlara
619 299 735 346 aarum.
1056 289 1113 342 lld9

142 399 387 481 distinguendum
409 405 485 464 inter
509 404 644 466 nondum
665 405 819 466 ordinatos
832 408 935 486 etJam
957 403 1112 466 ordinibus

141 489 299 569 insignitos
310 510 318 553 τ
329 493 444 572 priores
453 491 536 552 enim
545 493 635 554 veluti
646 491 1111 574 perpetudirregulareshabendi
1125 551 1142 563 ,,

140 585 221 640 sunt.
246 583 289 642 lta
303 581 525 657 communiter,
545 599 581 643 ex
602 583 663 643 tota
682 581 815 644 distinct.
837 586 886 644 33.
908 583 984 644 Vide
1003 582 1034 642 in
1050 581 1111 642 Mu-

89 715 92 720 .
140 668 226 729 nauli
252 669 290 731 de
305 669 486 751 quibusdam
500 669 634 744 casibus,
652 680 686 731 n⁰
697 674 786 748 tuln,
798 676 855 734 etc.

180 757 211 818 Si
228 757 266 820 de
284 758 346 840 jam
365 757 511 818 ordinatis
530 757 657 838 quaestio
679 759 863 837 instituatur,
886 779 952 841 cap.
977 760 1109 824 Commu·

139 846 238 924 m'ter,
253 847 323 908 dist.
347 850 406 923 33,
427 845 500 908 dicit
517 847 640 926 quidem
660 869 667 908 z
688 869 702 906 o
721 849 776 919 Qui
803 846 980 931 (epileptici)
1005 855 1034 908 et
1055 848 1101 926 ips

143 955 158 992 u
180 935 1097 1016 (obsessiltamdiireruntabofficiisuiordineetlocosuspensi

143 1045 159 1080 (ι
179 1041 339 1104 quousque
359 1025 447 1085 unitis
465 1023 539 1085 unni
559 1025 656 1106 spatio
671 1043 725 1105 per
744 1025 955 1087 discretionem
972 1025 1104 1104 Episcopi

143 1133 159 1169 u
178 1111 369 1174 inveniantur
379 1113 417 1174 ab
429 1113 551 1175 incursu
562 1113 710 1175 daemonis
723 1113 837 1175 liberati
847 1114 939 1190 ›i3sed
954 1113 1029 1175 illud
1044 1131 1109 1192 spa-

140 1199 216 1261 tium
231 1201 404 1262 uniusaurei
417 1201 607 1264 suarezutcit
623 1221 683 1263 non
701 1221 766 1264 esse
780 1203 811 1263 in
826 1221 896 1280 usu,
907 1211 937 1264 et
951 1220 1035 1264 nunc
1046 1219 1111 1263 esse

138 1288 278 1351 relictum
297 1291 481 1371 prudentum
498 1290 622 1368 judicic.
639 1291 727 1354 Unde
741 1291 765 1352 si
780 1291 860 1366 rard,
877 1311 904 1353 v.
925 1311 955 1372 g,
972 1290 1066 1352 semel
1080 1289 1109 1350 in

137 1395 262 1456 meuse,
281 1381 389 1461 aliquis
403 1379 506 1454 cadat,
523 1397 579 1441 nec
594 1386 734 1460 spumet,
755 1379 864 1460 poterit
878 1380 1013 1460 privatim
1033 1379 1110 1440 cele-

137 1465 237 1544 brare,
251 1467 393 1548 adiuncto
405 1467 686 1546 sacerdotejejuno,
702 1468 753 1548 qui
767 1469 890 1530 missam
899 1469 1008 1549 possit,
1025 1467 1111 1528 adve-

138 1555 240 1617 niente
254 1557 380 1632 morbo,
393 1556 550 1639 perficere.

178 1647 210 1706 3·
224 1646 392 1708 Illa'teruti:
405 1665 466 1708 non
477 1645 662 1708 concordant
673 1648 735 1708 ul).
750 1645 822 1727 quid
838 1645 886 1709 hle
898 1647 935 1708 sit
947 1645 1102 1724 intelligen

135 1732 212 1796 dum
233 1753 288 1815 per
310 1736 473 1797 illiteratos.
494 1734 581 1796 Tales
597 1741 699 1796 tamen
721 1735 880 1816 reputandi
908 1741 998 1811 sunt,
1026 1733 1108 1814 juxta

117 1823 168 1901 ,8.
185 1821 320 1902 signori,
337 1825 388 1886 lib.
405 1827 435 1898 6,
448 1825 481 1884 n⁸
495 1826 565 1899 790,
577 1823 630 1904 qui
645 1823 779 1903 linguam
791 1823 915 1884 latinam
927 1823 1033 1886 sallem
1047 1841 1108 1884 non

135 1911 319 1992 intelligunt.
337 1913 411 1974 Vide
425 1911 577 1988 Manuale,
594 1921 629 1974 n⁰
642 1916 716 1974 last
730 1960 738 1990 ,
752 1919 808 1974 etc.

176 2003 210 2062 ln
232 2001 280 2062 his
291 2002 386 2064 tribus
400 2001 492 2064 modd
504 2001 647 2082 expositis
661 2000 930 2084 irregularitatibus
944 2019 1001 2063 neo
1019 2001 1108 2064 etiam

135 2089 217 2171 Papa
230 2091 501 2171 valetdispensare,
519 2090 590 2171 quia
607 2089 781 2172 hujusmodi
798 2089 946 2150 inhabiles
954 2095 1025 2152 suut
1041 2090 1109 2168 Jnre

133 2177 252 2254 divino,
275 2181 335 2241 tam
354 2179 391 2240 ud
407 2178 630 2260 suscipiendum
646 2181 737 2259 quam
753 2177 791 2240 ad
809 2177 1011 2239 exercendum
1027 2175 1108 2239 ordi·

135 2285 207 2330 nem
228 2287 236 2329 τ
261 2273 397 2332 cessante
418 2268 557 2342 delectu,
581 2268 605 2328 si
630 2275 734 2346 agatur
759 2267 796 2327 de
825 2265 985 2343 illiteratis,
1013 2277 1108 2327 cessat

134 2356 262 2419 omnino
284 2357 495 2438 irregularitas.
522 2357 552 2417 Si
576 2357 649 2418 vero
671 2354 709 2417 de
735 2355 801 2416 aliis
827 2361 951 2436 agatur,
973 2363 1107 2417 cessante

132 2443 253 2524 delectu
267 2451 337 2507 ante
350 2445 582 2523 ordinationem,
603 2462 664 2506 uon
680 2448 777 2524 potest
793 2443 968 2523 dispensare
984 2443 1107 2524 Episco-

135 2553 212 2614 pus,
236 2535 306 2616 quia
333 2535 506 2616 dispensare
530 2553 592 2596 non
619 2533 696 2594 valet
718 2535 750 2594 in
778 2531 1046 2613 irregularitatibus
1072 2553 1107 2594 cx

133 2621 272 2698 defectu,
288 2625 345 2686 nisi
361 2626 393 2685 in
407 2624 526 2685 duobus
538 2622 704 2686 casibusde
715 2621 827 2702 quibus
837 2619 929 2692 intra3
945 2620 997 2683 sed
1007 2633 1108 2703 posset

133 2712 248 2777 sttlvere
263 2713 354 2775 dubia
368 2713 405 2774 de
420 2713 457 2774 iis
471 2719 593 2788 exorta,
613 2711 658 2772 vel
674 2710 753 2772 iniis
767 2709 952 2790 dispensare.

172 2805 207 2862 l⁰
227 2799 380 2883 Neophyti
397 2820 450 2864 seu
465 2807 602 2864 recenter
621 2800 773 2876 conversi,
794 2817 830 2861 ex
850 2817 916 2880 cap.
933 2803 962 2874 2,
977 2803 1007 2873 3,
1023 2804 1054 2877 l,
1067 2805 1105 2875 5,

130 2889 264 2952 distinct.
283 2894 332 2952 ul.
349 2893 438 2953 Juxta
453 2891 591 2952 Toletum
606 2896 635 2952 et
649 2889 739 2965 alios,
759 2894 827 2969 post
837 2888 1020 2950 decennium
1034 2908 1103 2950 neo-

132 2977 243 3060 phytus
266 2979 374 3044 desinit
395 2997 460 3041 esse
480 2979 674 3059 irregularis:
695 2979 757 3039 imd
772 2979 879 3050 autea,
896 2975 920 3036 si
938 2977 1105 3058 Episcopus

129 3067 244 3146 judicet
254 3068 340 3130 illum
353 3067 431 3130 bene
448 3068 583 3128 moribus
600 3065 770 3148 proiecisse.
788 3067 856 3125 Non
866 3070 968 3124 tamen
983 3067 1104 3144 proprie

131 3157 310 3239 irregulares
319 3165 391 3220 sunt
404 3157 455 3238 qui
468 3155 606 3217 nondum
620 3160 691 3216 sunt
700 3151 906 3215 confirmati...

169 3249 239 3308 617.
266 3280 304 3294 -
327 3249 363 3309 ll.
388 3247 441 3307 Etr
461 3245 576 3326 defectu
598 3243 740 3324 eorporis.
767 3243 834 3302 Non
859 3241 1005 3302 exstitisse
1026 3241 1102 3304 hano

130 3335 379 3416 irregularitatem
411 3341 480 3396 ante
506 3333 648 3414 quintum
674 3330 837 3404 sarculum,
862 3327 934 3390 dicit
952 3335 981 3390 et
999 3330 1103 3408 probat

127 3423 224 3485 Collet
236 3423 334 3501 (Cura.
350 3424 471 3506 compl,
489 3431 509 3485 t.
527 3427 576 3498 l'l,
592 3422 650 3484 col.
664 3419 748 3500 234).

170 3513 289 3593 Duplici
306 3522 407 3575 autem
426 3533 463 3574 ex
481 3513 578 3594 capite
600 3509 736 3593 procedit
749 3509 799 3570 illa
816 3506 1041 3588 irregularitas:
1056 3509 1101 3569 vel

129 3601 201 3682 quia
216 3601 340 3681 impedit
354 3619 526 3682 congruum
540 3599 659 3662 ordinis
672 3597 861 3674 exercitium,
877 3596 923 3659 vel
938 3595 1102 3677 quiaiudu·

127 3691 170 3752 cit
183 3688 347 3751 notabilem
361 3691 562 3752 indecentiam
578 3695 607 3750 et
621 3687 778 3748 horrorem
792 3686 912 3768 ingerit.

170 3778 250 3840 Hinc
264 3795 301 3839 ex
316 3778 415 3857 primo
426 3781 523 3852 capite
537 3773 709 3845 irregularis
722 3780 768 3836 est
783 3793 792 3834 ε
