2562 4224
464 245 550 302 urnas
571 262 688 308 rannus.
867 263 868 266 ¹
1010 245 1063 299 om

126 363 197 422 265.
215 393 254 408 -
269 363 301 420 4⁰
314 359 388 420 inre
401 355 626 418 reservationis:
649 357 723 418 dum
746 357 825 440 Papa
848 359 966 423 confert
989 360 1067 417 nerlu

85 448 234 510 beneficia
252 465 322 530 quea
335 448 402 526 lpse
412 444 467 507 sibi
482 444 623 525 privative
635 447 803 509 reservavit.
1071 439 1084 471 '¹

125 538 203 598 dum
217 537 256 600 de
271 535 349 598 lauto
364 532 457 596 Sedes
473 533 645 612 spostolicae
659 534 701 595 uti
716 554 778 597 non
798 537 890 602 soleat
904 541 972 617 jure
997 556 1062 599 con·

84 626 185 686 cursis
199 631 229 687 el
238 621 455 707 praeventionis
468 627 498 684 et
510 621 657 684 sufficiant
671 623 762 686 modd
771 624 849 687 diota
858 626 972 706 dejure
982 625 1067 688 devo·

86 714 232 790 lationis,
248 711 412 775 dicendum
428 729 511 772 vluna
526 712 644 773 tantiam
658 711 778 791 dejure
790 715 1004 777 reservationis.

125 802 256 875 Quando
270 804 302 864 S.
320 799 458 862 Pontifex
471 799 527 860 sibi
549 800 709 862 reservavit
723 801 905 864 beneficium
929 823 984 884 pro
1005 821 1063 867 unt

84 894 205 954 tantum
220 909 291 953 casu
306 883 487 964 vacationis,
504 887 553 950 illa
568 890 778 952 reservationis
792 891 901 954 modus
915 911 977 966 non
991 891 1052 954 dici
1147 961 1150 966 ,

83 993 133 1043 tur
148 980 272 1062 proprie
288 977 445 1040 reservatio
459 977 511 1038 sed
525 978 650 1058 affectio.
668 979 698 1040 Si
720 979 791 1042 verd
804 980 861 1042 sibi
876 980 1067 1044 reservaverit

83 1069 188 1149 quoad
203 1085 312 1130 omnes
326 1067 356 1128 in
372 1071 551 1146 perpetuum
564 1067 744 1140 vacationes,
760 1075 834 1131 tune
849 1071 970 1152 proprie
982 1087 1067 1132 voua-

85 1164 136 1220 tur
151 1157 324 1220 reservatio.

123 1248 213 1308 Juxta
225 1245 401 1308 canonistas
411 1244 502 1324 eoepit
515 1245 546 1305 S.
561 1243 654 1305 Sedes
667 1243 841 1324 huiusmodi
852 1249 1068 1310 reservationov

84 1335 143 1397 sibi
157 1335 292 1397 tribuere
308 1334 420 1396 saeeulo
434 1334 510 1395 Xlll.

124 1427 160 1486 In
173 1427 266 1486 Sexto
280 1422 479 1484 decretalium
494 1421 642 1484 beneficia
660 1442 729 1504 quas
746 1435 850 1488 vocant
868 1425 950 1507 apud
965 1425 1069 1487 Sedent

84 1512 293 1596 Apostolieam
308 1530 362 1574 seu
382 1511 413 1571 in
428 1509 561 1572 llonvnai
578 1510 692 1588 Carisi,
708 1520 897 1576 reservantur
912 1516 945 1576 S.
963 1514 1067 1574 Ponti-

84 1603 147 1664 uei.
160 1603 204 1664 lta
218 1619 285 1682 cap.
301 1601 385 1662 Lieet
397 1604 429 1675 2,
444 1599 486 1661 ne
499 1598 673 1662 Praebendis
686 1609 714 1662 et
725 1602 846 1682 Ds'qnit.
861 1608 891 1662 et
903 1619 969 1681 vap.
985 1603 1069 1663 Prte-

83 1693 239 1768 sentiat,
255 1689 392 1768 ejusdem
413 1688 500 1750 tituli.
519 1691 612 1750 Porro
633 1689 780 1752 beneficia
800 1697 905 1752 vacant
929 1690 961 1751 in
982 1689 1070 1751 Curia

85 1781 238 1854 Romana,
252 1777 375 1859 quando
394 1777 589 1839 beneficiatus
604 1777 732 1842 moritur
752 1779 783 1840 in
803 1779 870 1842 loco
888 1778 940 1841 ubi
962 1777 1070 1840 residet

84 1870 169 1950 Papa
187 1867 234 1929 vel
249 1867 434 1929 cancellaria
447 1867 533 1946 eius,
558 1872 611 1928 aut
631 1867 758 1930 moritur
779 1868 810 1929 in
836 1869 902 1930 loeo
922 1887 984 1931 non
1001 1868 1070 1948 plus

82 1957 209 2018 distanti
222 1959 316 2038 quam
330 1956 450 2018 duabus
470 1955 580 2029 diaetis,
596 1955 672 2018 idest
691 1960 731 2020 tu
754 1956 932 2019 milliaribus
949 1957 1069 2020 italicis

127 2049 204 2108 ltem
219 2049 318 2106 aessat
332 2044 397 2107 haea
411 2043 572 2106 reservatio
587 2043 612 2105 si
626 2044 825 2123 beneficium,
839 2047 917 2108 intra
933 2062 1070 2108 mensem

83 2132 345 2198 adinventionis
358 2132 611 2214 computandum,
628 2151 690 2196 non
707 2135 877 2196 conseratur
890 2137 907 2196 a
922 2137 953 2196 S.
964 2134 1070 2196 Ponti-

85 2225 144 2286 lice
161 2222 244 2305 (cap.
261 2222 417 2284 Statatnn
431 2227 462 2298 3,
474 2222 518 2284 De
532 2221 687 2296 Preeb.,in
700 2226 753 2301 6⁰).
763 2224 867 2284 -Sed
880 2224 938 2286 hoa
950 2221 1071 2284 extendi

86 2331 150 2376 non
162 2312 256 2374 debet
265 2310 302 2372 ad
312 2316 435 2372 ceteras
445 2311 662 2373 reservationes
674 2311 751 2372 infra
764 2312 974 2388 recensendas,
985 2312 1071 2389 juxta

84 2401 178 2464 Card.
195 2400 278 2480 Sogl.
298 2400 384 2479 (last.
393 2399 461 2479 jur.
473 2399 572 2481 pne..
586 2399 601 2480 ξ
613 2404 674 2478 90).

128 2494 191 2553 Per
226 2489 355 2570 primam
386 2489 521 2569 regulam
554 2489 762 2566 cancellaria,
793 2489 863 2551 Sedi
892 2487 1071 2570 Apostolioae

88 2586 283 2643 reservantur
308 2577 411 2640 omnia
436 2576 582 2638 beneficia
607 2595 675 2658 quea
701 2578 739 2638 ab
759 2578 924 2640 Ordinariis
944 2577 1072 2658 aliisque

86 2666 304 2741 collatoribus,
327 2673 432 2727 eontra
445 2666 638 2746 praecriptam
652 2666 669 2726 a
683 2666 858 2730 Tridentini
871 2667 995 2750 Synodo
1007 2666 1072 2728 ior-

88 2775 195 2832 mam‚
212 2755 319 2818 collata
333 2762 415 2817 sunt.

131 2849 204 2910 266.
229 2847 319 2908 Juxta
335 2844 421 2905 Card.
440 2843 540 2925 Soglia
554 2845 640 2925 (Inst.
654 2847 721 2926 jun
731 2847 829 2927 priv,
849 2846 941 2928 §90)‚
962 2868 978 2905 a
1001 2851 1071 2908 sunt

92 2961 109 2994 a
132 2935 272 3016 quinque
284 2933 520 2994 reservationum
534 2951 662 3014 genera:
679 2951 811 3014 namque
821 2935 970 2997 beneficia
979 2954 1070 2997 reser·

91 3049 109 3084 a
132 3030 244 3085 vantur
257 3021 303 3083 vel
317 3022 432 3082 ratione
444 3021 602 3104 qualitatis
612 3022 747 3102 ipsorum
758 3023 988 3096 beneficiorum,
1004 3041 1064 3102 qua

94 3137 110 3172 a
131 3113 170 3174 lis
185 3116 232 3172 est
245 3111 405 3172 reservatio
426 3110 682 3192 Episcopaluum
701 3111 871 3174 Primarum
886 3110 1069 3191 nignitatun

95 3227 110 3258 a
132 3206 164 3263 et
191 3198 410 3261 beneficiorum
439 3199 589 3278 majorum
615 3217 624 3276 ;
664 3199 711 3260 vel
738 3200 853 3261 ratione
878 3216 1071 3281 personarunt

95 3315 110 3348 a
132 3289 242 3352 eadem
255 3286 403 3349 beneficia
415 3287 630 3365 obtinentium,
645 3287 688 3349 uti
700 3287 846 3350 beneficia
855 3285 1073 3362 cardinalium:
1086 3359 1089 3376 Ι

98 3404 111 3438 a
133 3376 303 3442 Curialium
317 3383 347 3437 et
363 3375 449 3438 Sedis
464 3375 642 3456 spostolicae
660 3374 861 3450 Officialium3
889 3375 935 3436 vel
958 3375 1088 3437 ratione-

97 3491 113 3526 ι
133 3465 217 3527 modi
226 3471 411 3546 quovacant,
422 3464 512 3526 veluti
525 3463 809 3525 beneficiavaoanlia
816 3464 855 3525 ob
863 3463 1071 3545 privationem,

96 3581 113 3615 a
134 3553 381 3635 depositionem,
409 3552 601 3616 collationem
622 3551 744 3613 alterius
756 3551 988 3634 invvmpatibilis
1003 3574 1011 3628 3
1027 3552 1071 3615 vel

97 3670 113 3704 «
134 3645 254 3706 ratione
269 3642 327 3704 toei
341 3641 520 3716 abiverant,
536 3640 707 3718 eujusmodi
721 3646 766 3702 est
782 3642 942 3704 reservatio
962 3658 1071 3703 varan-

97 3757 114 3794 «
133 3734 212 3798 tium
224 3731 309 3814 apud
325 3732 356 3794 S.
373 3731 483 3794 Sedem
496 3737 548 3792 aut
567 3730 599 3790 in
613 3729 716 3805 Curia3
743 3731 788 3791 val
812 3731 944 3811 denique
959 3730 1071 3792 ratione
