2562 4224
217 296 270 355 102
489 307 640 369 eurupam
664 307 747 352 anais
767 304 915 350 caunum.

214 404 388 481 Canonicis,
404 424 502 468 causae
517 407 693 469 auctoritate
718 407 884 468 litterarum
904 405 990 469 Sedis
1009 410 1189 491 Apostolicae

214 491 250 555 de
263 499 371 554 cantero
385 495 611 558 committantur
622 499 645 558 ¹.

252 585 326 642 ltem
341 589 458 656 constat
472 602 508 644 ex
526 583 619 646 Clam.
636 584 707 646 Etsi
716 583 902 666 principalis
912 589 943 657 2,
956 585 991 647 de
1003 587 1189 673 Rescripta:

217 691 232 728 ι
252 670 314 730 Etsi
330 671 505 752 Principalis
519 672 658 736 Officialis
672 672 832 755 Episcopi,
857 683 908 736 aut
926 675 1088 756 religiosus
1111 683 1188 743 Con-

218 779 233 818 α
252 759 420 820 ventualem
435 760 574 823 obtinens
590 760 775 836 Primatum,
792 762 900 824 aseae,
914 761 1084 844 apostolica
1097 769 1191 832 valeat

217 867 233 907 n
253 846 316 907 dari
344 848 476 928 legatus,
504 851 536 930 in
563 849 686 912 officiati
709 857 811 912 tamen
830 852 987 930 Foraneo,
1013 860 1067 920 aut
1089 857 1191 920 Priori

175 1003 178 1006 ,
209 925 234 993 ἀ
256 933 429 1010 Claustralr‘‚
443 956 635 1020 nequaquam
647 939 704 1001 hoc
716 939 855 1002 volumus
869 941 1057 1004 observari.»
1073 945 1191 1010 Priores

215 1023 432 1085 Convenluales
445 1033 516 1088 suut
526 1027 578 1108 qui
588 1027 733 1090 canonice
744 1029 829 1090 electi
839 1035 867 1088 ct
877 1029 1048 1092 confirmati
1059 1042 1191 1114 praesunt

215 1113 409 1187 monasterio,
425 1119 455 1176 et
468 1123 538 1177 sunt
550 1116 775 1188 inamoviltiles;
791 1116 864 1178 dum
880 1117 999 1180 Priores
1014 1120 1191 1186 Claustrales

215 1207 284 1260 sunt
297 1199 315 1259 ii
327 1201 436 1280 quibus
447 1203 576 1266 abbates
590 1205 783 1267 committunt
793 1213 909 1286 partem
924 1206 1191 1275 administrationis

216 1293 246 1348 et
259 1287 297 1348 ab
313 1287 384 1368 ipsis
400 1299 525 1370 possunt
540 1293 682 1354 revocari.
1020 1294 1021 1298 ’
1221 1311 1223 1315 ’

254 1379 324 1438 202.
349 1379 478 1441 Nomine
496 1382 615 1444 Peioris
637 1383 845 1444 Conventualr's
865 1383 989 1446 veniunt
1003 1387 1096 1448 etiam
1113 1390 1190 1452 Prae·

155 1537 158 1542 Ι
216 1464 321 1543 positi,
337 1467 497 1547 Rectores‚
522 1469 684 1532 Guardiani
705 1471 817 1552 aliique
834 1490 962 1546 omncs,
991 1494 1189 1560 quocumque

217 1553 339 1616 nomine
362 1565 596 1640 nuncupentur,
622 1561 799 1641 Superiores
826 1562 1044 1626 conventuales
1073 1569 1190 1649 regala·

216 1657 305 1704 rrum.

218 1815 236 1877 h
254 1734 324 1832 203.
343 1735 471 1880 puaerit.
488 1740 519 1798 3ο
535 1737 636 1808 Qualis
647 1735 755 1798 debeat
768 1755 833 1798 esse
848 1745 933 1800 uctua
947 1739 1146 1822 delegationis
1158 1747 1192 1808 ad

238 1837 334 1880 omme

258 1908 353 1988 Resp,
373 1911 404 1968 l·
418 1910 469 1972 Vel
484 1909 606 1974 facultas
620 1911 755 1994 delegata
772 1915 939 1976 necessaria
953 1918 1047 1978 estad
1061 1921 1192 1985 valorem

218 1995 324 2072 actus,
350 2005 439 2078 prout
458 2019 485 2062 v.
512 2021 555 2082 g.,
577 2000 747 2083 jurisdictio
768 2012 798 2064 et
817 2005 993 2085 approbatio
1007 2026 1063 2086 pro
1078 2009 1192 2092 imper-

219 2083 318 2145 tienda
339 2085 548 2162 absolutionc,
574 2095 626 2152 aut
644 2090 765 2152 licentia
788 2093 804 2153 d
828 2093 960 2173 parocho
973 2095 1020 2156 vel
1035 2097 1193 2162 Ordinario

217 2172 410 2235 concedenda
425 2176 569 2238 sacerdoti
585 2177 615 2238 in
633 2180 720 2258 cujus
742 2182 901 2261 praesentit
914 2182 1133 2250 celebrandum
1149 2197 1194 2252 est

217 2261 444 2325 matrimonium
458 2285 466 2342 ;
489 2265 534 2327 vel
550 2265 598 2328 illa
612 2265 736 2329 facultas
749 2267 883 2350 delegata
898 2273 1063 2352 requiritur
1074 2279 1193 2340 tantdm

144 2414 146 2417 ¹
217 2367 272 2430 pro
286 2352 370 2413 actus
384 2351 527 2430 liceitate;
544 2355 671 2433 sicul,v.
688 2356 765 2438 g.,in
780 2359 1038 2424 administratione
1051 2365 1192 2449 baptismi

216 2438 263 2500 nel
277 2439 404 2502 aliorum
420 2451 677 2506 sacramentorum
692 2452 799 2526 praeter
820 2449 1027 2528 poenitentiam
1042 2461 1074 2516 ct
1087 2457 1192 2519 matri-

227 2542 369 2590 nonium.

257 2618 326 2676 aut.
356 2619 389 2678 ln
415 2619 513 2698 primo
540 2640 632 2700 casu,
662 2628 744 2686 actus
774 2624 971 2708 delegationis
1004 2630 1095 2695 debet
1129 2654 1194 2699 esse

215 2703 377 2786 positivae,
394 2706 423 2767 id
438 2713 484 2769 est
496 2729 674 2792 expressus,
690 2713 735 2776 vel
750 2713 855 2776 saltem
876 2717 915 2778 ila
938 2729 1140 2804 praesumptus
1162 2733 1195 2789 ut

218 2790 398 2872 quibusdam
414 2797 508 2876 signis
527 2798 677 2864 indicetur
690 2819 855 2866 consensus
868 2803 903 2866 de
913 2811 1056 2888 praesenti
1068 2831 1074 2872 :
1087 2833 1193 2894 quare,

218 2879 315 2961 iuquit
330 2883 359 2944 S.
377 2883 510 2965 Liguor.,
525 2907 691 2952 consensus
706 2893 789 2954 mere
804 2893 940 2957 internus
955 2916 1016 2960 non
1033 2901 1144 2965 sufficit
1158 2891 1198 2968 tau¹

218 2971 388 3045 communi,
408 2973 459 3036 lib.
476 2979 510 3053 7,
525 2980 603 3052 570,
630 2997 684 3060 pro
704 2978 898 3060 Poenitentit,
923 2992 952 3047 ct
974 2989 1123 3071 1101088,
1138 3012 1195 3074 pro

217 3057 408 3122 Matrimonia
422 3065 445 3126 ¹.
473 3065 558 3128 Ratio
580 3074 623 3129 est
646 3067 716 3148 quia
737 3069 821 3132 aliter
841 3079 927 3135 actus
946 3085 1024 3139 essct
1044 3079 1195 3145 invalidus

217 3150 320 3228 utpote
343 3168 449 3214 carens
479 3155 653 3218 conditione
678 3159 847 3222 necessario
870 3163 1013 3244 requisita
1035 3168 1074 3230 ad
1099 3170 1194 3253 ipsius

219 3362 386 3481 dfsllignitas
404 3373 442 3417 eat
460 3367 568 3420 odicium
585 3385 704 3422 annexam
721 3371 815 3426 trabem
830 3379 1020 3442 precedantiam
1042 3399 1099 3436 cum
1115 3388 1196 3456 juria·

235 3444 258 3480 rc
270 3447 336 3484 rona.

218 3571 223 3580 Ι
248 3499 399 3621 Pepsapatus
416 3507 474 3558 vert
494 3516 530 3561 est
548 3511 656 3563 officium
673 3529 793 3570 annexam
815 3518 909 3572 habens
929 3526 1121 3589 precedentium
1140 3533 1195 3584 sind

216 3585 278 3636 puris
297 3591 318 3622 rc
331 3590 396 3627 rona.

248 3644 258 3672 ¹
274 3642 371 3694 Sufficit
389 3649 448 3699 rard
465 3653 532 3704 mord
546 3661 661 3706 externus
679 3657 715 3720 (S.
734 3659 844 3728 Liguor..
863 3664 1194 3733 5l5,1088).ltttiumanim

218 3711 282 3792 tituli
294 3713 319 3762 in
335 3715 382 3767 hoc
398 3733 457 3770 casu
474 3721 533 3774 latet
545 3731 568 3775 et
586 3727 751 3780 communiter
767 3733 875 3800 ignorari
890 3736 978 3800 debat,
994 3740 1101 3805 proinde
1116 3746 1195 3812 jarta-

218 3779 350 3836 drctronem
363 3789 459 3855 supplet
472 3791 582 3846 Ecclesia
597 3796 708 3862 (Sancti,
727 3803 793 3866 tatu,
808 3805 870 3871 disp.
886 3807 925 3868 ἢ,
939 3823 969 3858 no
980 3811 1030 3872 ot).
1057 3827 1064 3836 ··
