2562 4224
209 222 268 280 roe
478 233 729 282 assumeremus
749 201 903 276 canosam

207 330 236 390 in
252 332 385 394 Ecclesia
399 334 504 395 saltem
518 333 632 402 Latina,
644 347 745 392 creare
760 346 853 388 novos
866 325 1081 406 Episcopatus.
1095 332 1122 390 Α
1134 332 1192 394 ior·

208 419 273 478 tiori
295 420 332 480 ad
355 423 518 485 Summum
538 420 717 482 Pontificem
735 415 866 498 pertinet
888 416 993 476 omnia
1014 417 1111 479 etiam
1137 421 1194 483 aiio

207 505 304 568 officia
319 507 485 573 instituere.

244 600 314 657 216.
332 599 434 670 Quoad
447 598 732 679 parochias,certum
743 598 789 654 est
801 592 867 654 illas
879 610 968 671 posse
978 593 1018 654 ab
1030 595 1195 678 Episcopis

207 684 332 757 institui,
347 687 452 764 positis
470 694 573 749 tamen
586 682 770 768 quibusdam
784 679 1023 743 conditionibus.
1041 684 1195 754 Quaenam

206 774 276 836 vero
291 775 350 834 sint
364 774 638 846 reconditiores,
656 771 729 834 illud
747 769 888 850 pendete
901 768 993 829 modo
1008 773 1193 854 erectionis,

206 881 275 942 quae
289 863 443 941 tripliciter
457 863 624 942 prasertim
646 859 710 922 fieri
729 863 844 940 potest;
863 855 1033 919 creationis
1056 879 1192 944 nempe,
1278 905 1279 924 2

208 951 481 1012 dismembratiom's
494 959 526 1012 et
542 951 679 1020 [litionis.

246 1043 315 1099 ΞΠ.
339 1039 503 1118 Eriguntur
517 1040 655 1120 paroeciae
667 1058 674 1099 :
687 1041 718 1100 1⁰
729 1033 872 1116 perviam
887 1033 1057 1098 Creotionr‘s
1067 1041 1194 1120 quando

207 1145 268 1188 non
282 1145 319 1188 ex
333 1129 539 1207 pertinuerat
553 1126 742 1204 portionibus
756 1122 968 1204 parochiarum
976 1124 1041 1200 jam
1058 1130 1193 1192 existen·
1278 1117 1279 1140 i

207 1217 284 1277 tium
302 1215 513 1293 efl'omrantur,
535 1217 588 1278 sed
609 1233 646 1278 ex
670 1213 784 1296 populo
806 1211 852 1272 vel
875 1211 1027 1274 territorio
1051 1219 1193 1282 nondum

208 1303 261 1364 utri
277 1303 426 1382 parochiae
440 1304 605 1385 adscripto,
627 1303 704 1366 siout
718 1299 868 1380 contingit
882 1299 912 1361 in
922 1301 1066 1381 portibus
1081 1306 1191 1388 infide-

209 1391 299 1466 lium,
316 1401 369 1453 aut
380 1392 457 1454 sicut
470 1394 570 1455 evenit
584 1394 616 1453 in
637 1391 746 1464 Gallia,
762 1387 861 1450 statim
877 1397 946 1468 post
959 1391 1193 1460 concordatum

210 1481 280 1540 anni
307 1483 401 1558 1801,
422 1483 590 1562 suppressis
610 1498 664 1562 per
686 1478 805 1540 Batiam
826 1476 886 1552 Oai
910 1477 1041 1552 Cdm'sti,
1064 1493 1122 1546 aut
1140 1507 1194 1567 per

209 1570 283 1631 ulios
297 1570 383 1633 Card.
400 1571 502 1652 Legati
522 1576 607 1633 aetus
620 1568 858 1649 subsequentes,
878 1567 1023 1630 omnibus
1038 1575 1194 1639 veteribus

211 1678 368 1739 paroecrrs3

248 1752 280 1809 2⁰
294 1749 351 1810 Per
361 1749 440 1809 viam
452 1746 726 1810 Dianzemdrotionis
737 1744 860 1828 quando
872 1762 909 1806 ax
920 1746 982 1807 unt
991 1746 1038 1807 vet
1051 1748 1193 1828 pluribus

211 1837 359 1915 parochiis
377 1838 440 1914 jam
454 1835 666 1912 existentibus,
688 1835 797 1917 aliquas
817 1840 917 1915 partes
931 1833 1146 1903 distrahuntur
1161 1855 1193 1906 ut

211 1924 409 1988 efformentur
423 1943 508 1988 novae
522 1923 672 2005 parochiae
684 1944 692 1999 ;

250 2016 281 2075 3⁰
302 2015 360 2075 Per
373 2014 451 2075 viam
467 2013 590 2075 tandem
616 2011 744 2076 {saionis
758 2011 881 2092 quando
902 2011 1004 2092 piures
1019 2017 1190 2094 parocbia,

211 2103 255 2164 vei
270 2102 356 2184 ptura
369 2102 516 2164 beneficia
528 2101 566 2163 ad
579 2119 673 2164 unam
687 2099 860 2184 parochiam
872 2100 1068 2182 aliquatenus
1081 2125 1192 2172 novam

211 2191 406 2254 reducuntur.
432 2193 475 2253 De
489 2191 616 2272 singulis
629 2189 802 2269 hujusmodi
823 2189 1037 2270 parochiarum
1061 2199 1191 2259 erectio·

211 2272 356 2344 nibus'dst
371 2279 419 2342 hie
436 2281 562 2342 seorsim
575 2277 796 2341 disserendum.

280 2423 300 2478 Ι.
313 2421 394 2478 --ΒΕ
409 2434 560 2478 seueriore
578 2433 771 2477 etnocamnuu
790 2433 843 2477 ren
856 2434 923 2478 vna
941 2435 1117 2485 cnerrroms.

248 2558 317 2618 218.
335 2553 411 2616 Nihil
427 2552 556 2634 speciale
569 2551 733 2614 dicendum
746 2556 793 2614 est
803 2551 841 2616 de
854 2551 913 2615 hoe
927 2553 1020 2617 modo
1030 2559 1189 2637 parochias

208 2642 364 2724 erigendi,
392 2643 449 2704 nisi
472 2641 571 2722 quod,
593 2641 667 2723 jura·
684 2641 857 2718 communi,
886 2641 996 2705 debeat
1017 2645 1189 2731 Episcopus

209 2732 384 2813 providere,
406 2731 437 2792 in
453 2732 602 2812 quantum
622 2728 688 2791 fieri
707 2735 819 2811 potest,
835 2729 873 2792 de
887 2731 1049 2795 sufficienti
1064 2739 1187 2817 parochi

208 2821 424 2882 sustentatione
440 2837 448 2881 ε
463 2820 526 2883 duo
539 2827 640 2880 tamen
655 2824 728 2881 sunt
744 2817 795 2881 hic
808 2819 1017 2900 expendenda.

246 2913 315 2972 219.
339 2909 459 2981 Quaerit.
484 2913 515 2972 1θ
530 2905 688 2981 Quomodo
708 2906 740 2970 in
760 2907 855 2970 Gallia
877 2910 1028 2991 parochia
1050 2912 1187 2980 sintari-

207 2999 336 3080 gandae?

245 3089 335 3168 Resp.
352 3090 397 3150 Ex
410 3086 566 3175 articulos
581 3086 759 3151 concordati
773 3091 871 3168 1801,
885 3106 973 3152 suam
984 3099 1104 3173 partem
1119 3096 1187 3159 Gu-

206 3177 347 3243 berniom
359 3177 469 3240 habere
482 3177 574 3240 debet
587 3177 618 3239 in
628 3176 779 3240 erectione
793 3195 940 3240 novarum
953 3181 1185 3261 parochiarum

207 3267 258 3331 hic
271 3275 316 3330 est
329 3268 411 3330 enim
425 3273 512 3328 tenor
525 3265 651 3345 hujusce
666 3265 783 3328 articuli
803 3271 823 3331 9
844 3284 853 3328 s
875 3287 891 3327 o
907 3269 1050 3352 Episcopi
1073 3271 1105 3334 in
1130 3279 1185 3339 sua

210 3379 226 3415 a
245 3357 374 3437 quisque
395 3355 532 3432 dioecesi,
553 3373 645 3418 novas
658 3355 804 3436 paroecias
821 3357 1074 3424 circumscribent
1089 3379 1098 3424 ε
1113 3382 1185 3444 quae

210 3465 226 3501 a
245 3443 482 3525 circumscriptio
499 3460 590 3506 suum
605 3462 668 3506 non
682 3444 823 3508 sortietur
842 3445 1004 3524 effectum,
1026 3449 1085 3513 nisi
1097 3463 1185 3534 post-

209 3551 224 3589 «
244 3549 336 3612 quam
350 3532 494 3594 Gubernii
509 3550 674 3596 consensus
685 3534 852 3598 accesserit.
869 3556 884 3595 r

243 3621 277 3680 ln
293 3620 385 3682 caint
398 3620 548 3700 parochiae
560 3621 788 3702 distinguuntur
807 3623 839 3686 in
859 3632 977 3688 carmos
992 3625 1110 3715 (aures)
1125 3652 1182 3698 seu

211 3709 327 3787 rropria
340 3707 450 3786 dictas,
466 3727 595 3790 quarum
608 3712 743 3776 titulares
756 3712 963 3778 inemoribites
972 3725 1061 3797 sunt3
1078 3728 1110 3785 et
1119 3743 1184 3786 suc·
