2526 4210
476 291 564 338 crssn
585 289 705 336 rnruus.
1019 281 1074 338 221

98 418 115 457 c
140 395 291 459 dicentis:
312 394 356 457 Tu
368 395 535 470 esPetrus,
551 399 581 452 et
594 409 682 472 super
694 389 769 452 lonc
786 398 904 472 petrem
926 391 1078 474 oedificabo

97 507 116 546 c
138 485 289 548 ecclesium
303 503 397 545 meam
413 502 420 545 ε
436 482 558 554 ethaeo,
581 497 650 560 quae
667 478 747 542 dicta
768 485 855 555 sunt,
877 498 980 542 rerum
1003 499 1077 562 pro-

98 596 116 633 e
138 574 250 636 bantur
264 572 439 648 effectibus,
456 570 527 652 quie
538 569 571 630 in
585 566 663 630 Sede
676 566 847 648 Apostolica
865 573 948 630 extra
971 587 1076 635 macu·
1096 587 1101 691 p

98 685 116 722 c
139 663 199 724 lam
216 679 337 743 semper
351 666 397 722 est
410 659 556 722 catholica
569 661 684 719 servata
698 655 822 736 religi03
838 657 1076 720 anathematize-

98 773 116 809 (ε
138 770 201 812 mus
214 768 311 812 omnes
320 751 494 831 qui,contca
507 747 648 810 Sanctam
660 745 824 806 Romanam
837 753 867 807 et
875 745 1077 826 Apostotieom

99 861 116 897 e
138 838 321 915 Ecclesiam,
334 858 400 899 suns
415 838 538 918 eciqunt
555 835 679 896 cervices
687 851 701 909 ;
717 841 865 916 sequentes
886 833 921 894 in
944 835 1077 897 omnibus

99 951 115 983 n
136 929 160 988 A
164 927 339 1010 postaticum
351 926 465 1003 Solem,
477 927 509 986 in
523 924 581 1007 quei
595 933 638 985 est
647 924 766 1004 intepru
778 930 807 984 et
822 942 889 984 uero
904 922 1077 987 christiano
1163 963 1166 969 ·

98 1038 115 1074 e
137 1015 293 1096 relipionis
313 1023 342 1076 et
357 1015 491 1097 perfectu
512 1012 649 1074 soliditas
656 1029 669 1087 ;
691 1010 929 1094 profitemurque
953 1031 1075 1094 seques·

97 1125 113 1162 e
136 1110 231 1164 tratas
254 1105 271 1163 a
297 1104 515 1164 communione
538 1102 679 1164 Ecclesiae
702 1100 874 1177 catholice,
902 1099 936 1162 tt
955 1109 998 1162 est
1019 1120 1075 1161 nen
1168 1115 1169 1124 ¹

97 1213 114 1251 n
135 1192 351 1253 consentientes
365 1191 440 1253 Sodi
452 1193 475 1253 Α
477 1191 642 1274 postulem,
649 1207 756 1253 eorum
772 1189 896 1252 nomine
906 1190 984 1252 inter
993 1207 1076 1252 sacre

97 1303 113 1340 c
136 1279 294 1342 recitanda
311 1299 371 1341 non
388 1298 453 1341 esse
473 1281 634 1360 mysteria,
650 1279 703 1359 qui
724 1278 862 1341 videlicet
880 1281 997 1341 Sanctae
1018 1281 1075 1354 tto7

96 1391 112 1428 a
135 1387 237 1430 manee
252 1373 283 1430 et
300 1368 476 1449 Apostolicae
495 1369 637 1430 Ecclesiae
658 1367 814 1449 privilegia
834 1373 952 1432 cessare
972 1367 1075 1430 nitun-

96 1479 112 1515 (ι
136 1463 227 1519 tur.»

131 1546 215 1608 Huic
235 1545 382 1608 doetrinae
410 1545 536 1609 adhaesit
561 1545 688 1627 ipsemet
717 1545 820 1606 Clerus
846 1544 1017 1606 Gallicanus
1044 1547 1075 1606 in

92 1634 229 1698 comitiis
243 1635 314 1695 anni
332 1638 405 1697 teat
430 1655 437 1696 :
458 1656 474 1693 c
494 1637 535 1697 Le
558 1637 637 1714 Pepe
657 1638 703 1695 est
716 1631 744 1694 le
757 1632 829 1695 chel
838 1632 876 1694 de
895 1621 1034 1714 l'Eglise,
1049 1633 1079 1695 Ic

96 1746 112 1782 a
136 1722 420 1794 contremiscite,
437 1723 501 1785 etit
519 1742 536 1784 a
554 1741 607 1784 sur
621 1741 699 1785 nous
721 1740 782 1784 une
805 1723 932 1784 autorite
953 1722 991 1783 de
1013 1722 1076 1803 pri·

94 1835 111 1870 c
136 1811 241 1872 maute'
258 1817 288 1873 et
312 1813 350 1873 de
362 1811 537 1889 juridiction
550 1813 702 1894 ques-u
717 1811 760 1873 lui
777 1830 794 1873 a
813 1811 933 1872 donuee
950 1811 1027 1872 dans
1048 1811 1076 1874 la

94 1923 111 1959 a
134 1918 289 1980 personne
303 1900 340 1961 de
357 1901 505 1963 Pierresi
517 1920 556 1963 on
568 1919 606 1962 ne
617 1901 775 1962 conveuait
786 1919 838 1982 pas
847 1899 885 1962 de
898 1918 948 1962 ces
957 1900 1074 1976 ve'rite's‚

95 2010 111 2048 c
136 2007 177 2049 on
195 1989 284 2049 serait
299 1988 528 2070 schismatique,
543 1992 573 2070 je
589 1990 656 2070 puis
675 1991 776 2052 meme
793 1989 858 2052 dire
874 1989 1030 2071 heretique
1055 2011 1072 2049 a

92 2076 369 2160 (Preces-verbone
383 2077 422 2138 clu
434 2079 538 2161 cler9i‚
550 2087 570 2140 t.
588 2083 619 2155 5,
635 2100 663 2159 p.
681 2080 764 2161 355).

135 2167 183 2226 Ex
197 2165 255 2227 hac
272 2167 496 2248 propositione,
513 2174 542 2230 et
563 2187 600 2230 ex
615 2168 702 2230 dictis
720 2167 920 2249 praecedentis
937 2167 1074 2241 articuli,

90 2255 191 2318 multa
205 2255 408 2317 deducuntur.

133 2371 205 2432 348.
230 2369 439 2434 Conoumnruu
452 2372 476 2432 Ι.
498 2403 539 2418 -
561 2367 638 2432 Vera
659 2369 773 2434 Christi
790 2370 941 2440 Ecclesia,
968 2371 1076 2430 merito

89 2459 227 2520 Rouana
242 2467 283 2518 est
298 2457 505 2539 nuncupando,
516 2458 626 2542 quippe
637 2475 864 2522 ouussrruums
874 2476 914 2520 eu
923 2461 1075 2524 Romame

89 2549 585 2611 ucuasrrnconvnnnsounnnc.
767 2547 769 2554 '

133 2662 206 2721 349.
230 2659 438 2722 Coaoummuu
458 2662 495 2721 Il.
509 2695 548 2705 -
568 2657 636 2722 Non
658 2659 792 2723 collectio
810 2660 993 2744 Pontificum
1013 2665 1074 2723 Ro-

90 2766 254 2810 manorum
268 2747 415 2810 lentescat
428 2757 461 2809 ut
475 2747 691 2830 indefectibilis
702 2758 743 2812 est
756 2750 900 2828 labendo,
911 2754 1076 2831 promouit

89 2837 287 2912 Bossuetius‚
308 2836 360 2898 sed
379 2838 576 2920 unusquisque
601 2841 750 2902 Romanus
775 2839 924 2922 Pontifex
945 2849 988 2902 est
1009 2842 1074 2904 ceri

89 2924 270 3008 infallibilis
282 2927 395 3006 quoties
407 2944 446 2988 ex
460 2929 623 2989 Curemus
638 2929 737 3004 docet,
754 2929 788 2992 id
798 2939 852 3008 cst,
877 2929 993 3011 quondo
1011 2939 1075 2992 ten·

88 3034 184 3098 quem
210 3014 309 3096 Caput
329 3015 472 3079 Ic'cctesc'ce
490 3036 528 3078 erc
545 3019 681 3100 supremi
701 3019 795 3101 ipsius
811 3027 954 3102 potestate
973 3020 1074 3100 loqui-

91 3113 149 3166 tur
168 3105 191 3165 ¹.

132 3209 276 3287 Etenim,
302 3229 339 3273 ex
365 3212 570 3294 propositione
597 3214 779 3296 praecedenti
795 3217 812 3277 a
828 3215 987 3279 Gallicanis
1002 3218 1074 3298 ipsis

92 3298 229 3363 admissa
242 3347 249 3374 ‚
264 3299 303 3362 de
322 3299 382 3362 tide
395 3308 440 3364 est
452 3302 626 3364 Romanum
645 3304 826 3368 Pontificem
848 3323 914 3368 esse
933 3313 1073 3372 centrum

92 3388 304 3454 necessarium
329 3393 421 3452 totius
446 3391 671 3454 communionis
685 3392 858 3456 catholice:
877 3393 908 3456 id
924 3403 986 3475 est,
1002 3417 1074 3462 cum
1115 3471 1118 3476 ,

94 3477 164 3560 ipso
179 3478 351 3541 necessario
367 3479 511 3541 servanda
526 3485 572 3542 est
583 3481 684 3544 unitas
702 3483 869 3563 praesertim
884 3483 914 3545 in
928 3483 998 3549 tide.
1015 3488 1074 3552 Sed

124 3655 257 3718 'Quando
277 3655 336 3708 vero
355 3655 466 3723 loquitur
487 3663 515 3708 ut
537 3659 628 3709 Ductor
652 3659 775 3725 privatus,
799 3664 957 3715 communitus
977 3669 1076 3716 tenetur

91 3728 165 3782 utum
185 3742 259 3794 posse
285 3742 387 3778 errare:
410 3729 523 3794 quamvis
540 3729 614 3779 etiam
635 3736 695 3781 tunc
711 3731 812 3797 quidam
831 3733 900 3786 illum
920 3733 1028 3786 habeant
1046 3741 1076 3786 ut

89 3798 258 3854 infallibilem.
267 3797 328 3850 vite
337 3798 456 3854 Ferraris.
469 3802 496 3850 r⁰
507 3800 585 3863 Papa,
598 3805 643 3850 ert.
654 3799 679 3858 Ξ,
692 3812 719 3850 n⁰
728 3803 768 3852 62.
