2562 4224
221 182 234 227 l

240 351 298 408 138
518 359 669 404 uterinum
689 355 770 400 rums
788 353 936 399 otuomct.

244 456 316 517 ade
346 461 471 536 persono
505 459 711 536 promovende
745 451 970 532 quamprimum
998 450 1037 512 ad
1066 453 1198 518 Sanctiss.

244 566 260 604 o
281 546 407 608 Rornon.
425 546 601 606 Pontificem
611 539 845 616 transmittatur,
860 543 894 600 ut
907 538 991 620 Ipse,
1006 539 1097 620 plene
1112 560 1200 623 perso

246 654 260 690 u
282 650 389 694 narum
404 635 509 694 notitit
523 633 644 707 habita,
660 648 715 711 pro
740 628 839 710 gregis
859 626 1009 689 Dominici
1030 628 1197 697 commodo.

240 743 261 777 a
282 720 320 782 de
336 722 411 798 illis,
427 724 450 783 si
467 721 565 783 idonei
580 719 688 800 reperti
704 717 833 790 luerint,
849 715 991 777 Ecclesiis
1005 717 1099 796 possit
1111 717 1201 779 utiliirs

240 831 262 868 -u
282 810 449 890 providere.
464 832 479 869 u

288 919 303 954 α
324 897 394 958 Haec
409 896 625 974 jurisdictionis
648 891 839 956 conferendae
862 897 1013 972 potestas,
1033 895 1075 956 ait
1091 895 1202 957 Piusl'l

249 1008 264 1044 u
286 985 386 1065 (Brer.
412 991 448 1046 m
470 1003 533 1066 apr.
562 985 664 1064 1191),
690 1001 727 1044 ex
749 982 827 1042 novt
852 979 1011 1060 discipline
1035 984 1053 1044 t
1081 983 1203 1064 pluribus

249 1094 265 1130 1
285 1073 402 1134 sacculis
420 1073 484 1151 jam
502 1079 622 1152 recepta
635 1074 653 1133 a
667 1069 804 1133 conciliis
819 1068 1031 1150 generalibus,
1053 1077 1082 1133 et
1094 1071 1132 1133 ab
1144 1073 1204 1152 ipsis

250 1181 265 1218 (1
286 1161 474 1222 concordatis
498 1162 694 1234 confirmata,
720 1175 758 1220 ne
777 1157 813 1219 ad
834 1158 1081 1238 Metropolitanus
1094 1159 1204 1242 quidem

250 1255 382 1329 «potest
407 1249 468 1311 ullo
491 1249 582 1311 modo
604 1249 752 1320 attinere,
784 1251 888 1327 utpote
910 1263 989 1326 quae,
1018 1247 1204 1311 illucrcrersa

252 1358 267 1396 r
287 1337 367 1398 unde
385 1337 583 1414 discesserat,
606 1335 697 1398 unice
716 1333 845 1396 resideat
864 1333 945 1415 apud
961 1333 1072 1398 Sedcm
1090 1340 1204 1419 Aposto-

251 1425 419 1488 olidam.»

288 1517 356 1576 262.
380 1513 477 1575 Variis
494 1519 596 1576 tamen
609 1513 798 1592 temporibus
816 1513 959 1572 insectata
979 1519 1025 1574 est
1043 1513 1112 1578 haec
1130 1514 1205 1576 disci-

248 1601 354 1683 plina:
891 1631 894 1639 .
1072 1609 1074 1613 ’

289 1697 321 1752 1ο
341 1694 426 1764 dam,
442 1690 552 1752 saeculo
565 1689 684 1751 decimo
698 1688 822 1767 quinto,
838 1687 1040 1768 reponebatur
1055 1691 1133 1752 inter
1145 1691 1206 1752 abu-

248 1797 301 1840 sus
315 1779 366 1859 qui
377 1785 461 1840 erunt
472 1777 594 1839 tollendi
604 1796 658 1858 per
670 1777 916 1838 reformationem
927 1776 1071 1842 Ecclesiae
1081 1780 1112 1841 in
1124 1779 1207 1860 Capite

249 1873 278 1927 et
292 1867 436 1927 membris
461 1885 469 1925 :
495 1865 577 1927 unde
600 1865 764 1927 concilium
788 1863 958 1926 Basileense
975 1866 1059 1944 (sess.
1077 1868 1126 1951 m)
1141 1885 1206 1929 anno

252 1957 346 2030 1133,
360 1953 484 2034 jubebat
498 1962 552 2016 ute
573 1975 588 2014 1
601 1953 658 2016 Per
669 1954 820 2017 electiones
834 1959 863 2014 et
876 1953 1123 2018 confirmationes
1133 1973 1207 2018 cano-

253 2063 269 2102 1
289 2043 388 2116 niens,
405 2041 572 2105 secundum
585 2041 660 2124 juris
677 2042 848 2104 communis
861 2041 1107 2122 dispositionem,
1123 2045 1207 2106 Eeclo·

253 2131 341 2192 asiis
366 2131 599 2211 lletr‘opolitanis
625 2136 654 2192 et
678 2130 903 2191 cathedralibus
925 2132 1101 2195 vacantibus
1124 2133 1206 2195 debiti

254 2241 269 2280 u
290 2221 521 2301 provideretur»
540 2239 547 2280 ε
564 2238 631 2300 quae
645 2219 799 2300 dispositio
814 2219 922 2280 inserta
936 2218 991 2280 luit
1003 2221 1116 2284 celebri
1131 2224 1205 2302 ng·

251 2308 366 2371 maticae
387 2307 557 2385 Sanctioni,
582 2325 651 2388 quae
670 2308 701 2368 in
720 2307 849 2368 comitiis
874 2308 1109 2374 bituricensibus
1127 2312 1206 2374 edicta

250 2396 315 2459 luit.

290 2485 347 2547 Sed
379 2484 594 2568 expetentibus
608 2503 662 2566 per
677 2484 790 2546 multos
809 2501 905 2545 annos
925 2487 978 2547 SS.
1003 2487 1205 2558 Pontificibus,

250 2573 372 2635 tandem
394 2575 536 2653 aluogata
555 2572 610 2635 tuit
628 2572 707 2634 diota
723 2572 906 2652 pragmatica
925 2591 978 2654 per
998 2575 1206 2639 concordatum

252 2662 384 2722 Leonem
399 2663 423 2722 X
438 2662 515 2721 inter
531 2678 566 2722 ac
579 2661 800 2722 Franciscuml
819 2659 942 2737 initum,
959 2681 1021 2743 quo
1040 2667 1164 2727 omnino
1183 2666 1206 2725 in

250 2748 344 2815 talne
357 2747 524 2829 suppressae
536 2748 619 2810 fuere
631 2749 811 2825 electiones,
826 2755 855 2810 et
866 2749 916 2826 jus
935 2752 1115 2815 nominandi
1133 2754 1205 2835 Epis-

254 2853 343 2918 mpos
354 2845 383 2898 et
400 2836 528 2900 Abbatos
540 2838 613 2919 Regi
624 2837 680 2900 fuit
694 2837 840 2899 tributum
854 2839 1027 2916 (concord,
1044 2843 1092 2904 tit.
1109 2847 1148 2923 3).

291 2931 323 2986 2⁰
343 2929 436 3001 ltem,
452 2945 533 2988 anno
551 2930 623 2989 1191
641 2973 650 3002 ,
670 2927 772 2988 Coetus
790 2926 969 3004 nationalis,
992 2947 1047 3010 per
1067 2931 1202 2994 Constitu·

251 3015 362 3076 tionem
396 3015 513 3076 civilem
543 3014 621 3076 Cleri
650 3014 819 3091 Gallicani,
848 3015 989 3096 antiquas
1015 3018 1204 3082 electionest

251 3104 362 3186 populo
377 3103 468 3164 laetas
481 3103 637 3164 restituere
651 3111 777 3164 conatus
793 3109 839 3164 est
855 3123 862 3162 :
883 3104 933 3165 sed
949 3107 1043 3185 quem
1061 3106 1204 3170 dissimiles

252 3193 349 3256 forent
363 3193 421 3254 illae
436 3211 519 3253 novae
539 3191 700 3253 electiones
720 3194 737 3252 a
757 3191 905 3254 veteribus
927 3191 1015 3256 facile
1034 3202 1082 3257 est
1106 3197 1204 3259 discer-

252 3299 339 3356 nere,
353 3280 556 3364 percurrendo
567 3279 707 3342 articulos
721 3283 752 3354 3,
765 3284 813 3354 16,
826 3283 862 3344 111
877 3281 964 3343 dictae
977 3283 1202 3348 constitutionis.

251 3389 319 3451 quae
340 3378 374 3430 ut
387 3369 591 3445 schismatica,
607 3375 729 3450 propter
742 3368 798 3430 hoc
821 3376 850 3430 et
870 3369 946 3446 alia,
969 3370 1113 3437 damnata
1126 3374 1175 3436 luit
1191 3370 1202 3431 l

252 3457 306 3521 Pio
319 3461 369 3520 Vl.

291 3550 323 3609 3⁰
336 3546 471 3609 Tandem
484 3545 617 3628 Napoleo
628 3547 651 3621 l,
663 3562 801 3625 quaerens
812 3545 889 3608 viam
900 3550 961 3628 qut
973 3555 1074 3627 posset
1084 3550 1204 3612 obtinere

252 3634 471 3698 institutionem
503 3635 745 3716 Episcoporum,
775 3652 836 3694 non
866 3635 1003 3698 obstante
1030 3639 1203 3718 oppositione

252 3725 337 3785 Sedis
362 3722 550 3802 Apostolicae,
571 3721 737 3784 Concilium
759 3721 878 3783 Parisiis
900 3742 981 3784 anno
1005 3730 1080 3788 t8ll
1104 3743 1199 3790 como·

253 3814 339 3870 cavit.
