2548 4216
164 237 223 296 398
439 248 588 292 evannum
611 245 694 290 surus
714 245 866 290 canonici.

166 348 292 429 tempori
305 348 447 409 absentiae
457 351 740 429 correspondentes,
751 346 941 408 restituendi.
953 347 1153 411 Probabilem

168 443 253 520 putat
267 439 297 498 S.
310 437 446 516 Liguor.,
462 455 534 499 cum
549 437 615 498 aliis
627 436 777 517 pluribus,
795 437 978 497 sententiam
993 456 1067 516 quae
1082 439 1153 501 dicit

167 544 232 588 osse
256 527 374 588 tantbm
398 524 615 607 obligationem
643 523 821 586 restituendi
846 530 963 604 perlem
991 525 1154 589 fructuum

170 631 237 696 quae
252 615 420 676 residentiae
435 613 653 696 correspondet
675 633 683 674 z
700 613 772 694 quia
786 613 902 675 fructus
919 614 1034 676 dantur
1050 622 1153 696 pasto-

170 703 253 765 ribus
270 723 331 764 non
345 703 442 765 sollrm
458 721 514 784 pro
525 721 619 765 onere
629 701 820 776 residentiae,
836 700 992 763 sedetiam
1010 722 1069 783 pro
1082 705 1156 766 reci-

171 793 282 855 tatione
295 792 386 854 divini
401 792 491 856 officii
506 798 534 853 et
549 791 614 852 aliis
626 791 806 853 muneribus
818 791 883 867 (io,
900 789 975 852 dub.
988 792 1035 873 t).
1268 833 1269 872 3

211 885 279 944 541.
296 882 418 954 Ouaerit.
438 884 489 945 10⁰
503 880 662 954 Quomodo
677 880 846 962 Episcopus
863 880 1032 961 procedere
1047 881 1156 944 debeat
1268 873 1269 888 ¹

172 979 280 1035 contra
294 970 442 1051 parochos
453 989 514 1032 non
530 968 721 1032 residentes?

213 1057 1148 1140 ltesp.LiberumestEpiscopo,sivepersubstractionemlruc

173 1156 280 1222 tuum,
297 1149 358 1210 sive
380 1167 434 1229 per
447 1165 606 1224 censuras,
628 1148 690 1208 sive
711 1166 765 1228 per
783 1147 985 1227 privationem
1001 1147 1145 1210 beneticii

117 1305 120 1314 ι
175 1237 337 1314 procedere
352 1243 457 1299 contro
470 1236 618 1318 parochos
629 1242 659 1297 et
672 1253 780 1297 omnes
790 1253 897 1297 curam
911 1235 1088 1298 animarum
1102 1238 1159 1299 lra-

176 1326 280 1386 bentes
293 1325 345 1406 qui
358 1343 419 1386 non
435 1325 577 1386 resident.
597 1327 637 1385 lta
651 1325 744 1386 donc.
759 1324 895 1386 Trident.
913 1326 1008 1401 (Sess.
1024 1329 1078 1400 23,
1091 1347 1157 1407 cap.
1270 1321 1271 1328 '

176 1419 191 1476 l
206 1462 214 1492 ,
230 1415 275 1476 De
288 1413 374 1496 rofi).

215 1504 246 1566 Si
260 1505 329 1566 velit
343 1503 507 1584 Episcopus
517 1521 570 1584 per
580 1501 780 1583 privationem
790 1501 943 1564 fructuum
954 1503 1079 1565 tanthrn
1094 1523 1160 1585 pro

176 1592 414 1668 cedere,tenetur
424 1609 539 1652 servare
548 1590 702 1652 intervalia
714 1597 743 1652 et
753 1591 945 1672 quantitates,
955 1599 1048 1668 prout
1060 1595 1160 1674 quoad

177 1681 342 1763 Episcopus
358 1679 563 1762 praescribitur
578 1678 672 1760 (Sess.
686 1683 727 1754 6,
743 1698 810 1760 cap.
829 1679 871 1762 l).
891 1682 935 1744 lta
951 1682 983 1741 S.
998 1682 1033 1742 C.
1052 1683 1159 1756 Conc.;

177 1778 206 1831 et
221 1770 296 1830 ratio
310 1777 354 1831 est
368 1768 450 1850 qudd
465 1773 591 1844 statuta,
607 1773 712 1830 contra
726 1769 892 1848 Episcopos
903 1787 965 1829 non
978 1769 1161 1840 residentes.

177 1857 355 1939 applicanda
371 1865 440 1919 sunt
451 1856 588 1938 parochis
605 1873 667 1917 non
682 1856 896 1931 residentibus,
906 1859 1051 1938 expresse
1061 1861 1162 1940 quoad
1272 1901 1273 1932 2

177 1946 377 2027 privationem
401 1945 565 2008 fructuum.
593 1947 691 2006 Potest
716 1951 816 2006 tamen
838 1945 1012 2028 Episcopus
1036 1947 1162 2030 exsequi

179 2034 395 2114 privationem,
411 2035 493 2097 nulla
512 2032 700 2095 observando
718 2034 893 2105 intervalla,
918 2035 1021 2115 quoad
1045 2037 1163 2100 tructus

179 2143 256 2204 quos
271 2124 311 2186 ob
326 2123 470 2185 omissam
482 2122 676 2184 residentiam
690 2123 840 2204 parochus
855 2143 916 2185 non
933 2123 1006 2186 iecit
1020 2144 1105 2189 suos.
1122 2130 1163 2187 lto

180 2217 211 2276 S.
227 2215 338 2294 Congr.
355 2213 470 2274 Concil.

220 2303 389 2364 Procedens
399 2320 452 2383 per
465 2300 664 2383 privationem
671 2300 823 2374 beneficii,
839 2321 900 2364 non
911 2310 1035 2365 tenetur
1042 2305 1166 2386 Episco

181 2411 237 2473 pus
252 2392 342 2452 citare
356 2390 522 2472 parocbum
537 2388 635 2450 tribus
649 2389 774 2464 edictis,
791 2390 843 2452 sed
859 2391 970 2454 sufficit
992 2412 1075 2470 uno,
1091 2413 1165 2457 cum

180 2480 382 2562 assignatione
393 2479 591 2559 competentis
604 2479 737 2540 termini.

222 2573 246 2629 Α
270 2568 402 2630 Decretis
422 2567 563 2649 Episcopi
584 2568 779 2629 exsecutoriis
799 2576 903 2630 contra
927 2571 1081 2652 parochos
1102 2591 1164 2636 non

180 2657 360 2731 residentes,
378 2676 438 2717 non
454 2657 542 2718 datur
556 2655 717 2738 appellatio
729 2657 766 2718 ad
779 2655 919 2720 effectum
934 2661 1163 2741 suspensivum,

181 2747 233 2808 sed
247 2746 390 2808 duntaxat
405 2745 443 2807 ad
456 2745 597 2808 effectum
612 2745 815 2809 devolutivum
829 2755 881 2823 ,ut
895 2749 1052 2830 colligitur
1065 2769 1102 2812 ex
1119 2751 1165 2813 bis

180 2835 347 2896 Tridentini
361 2834 461 2897 verbis
475 2855 482 2894 :
498 2853 549 2896 nec
566 2834 778 2896 exsecutionem
798 2835 1002 2916 appellatione
1025 2841 1166 2920 suspendi

178 2943 270 3006 posse.
287 2925 330 2984 lta
345 2925 560 2986 communiter.

260 3073 304 3130 lll.
317 3101 350 3116 —-
362 3071 400 3128 Dc
415 3085 597 3129 oaurrxrronr
610 3085 712 3128 xrssur
726 3085 882 3130 orrrasunr
895 3087 948 3130 rao
963 3085 1072 3134 rorum

218 3209 288 3268 542.
317 3209 471 3267 Tenentur
495 3204 618 3287 parochi
644 3205 736 3267 etiarn
764 3206 965 3284 amovihiles,
997 3209 1163 3295 vicariique

179 3293 302 3378 parochi
326 3293 363 3356 ad
386 3293 576 3356 offerendum
600 3313 655 3374 pro
678 3294 793 3375 populo
816 3294 924 3357 diebus
946 3295 1114 3362 dominicis
1136 3307 1164 3364 et

179 3385 261 3448 lestis
276 3384 313 3446 de
324 3392 494 3465 praecepto,
510 3383 723 3445 nonobstante
738 3383 843 3464 quavis
855 3387 1009 3448 contraria
1030 3407 1164 3453 consue-

180 3473 284 3535 tudine
298 3479 347 3546 ,ct
369 3472 486 3534 etiarnsi
506 3472 650 3554 congruis
674 3472 842 3536 redditibus
869 3492 931 3536 non
960 3477 1115 3542 truantur.
1132 3479 1162 3542 ld

179 3566 296 3623 constat
308 3579 345 3622 ex
357 3561 490 3622 Concilio
500 3561 635 3624 Trident.
652 3562 736 3639 (sess.
753 3565 805 3641 23,
820 3581 887 3646 cap.
901 3567 931 3642 l,
948 3564 992 3626 Ile
1007 3568 1162 3652 reform),

181 3647 354 3710 ubidicitur
369 3667 376 3708 :
399 3649 504 3710 uCirnr
519 3655 670 3730 praecepto
681 3648 785 3714 divino
799 3652 977 3714 mandatum
988 3655 1046 3734 sit,
1063 3659 1162 3718 omni-

184 3757 200 3793 r
220 3734 276 3796 bus
297 3736 409 3815 quibus
432 3737 604 3800 animarum
625 3755 697 3800 cura
720 3741 884 3805 commissa
907 3749 973 3819 est,
995 3762 1070 3808 oves
1094 3765 1163 3810 suas
