2590 4214
194 229 252 286 tt8
466 237 615 283 uterinum
637 237 719 282 aunis
739 233 886 280 canonius.

192 343 283 420 culpa
306 339 388 420 gravi
407 339 442 400 lit
461 341 643 404 eunuchus:
663 359 730 421 cap.
752 339 807 402 Ec·
819 347 905 420 porte
925 342 965 414 3,
987 341 1032 402 Dc
1052 361 1182 424 corpore

196 429 315 492 uitiato.

238 528 615 610 Necetiamlitirregularis
623 527 946 608 sacerdosjulvenstieri
955 529 1183 593 abscissionem
1286 589 1287 594 ,

201 617 328 678 membri
344 618 549 699 praescriptam
568 622 584 680 ὲ
601 620 739 693 medico,
755 617 847 678 modo
866 619 930 698 ipse
950 637 1012 679 non
1032 637 1185 700 exsequa-
1286 687 1287 702 χ

202 713 260 767 tur.
278 707 342 766 lmo
352 707 437 768 valde
445 707 638 786 probabiliter
651 707 832 768 eximeretur
844 707 882 766 ab
895 706 1121 787 irregularitate
1131 709 1184 788 qui
1286 709 1287 730 ³

202 793 356 872 adiuvaret
374 796 563 857 mutilantem
578 797 713 876 congrue
731 801 892 876 aegrotum.
1286 797 1287 812 ¹

244 893 313 952 615.
339 892 542 972 irregularitas
560 911 597 954 ex
617 891 781 978 homicidio
800 891 845 952 vel
861 893 1053 954 mutilatione
1071 913 1187 975 prove-

209 997 295 1040 mens
308 981 421 1041 lollrlur
444 998 496 1060 per
511 981 723 1060 Baptismum.
739 998 857 1060 excap.
874 979 914 1042 Si
934 982 1017 1062 quin
1039 983 1113 1044 dist.
1128 987 1185 1046 50:

203 1073 236 1128 et
255 1068 350 1146 perdi
353 1068 575 1148 sponsationam
590 1069 620 1130 S
637 1067 808 1144 pontificis,
824 1071 876 1148 qui
892 1069 1072 1148 dispensare
1088 1078 1187 1151 polest

205 1155 299 1214 etiam
314 1155 580 1257 inirregularilate·
594 1175 630 1218 ex
645 1155 998 1246 homicidiovoluntario,
1015 1158 1089 1219 licet
1103 1159 1190 1221 ordi-

209 1243 294 1304 naric
308 1261 369 1303 non
384 1243 499 1319 deceat,
515 1251 544 1305 et
558 1244 601 1306 sic
614 1245 740 1326 intelligi
754 1223 883 1306 debetc.
900 1244 1030 1318 Minor„
1047 1245 1122 1308 dist.
1138 1250 1187 1310 50.

251 1339 391 1420 Episcopi
403 1347 529 1420 possunt
542 1341 666 1422 quidem
681 1341 877 1422 dispensare
870 1361 900 1404 rn
911 1343 995 1404 omni
1008 1343 1089 1403 irre
1074 1346 1190 1419 puleri-

209 1432 270 1488 tate
287 1447 325 1488 esc
338 1428 444 1489 delecto
462 1429 576 1490 occulto
588 1430 784 1510 proveniente
799 1429 891 1492 etiam
903 1450 941 1492 ex
954 1431 1066 1492 delicto
1078 1415 1190 1495 occulto

209 1515 409 1578 mutilationis
424 1519 610 1592 voluntariae,
632 1526 683 1580 aut
700 1518 854 1580 homicidii
878 1519 1008 1582 casualis
1027 1523 1137 1596 mixti,
1159 1532 1191 1584 ut

207 1611 329 1666 constat
351 1625 386 1666 ex
408 1607 521 1668 Concil.
537 1606 671 1668 Trident.
692 1614 778 1686 (sess.
792 1612 831 1668 24
844 1626 882 1683 ,c.
898 1607 947 1688 6);
964 1608 1069 1670 sodex
1083 1609 1190 1671 eodem

212 1694 327 1754 Concil.
356 1694 427 1775 (it.)
455 1696 551 1776 excipi
575 1695 664 1756 debet
686 1714 721 1756 ea
749 1715 818 1776 quae
843 1696 938 1758 oritur
957 1715 994 1758 ex
1023 1695 1191 1760 homicidio
1286 1733 1287 1746 κ

208 1781 401 1854 voluntario,
415 1784 469 1844 etsi
483 1784 624 1846 delictum
637 1783 756 1865 probari
770 1792 900 1864 nequeat
910 1785 941 1846 in
956 1785 1092 1864 iudicio,
1108 1788 1192 1868 quill-

214 1870 286 1947 quil
307 1870 336 1930 iu
361 1873 545 1934 contrarium
568 1868 671 1934 dicant
691 1873 841 1950 nonnulli,
861 1892 909 1954 ap.
923 1875 954 1935 S.
979 1872 1106 1955 Liguor.
1122 1875 1190 1956 (it,

216 1965 250 2016 o⁰
260 1958 343 2038 392).
362 1959 460 2021 Potest
475 1968 577 2021 tamen
591 1961 758 2042 Episcopus
773 1960 934 2042 dipensare
944 1980 1019 2024 oum
1039 1963 1192 2027 homicidt

216 2047 333 2107 occulto
355 2055 388 2109 ut
401 2049 552 2110 ministret
564 2050 596 2110 in
611 2049 714 2124 sacris,
732 2051 754 2108 si
772 2068 880 2130 magna
894 2057 1000 2131 urgeat
1014 2053 1188 2126 necessitas,

209 2141 245 2195 et
263 2135 300 2196 ad
326 2137 436 2217 Papam
453 2137 567 2200 recurri
587 2155 648 2198 non
663 2138 766 2218 possit.
790 2138 864 2200 Vide
879 2139 953 2200 alios
968 2157 1059 2203 casus
1077 2141 1108 2203 in
1124 2141 1190 2204 Mu-

192 2251 196 2257 «
218 2224 313 2301 aucti,
327 2235 360 2284 n⁰
375 2230 468 2302 1841,
482 2231 539 2288 etc.

656 2360 674 2440 s
694 2363 742 2422 1v.

323 2502 326 2507 ·
362 2525 364 2529 -
439 2488 483 2549 lte
497 2485 775 2566 r'rrepaluritotibus
788 2506 827 2548 ec
839 2487 964 2567 defertu.

256 2648 330 2710 Octo
343 2645 456 2727 species
470 2646 721 2726 irregularitatum
736 2664 772 2708 ex
786 2647 903 2710 delectu
918 2660 1131 2716 recensentur.

257 2738 325 2797 tllfv.
337 2737 359 2794 l
377 2737 400 2793 F
402 2755 421 2794 x
431 2733 546 2796 delectu
558 2735 684 2795 animae:
695 2736 878 2815 irregulares
894 2754 932 2804 ex
945 2736 1070 2802 delectu
1083 2743 1191 2805 aninlo

211 2827 401 2885 censentur.
416 2829 562 2899 amentes,
578 2823 713 2903 phrene
708 2821 744 2884 roi
754 2824 937 2905 surreptitii,
954 2827 1123 2910 epileptici,
1135 2831 1176 2892 rllr

213 2911 317 2988 tereti,
334 2909 487 2992 neophyti.

259 3005 290 3063 l‘·
305 3001 440 3060 Arueates
452 3004 482 3059 el
490 2999 629 3079 placeret
617 3000 680 3060 rei·
671 3019 729 3064 ,ει
742 3020 810 3082 cap.
813 3002 973 3064 Maritum
988 3009 1028 3076 2,
1048 3006 1119 3070 (list.
1140 3013 1177 3072 33

217 3093 246 3153 Si
259 3091 309 3152 tali
322 3089 439 3151 delectu
453 3087 593 3148 laborans
603 3089 665 3166 jam
678 3089 833 3152 ordinatus
842 3099 907 3164 est,
922 3101 1062 3156 cessante
1072 3095 1182 3160 delectu

216 3199 269 3261 per
283 3180 427 3240 diurnum
440 3183 577 3256 tempus,
591 3176 704 3253 iudicio
716 3179 857 3259 Episcopi
872 3181 979 3258 poterit
989 3182 1115 3246 ordines
1124 3204 1190 3247 sus*

212 3276 467 3349 coptosevercere
478 3285 486 3337 ;
498 3264 603 3324 sivero
615 3265 799 3328 nondumsit
812 3266 980 3338 ordinatus
994 3275 1186 3351 nunquamai

217 3356 319 3418 licebit
332 3355 454 3417 ordines
470 3353 622 3433 suscipere
636 3372 708 3416 caso
723 3372 785 3434 quo
802 3355 933 3417 umentia
949 3364 1017 3418 orla
1035 3358 1141 3422 luisset
1153 3381 1186 3424 er

214 3449 307 3506 causa
323 3442 522 3524 permanenti,
542 3440 665 3502 lundata
680 3442 710 3502 in
725 3443 846 3505 laesione
859 3462 1057 3523 organorum.
1075 3449 1187 3512 Sufficit

213 3534 309 3594 semel
331 3531 524 3604 insanivisse3
547 3548 632 3591 secus
651 3531 794 3592 tamensi
813 3532 943 3593 ameutia
958 3537 1133 3612 provenerit
1152 3557 1186 3600 ex

215 3620 424 3680 accidentezv.
435 3639 478 3698 g.,
492 3637 528 3678 ex
539 3619 568 3682 vi
578 3616 820 3694 febris,vulneris
827 3639 838 3694 ;
850 3625 880 3681 et
894 3627 998 3700 postea
1013 3628 1184 3688 cessaverit.

248 3711 279 3764 2⁰
292 3707 455 3782 Arvvptitr'i
464 3724 517 3766 seu
527 3705 698 3766 daemoniaci
712 3714 741 3766 et
750 3708 925 3788 epilepticis
937 3711 981 3771 De
990 3709 1063 3789 ipsis
1073 3714 1186 3794 pariter
