2548 4216
183 303 242 363 388
455 317 604 362 mensura
625 278 706 362 runis
728 317 877 363 canosum.

182 419 300 478 cantata
314 420 365 478 aut
378 415 435 477 alia
449 413 590 491 indebita,
608 433 662 497 pro
676 415 850 496 hujusmodi
864 414 1024 482 funeribus
1039 421 1160 502 stipen-

180 503 266 567 dium
279 505 356 585 exigi
371 511 478 586 potest.

221 602 357 664 Diximus
370 601 495 682 ,occlusti
508 601 716 664 consuetudine
726 603 757 663 in
771 603 975 682 contrarium
993 625 1068 668 nam
1076 608 1162 686 iuxta

68 709 72 715 ’
182 691 329 755 Abbatem
342 699 446 754 contra
461 691 608 774 quosdam
619 691 704 768 alios,
719 692 787 754 talis
801 695 1001 771 consuetudo,
1015 702 1160 776 6651166-

122 781 124 788 ’
181 781 277 845 ditum
292 783 452 865 sepulturae
466 799 586 862 corpus,
603 787 647 843 est
661 781 858 844 observanda.
869 818 909 829 —
919 784 990 860 Sed,
1002 785 1161 866 sepultura

183 878 300 935 nonest
314 870 489 934 retardanda
504 875 648 952 praetextu
662 871 891 951 compositionis
899 881 1018 955 quortoe
1032 875 1161 955 funero-

182 961 303 1114 fasir&
317 961 453 1024 decisum
469 962 485 1022 t
499 961 530 1022 S.
542 960 653 1040 Congu.
670 959 811 1042 Episcop.
825 967 854 1023 et
869 963 1027 1043 Regular.,
1055 967 1076 1026 5
1090 964 1162 1026 maii

225 1170 241 1209 a
261 1150 399 1225 Paroehi,
413 1148 511 1229 inquit
523 1148 859 1212 Ritualellomonum...
876 1197 884 1223 ,
904 1148 939 1211 iis
955 1149 1163 1233 eleemosynis

188 1261 203 1300 r
223 1239 355 1302 contenti
365 1239 425 1300 sint
439 1256 507 1318 quae
521 1285 528 1314 ,
541 1243 594 1300 aut
607 1257 643 1301 ex
653 1237 778 1320 probata
788 1238 1009 1301 consuetudine
1023 1239 1091 1302 dari
1109 1260 1161 1304 so·

187 1351 201 1388 u
221 1328 294 1406 lent,
310 1335 361 1390 aut
373 1345 448 1409 quas
462 1327 638 1389 Ordinarius
651 1327 849 1390 constituerit.
861 1349 876 1385 6
892 1329 1024 1408 -Ergo
1036 1331 1162 1410 parochi

181 1422 308 1499 possunt
331 1416 444 1498 aliquid
471 1416 604 1498 legitime
630 1416 750 1497 exigere
773 1434 827 1497 pro
852 1416 951 1479 officio
979 1419 1160 1500 sepulturae,

181 1525 293 1590 nempe
306 1526 374 1589 quoe
388 1504 451 1568 dari
465 1507 562 1568 solent
574 1523 611 1568 cx
625 1505 759 1586 legitima
772 1505 1007 1582 consuetudine,
1024 1515 1077 1570 aut
1093 1529 1161 1591 quae

182 1595 356 1660 Ordinarius
369 1595 535 1658 constituit.

221 1695 343 1770 Quaerit.
372 1697 403 1757 1ο
423 1696 570 1766 Quaenam
590 1691 796 1755 emolumenta
815 1691 854 1754 ad
872 1693 1159 1778 parochumperti-

180 1791 273 1847 neunt
286 1782 409 1866 quando
423 1781 571 1845 funeralia
585 1788 667 1844 extra
681 1781 838 1843 eeclesiam
853 1782 1056 1862 parochialem
1069 1805 1158 1867 pera·

180 1873 315 1956 guntur?
328 1875 371 1934 Dc
385 1872 421 1934 iis
435 1871 559 1934 consule
576 1877 715 1933 nostrum
731 1870 891 1946 Manuale,
909 1873 975 1932 an⁰
992 1879 1083 1950 1117,
1099 1883 1155 1940 etc
1271 1877 1272 1914 t

219 1975 289 2034 528.
313 1969 431 2041 Quaerit.
455 1974 486 2032 2⁰
511 1968 590 2042 Quid
608 1967 801 2031 sentiendum
828 1967 867 2030 de
890 1968 983 2032 modo
1008 1971 1158 2037 hodierno

180 2059 363 2143 procedendi
385 2059 416 2120 in
443 2058 548 2134 Gallia,
569 2057 692 2138 quando
712 2073 839 2137 corpora
861 2057 1053 2138 sepeliuntur
1073 2068 1157 2124 extra

179 2150 335 2233 propriam
350 2145 546 2230 parochiam?
567 2145 642 2208 Vide
663 2145 892 2227 responsionem
912 2146 943 2208 in
963 2157 1070 2212 nostro
1089 2151 1157 2214 Mo·

179 2240 278 2317 attoli,
294 2247 329 2300 n⁰
345 2240 433 2313 1130,
447 2241 505 2297 etc.

219 2337 297 2402 Noto
311 2337 429 2398 tantum
447 2341 584 2395 tenorem
603 2332 759 2414 sequentis
778 2331 895 2394 Decreti
912 2335 1100 2415 Napoleonis
1123 2342 1157 2418 l,

179 2431 218 2493 26
234 2447 301 2490 nov.
320 2428 397 2488 1813
413 2444 420 2486 :

224 2528 324 2588 «Art.
351 2528 380 2587 1.
403 2523 484 2584 Dans
500 2525 605 2582 toules
628 2519 672 2582 les
695 2518 844 2599 paruisses
868 2519 906 2582 de
930 2521 1089 2603 l'Empire‚
1112 2523 1158 2588 les

183 2638 199 2677 6
219 2616 334 2694 cierges
348 2614 412 2694 qui,
427 2629 485 2673 aux
501 2616 720 2671 enterrements
734 2615 763 2670 et
776 2609 904 2672 services
919 2611 1075 2688 funebres,
1088 2621 1157 2677 sont

184 2728 199 2766 ι
218 2705 319 2788 porte's
333 2720 387 2784 par
402 2701 444 2762 les
456 2697 607 2761 membres
619 2696 661 2759 du
674 2697 785 2777 clergd,
802 2697 869 2759 leur
883 2700 1155 2780 appartiendront;

183 2817 198 2855 a
218 2795 261 2854 les
271 2799 370 2854 autres
382 2790 497 2869 cierges
510 2787 609 2868 places
620 2788 779 2848 autourdu
791 2803 880 2868 corps
894 2798 922 2849 et
937 2791 953 2849 a
968 2789 1083 2868 l'autel‚
1096 2811 1156 2855 aux

184 2907 197 2942 u
219 2881 368 2963 chapelles
389 2885 418 2942 et
436 2883 536 2939 autres
556 2877 667 2958 parties
687 2877 725 2936 dc
743 2873 872 2956 l'eglise,
892 2879 1154 2961 appartiendront,

182 2997 197 3032 u
217 2971 325 3048 sarcir,
341 2987 403 3032 une
416 2964 519 3029 moitid
533 2967 549 3026 a
565 2966 592 3026 la
606 2962 753 3045 fabrique,
769 2971 799 3026 et
810 2963 916 3027 l'autre
929 2967 1035 3029 moitie'
1048 2969 1067 3030 b
1079 2988 1156 3032 ceux

181 3085 196 3121 u
217 3061 268 3143 qui
283 3080 303 3142 y
317 3065 371 3121 ont
384 3056 463 3119 droit
477 3075 484 3116 :
500 3073 534 3117 ce
549 3058 673 3135 partage
695 3071 760 3115 sera
774 3051 826 3114 fait
840 3071 879 3116 en
894 3055 996 3116 raison
1010 3057 1054 3118 du
1070 3060 1157 3139 poids

180 3172 197 3211 u
217 3151 254 3212 de
269 3151 296 3211 la
307 3147 420 3211 totalite
431 3145 483 3207 des
498 3143 624 3224 cierges.
639 3162 656 3200 6
1147 3153 1162 3230 1ι

215 3247 359 3311 Medietas
376 3260 534 3307 cereorum
554 3239 689 3302 ecclesiae
712 3257 775 3301 non
795 3238 979 3320 adjudicato,
1003 3243 1043 3306 ad
1065 3267 1154 3328 paro·

179 3338 267 3402 rhum
283 3336 436 3399 etolerum
450 3332 537 3394 diotae
548 3329 681 3392 ecclesiae
697 3329 825 3409 pertinet
836 3351 844 3403 ;
856 3337 884 3392 et
899 3331 980 3393 idem
990 3339 1038 3394 est
1049 3335 1155 3400 dicen·
1269 3371 1270 3422 ,

180 3429 251 3491 lum
269 3427 307 3488 de
325 3424 420 3488 cereis
440 3419 582 3504 expositis
602 3419 633 3480 in
652 3417 778 3481 ecolesit
796 3416 940 3480 domicilii
962 3420 1113 3499 defuncti,
1129 3427 1155 3490 si
1269 3435 1270 3482 t

179 3517 302 3581 cadaver
329 3515 360 3576 in
390 3531 468 3585 earn,
498 3507 668 3573 haeredibus
693 3507 963 3587 consentientibus,
985 3510 1152 3580 deferatur.
1269 3539 1270 3588 r

175 3607 266 3684 Olim,
280 3606 311 3665 16
327 3601 507 3684 quibusdam
522 3599 596 3661 loois
612 3597 693 3680 apud
708 3616 775 3676 nos,
790 3617 897 3660 omnes
910 3599 992 3661 cerei
1007 3602 1047 3663 ad
1063 3623 1154 3685 paro·

175 3696 249 3758 cbos
263 3693 465 3772 pertinebant,
479 3696 511 3753 ut
524 3688 641 3751 videtur
656 3706 704 3769 ap.
721 3687 874 3750 Mdmolres
887 3687 928 3750 du
939 3692 1048 3772 elerqd.

215 3799 477 3864 confraternitates
500 3797 689 3862 saecularium
716 3795 823 3860 funera
844 3798 1086 3882 assectantium,
1113 3803 1154 3868 do
