2548 4216
146 241 204 300 aaa
412 251 567 298 ataricum
587 249 670 296 sunrs
690 249 838 296 canonica.

151 349 353 426 «assistunt,
375 349 427 412 sed
449 349 707 412 mercenariorum
729 365 815 410 more
838 347 998 422 deserunt,
1020 351 1082 410 etc.
1108 367 1123 406 ι

148 443 238 519 Ergo,
254 448 309 501 etc.
323 437 399 500 Vide
411 445 513 500 lamen
525 442 661 500 nostrum
676 435 872 507 Meneclem
889 439 980 511 llltl.

186 533 257 592 534.
280 527 404 602 Ouaerit.
420 531 452 590 2⁰
473 529 519 588 dn
533 526 594 589 sint
608 543 761 589 causae-ox
775 523 888 606 quibus
906 523 1044 607 legitime
1071 543 1129 606 pa-

148 618 230 682 rorbi
244 618 349 680 abesse
363 617 480 699 possint
494 616 578 677 esua
590 613 753 696 parochie?

186 708 277 787 Resp.
295 703 496 781 Affirmative,
515 704 605 766 etiam
620 703 652 765 in
668 701 816 766 sententia
831 720 939 766 eorum
954 703 1009 785 qui
1023 704 1132 769 volunt

148 795 295 878 parochos
318 793 357 856 ad
379 790 574 856 residentiam
596 791 723 872 obligari
744 791 812 870 jure
839 791 958 867 divino:
974 792 1048 874 quia
1068 813 1132 858 nnn

149 885 206 947 alia
229 883 407 959 residentia,
421 882 506 962 juxta
527 899 596 956 eos,
611 881 741 962 exigitur
760 881 829 960 jure
849 880 965 955 divino,
983 885 1082 963 quam
1097 903 1133 947 ea

150 974 267 1054 quaead
283 971 514 1035 convenientem
540 971 641 1052 gregis
663 969 832 1033 custodiam
860 969 1011 1048 sufficiat;
1039 973 1133 1052 porrd

151 1060 306 1124 nonnullae
319 1060 357 1123 ad
372 1065 492 1140 tempus
510 1064 539 1122 et
551 1058 640 1138 justis
655 1057 694 1121 de
712 1058 810 1120 causis
832 1058 976 1121 absentiae
993 1079 1058 1122 non
1074 1061 1134 1123 im·

106 1183 108 1188 ·
152 1149 278 1230 pediunt
288 1149 367 1211 hanc
382 1148 580 1211 sufficientem
602 1148 702 1228 gregis
715 1146 883 1209 custodiam
898 1167 906 1209 ε
927 1171 942 1208 a
957 1151 1132 1228 Quoniam,

156 1259 172 1298 a
192 1237 288 1318 inquit
307 1238 422 1300 Concil.
447 1237 582 1299 Trident.
605 1239 688 1313 (sess.
709 1239 767 1312 23,
782 1254 848 1318 cap.
866 1241 900 1315 l,
917 1237 962 1300 De
979 1239 1133 1320 referam),

156 1349 172 1388 a
191 1328 244 1410 qui
263 1327 481 1408 aliquantisper
493 1326 613 1388 tantum
627 1325 752 1402 absunt,
767 1343 804 1388 ex
821 1331 959 1390 veterum
974 1347 1134 1394 canonum

157 1416 341 1478 «sententia
367 1434 429 1478 non
454 1415 592 1476 videntur
615 1413 734 1489 abesse,
759 1412 831 1494 quia
857 1415 960 1478 statim
982 1421 1134 1482 reversuri

157 1525 173 1565 a
192 1509 281 1583 sunt,
296 1506 490 1568 Sacrosancta
508 1501 650 1584 Synndus
662 1501 724 1564 vult
736 1502 811 1566 illud
832 1504 977 1568 absentiae
1001 1509 1135 1588 spatium

158 1615 174 1654 a
193 1593 320 1675 singulis
334 1593 441 1667 annis,
458 1593 519 1655 sive
533 1591 713 1654 continuum
728 1591 789 1653 sive
804 1592 1031 1674 interruptum,
1048 1605 1136 1659 extro

158 1705 174 1744 a
188 1683 349 1766 praediatus
370 1702 490 1759 causas,
504 1681 588 1745 nullo
606 1685 694 1764 pacto
708 1679 819 1744 debere
833 1681 911 1745 duos
925 1690 977 1746 aut
992 1686 1031 1747 ad
1046 1706 1135 1749 sum-

159 1794 174 1834 a
195 1792 280 1836 mum
302 1779 363 1836 tres
383 1791 504 1836 menses
524 1771 686 1843 excedere3
702 1775 733 1833 et
752 1771 856 1834 haberi
874 1772 1026 1836 rationem
1051 1784 1087 1840 ut
1105 1778 1136 1840 id

159 1884 174 1922 a
194 1865 282 1945 aequb
296 1881 333 1925 ex
348 1865 438 1925 causa
452 1863 524 1940 frat,
539 1866 571 1924 et
583 1861 698 1941 absque
710 1860 773 1923 ullo
788 1862 888 1943 gregis
902 1862 1101 1929 detrimento.
1116 1889 1133 1926 ι

32 2001 37 2010 .
155 1953 196 2014 lta
212 1951 345 2033 loquitur
360 1954 391 2014 S.
409 1951 549 2033 synodus
562 1949 600 2012 de
614 1950 788 2031 Episcopis;
804 1951 856 2013 sed
871 1969 909 2013 cx
921 1952 1031 2015 eodem
1053 1956 1137 2018 Con-

155 2039 223 2102 cilio
235 2087 243 2118 ,
257 2045 346 2122 prout
360 2058 450 2122 supra
462 2039 607 2117 vidimus,
623 2039 688 2101 baec
701 2037 808 2100 eadem
822 2041 934 2102 curatis
949 2047 1023 2104 sunt
1036 2045 1137 2126 appli-

156 2129 262 2194 mnda.

195 2218 262 2281 lllas
276 2222 376 2281 autem
387 2217 552 2300 predictas
563 2236 665 2279 causas
678 2223 801 2298 propter
812 2236 888 2300 quas
901 2219 980 2282 ultra
994 2220 1074 2284 duos
1086 2229 1139 2287 aut

157 2313 216 2370 tres
231 2325 350 2372 menses
365 2307 470 2370 abesse
489 2311 617 2388 possunt
640 2306 803 2387 Episcopi,
819 2307 863 2369 sic
884 2309 993 2371 eodem
1018 2312 1137 2392 capite,

157 2404 292 2459 recenset
306 2398 336 2458 S.
354 2395 518 2478 Synodus:
540 2416 555 2454 a
579 2392 652 2458 Clam
671 2391 844 2458 Christiano
857 2396 1007 2475 abactas,
1027 2421 1140 2483 argens

161 2508 176 2545 a
196 2486 368 2561 necessitas,
384 2484 482 2546 debito
495 2482 659 2545 obedientia
673 2501 708 2544 oe
720 2481 836 2546 euidens
849 2485 997 2548 Ecclerioe
1010 2489 1059 2549 vel
1071 2490 1140 2553 Rei·

161 2596 176 2634 a
192 2573 323 2656 publicae
337 2573 472 2647 utilitas,
488 2574 604 2654 aliquos
625 2589 849 2654 nonnunquam
863 2573 969 2637 abesse
982 2579 1141 2657 postulent

161 2685 177 2722 a
197 2663 399 2743 derigant.»
428 2663 522 2742 (Sess.
543 2665 593 2740 23,
608 2679 675 2742 cap.
690 2663 719 2736 t,
731 2660 776 2722 De
788 2662 920 2743 reform.)

196 2754 266 2813 535.
290 2752 411 2822 Qnaerit.
428 2754 459 2812 3⁰
474 2753 620 2822 Ouaenam
633 2764 733 2812 causae
751 2749 919 2831 legitiment
931 2755 1139 2834 parochorum

156 2838 330 2902 absentius?

197 2929 287 3010 Resp.
306 2931 336 2989 l⁰
349 2929 380 2992 Si
395 2932 500 3010 agatur
512 2927 695 2991 deabsentia
707 2927 786 2989 ultra
798 2927 958 3008 bimestre,
969 2934 1141 3015 requiritur

158 3036 247 3081 causa
266 3017 381 3099 gravis,
397 3016 534 3080 videlicet
549 3036 557 3078 ε
572 3016 738 3078 christiana
752 3015 898 3096 claritas,
910 3038 1021 3101 urgeres
1036 3042 1138 3086 neres-

158 3115 248 3179 nlns‚
263 3112 335 3184 etc,
351 3112 442 3188 prout
455 3106 547 3168 modb
559 3105 718 3169 retulimus
729 3105 762 3167 in
771 3107 939 3187 quaestione
951 3111 1139 3188 praecedenti

157 3213 196 3258 ex
208 3195 342 3257 Concilio
352 3194 538 3257 Tridentino.

197 3284 358 3346 Servitium
374 3282 431 3364 ipsi
444 3285 595 3365 Episcopo
612 3283 818 3364 praestandum
833 3302 896 3346 non
911 3291 957 3348 est
970 3303 1066 3352 causa
1079 3293 1139 3355 sul·

158 3372 263 3435 ficiens
287 3392 343 3454 pro
364 3371 539 3452 hujusmodi
561 3370 715 3450 absentia,
735 3373 779 3436 uti
799 3373 962 3437 declararit
983 3376 1017 3440 S.
1040 3380 1136 3464 Cong.

159 3461 293 3522 concilii.

198 3550 230 3606 2⁰
252 3548 282 3608 Si
298 3553 404 3626 agatur
417 3547 454 3611 de
467 3549 603 3612 absentia
611 3555 730 3612 rantum
743 3569 798 3633 per
811 3552 975 3633 bimestre,
991 3555 1057 3621 sire
1067 3576 1138 3622 con-

158 3633 279 3695 tinuum
307 3636 367 3697 sive
389 3637 609 3718 interruptum,
626 3657 687 3702 non
712 3641 874 3722 requiritur
896 3661 988 3705 causa
1010 3647 1134 3726 gravis:

160 3720 231 3782 adm
252 3721 343 3782 talem
369 3723 536 3786 Concilium
561 3725 753 3790 solummodo
775 3730 909 3804 requirat
924 3749 980 3806 pro
997 3733 1136 3797 absentia
