2526 4210
170 325 227 382 248
356 351 359 358 Δ
440 335 593 381 acnuam
612 333 694 381 auara
713 331 861 378 aaronica.

170 436 306 499 Concilio
325 436 502 499 Tridentino
525 436 736 508 interfuerant,
760 432 933 504 conflatam,
955 432 1067 514 cuique
1086 432 1140 496 da·

172 532 236 586 tum
263 517 319 586 fuit
346 541 458 587 nomeu
483 543 492 586 ι
519 523 713 607 Conprepotio
741 519 872 586 Concifii
899 519 1072 584 Tridentini
1096 522 1141 584 in·

173 620 216 674 ter
238 631 291 672 res.

211 631 349 762 {rimam
361 699 486 782 quidem
503 697 576 764 huic
590 697 821 780 Congregationi
836 696 935 760 solum
949 695 1072 760 decreta
1082 698 1144 760 'fri-

174 786 299 849 dentina
335 787 504 870 exequendi
541 785 674 850 officium
705 784 922 848 demandatum
953 783 1069 862 fuerat3
1098 784 1146 849 sed

175 877 206 938 S.
223 876 293 938 Pius
307 877 347 947 V,
363 877 416 956 qui
434 875 487 938 Pio
505 877 545 938 lV
558 874 721 950 successit,
737 873 793 955 ipsi
807 873 931 954 insuper
948 871 1034 934 dedit
1046 879 1146 956 potes·

173 969 266 1040 tatem
281 964 331 1025 illa
346 962 466 1026 decreta
486 962 702 1046 interpretandi
716 963 748 1023 in
763 962 799 1022 iis
820 980 887 1042 quae
901 961 958 1042 ipsi
977 961 1060 1024 clara
1074 963 1149 1026 vide·

177 1057 295 1124 rentur3
309 1057 338 1112 et
350 1051 450 1114 Sixtus
462 1055 498 1131 V,
512 1069 567 1134 per
581 1052 700 1114 Bullam
713 1051 870 1124 Immenso,
887 1050 966 1110 hanc
980 1048 1150 1112 facultatem

178 1138 313 1200 extendit
326 1137 415 1200 etiam
430 1139 469 1200 ad
482 1158 517 1202 ea
531 1158 599 1220 quae
617 1139 709 1202 dubia
727 1137 846 1213 forent,
861 1139 929 1218 lpso
946 1144 1052 1199 tamen
1072 1139 1150 1220 priris

178 1226 327 1304 consulto,
357 1227 409 1287 aed
435 1228 493 1290 hoc
517 1229 635 1290 tantiam
657 1225 756 1308 quoad
783 1243 902 1286 tuorum
930 1232 959 1287 ct
986 1225 1151 1308 disciplina

179 1313 323 1374 decreta:
343 1312 479 1377 Pontifex
500 1316 583 1378 enim
606 1313 669 1378 Sibi
692 1319 722 1376 et
743 1312 973 1376 Successoribus
995 1314 1153 1377 reservavit

179 1399 457 1483 interpretationem
479 1402 671 1467 decretorum
695 1402 776 1464 fidei.
801 1402 860 1482 ipsi
884 1421 1008 1482 qunque
1030 1402 1153 1466 contulit

181 1495 358 1570 potestatem
381 1491 532 1553 statuendi
558 1511 613 1574 pro
639 1490 779 1553 universa
798 1488 931 1552 Ecclesia
952 1507 1153 1572 quaecumque

180 1585 352 1658 opportuna
371 1579 545 1642 viderentur
558 1579 659 1660 quoad
674 1579 883 1660 disciplinam,
898 1575 984 1658 juxta
998 1581 1153 1660 praescrip·

181 1669 245 1726 tum
271 1667 397 1729 concilii
423 1666 603 1729 Tridentini.
628 1666 704 1730 Vide
730 1667 787 1728 alia
814 1668 973 1728 innostro
999 1667 1152 1741 Monuoti,

180 1766 215 1818 a·
229 1757 300 1817 769.

245 1905 273 1957 V.
286 1933 317 1944 -
330 1905 491 1972 Conpreqotio
503 1920 578 1971 saper
589 1906 692 1970 nepotiia
702 1905 881 1970 Episcopomm
891 1909 915 1956 et
925 1905 1098 1970 demiratum.

222 2039 291 2098 377.
306 2034 644 2116 Omnialipiscoporum
654 2042 683 2096 et
692 2035 885 2115 Regularium
898 2037 1020 2116 negotia
1031 2036 1071 2099 ad
1082 2035 1158 2100 hanc

182 2126 330 2206 Congreg.
352 2122 456 2184 referri
482 2131 621 2204 possunt,
647 2122 738 2184 modd
756 2141 818 2185 non
839 2123 1004 2204 indigeant¹
1017 2127 1159 2207 interpre-

182 2215 295 2276 tatione
304 2216 502 2275 Decretorum
514 2212 772 2288 Tridentinoru1n‚
788 2230 859 2273 nam
874 2212 905 2272 in
918 2212 977 2274 hoc
990 2231 1067 2275 casu
1081 2215 1157 2276 Gon-

182 2302 348 2384 gregaiioni
368 2301 491 2362 Concilii
505 2306 705 2362 reservantur.
723 2299 770 2361 Ad
784 2301 1058 2381 Congregationem
1073 2302 1158 2384 Epis-

182 2409 330 2472 coporum
340 2397 370 2452 et
378 2389 573 2469 Regularium
582 2389 709 2469 pertinet
720 2389 837 2450 mittere
847 2389 1023 2462 visitatores,
1036 2391 1159 2471 quando

181 2497 259 2561 opus
278 2487 334 2554 est,
353 2484 384 2540 et
402 2477 535 2538 Vicarios
559 2476 747 2558 apostolicos
769 2477 807 2538 ad
828 2476 973 2539 dioeceses
992 2477 1025 2538 in
1048 2477 1158 2559 quibus

182 2567 321 2649 Episcopi
346 2585 408 2628 non
432 2566 531 2626 valent
551 2583 621 2627 suas
643 2563 814 2626 functiones
835 2566 999 2646 pastorales
1019 2566 1155 2648 implere.

179 2657 228 2738 fad
245 2656 340 2736 ipsam
355 2671 477 2734 quoque
492 2652 563 2714 Pius
584 2655 637 2714 Vll
657 2646 873 2734 appellationes
886 2655 917 2714 in
934 2653 1035 2715 causis
1055 2655 1156 2716 crimi·

183 2743 303 2804 natibus
317 2760 371 2823 per
382 2743 484 2804 Consi.
499 2740 733 2802 Posidiutornos
744 2741 860 2803 detulit.
875 2743 947 2802 Haec
959 2743 1157 2826 Congregatio

182 2827 291 2892 'dicitur
304 2829 416 2891 auaro.
429 2830 472 2890 De
486 2831 566 2891 Luca
580 2829 815 2911 occupatissimo,
831 2839 917 2911 utque
928 2830 961 2890 in
974 2833 1156 2911 nepotianum
1244 2801 1245 2830 ¹

183 2918 372 2980 ntoltitodine
384 2919 513 2979 omniunt
529 2919 636 3000 major.

223 3009 297 3070 Duae
315 3014 385 3069 sunt
409 3008 474 3068 aliae
494 3007 748 3088 congregationes
771 3027 827 3090 pro
849 3007 1051 3089 Regularibus
1074 3009 1155 3072 insti·

184 3103 266 3173 tuta,
280 3102 310 3158 et
323 3116 391 3178 quae
405 3103 476 3157 sunt
488 3099 573 3176 quasi
587 3095 769 3178 appendices
782 3098 938 3179 praesentis
952 3115 960 3157 ε
972 3115 1035 3160 una
1048 3114 1156 3179 nempe

183 3183 279 3268 Super·
291 3184 453 3268 disciplinri
473 3183 616 3265 aepulari,
634 3184 672 3246 ab
685 3187 862 3247 Innocentio
880 3188 948 3263 xit,
969 3190 1154 3263 anacteas,

185 3283 302 3352 creata3
318 3275 464 3349 etaltera,
480 3289 562 3336 anno
577 3276 670 3350 tato,
683 3275 700 3335 a
714 3262 767 3336 Pin
785 3277 825 3336 lX
837 3273 934 3356 Super
947 3281 1026 3336 stota
1042 3274 1156 3358 requio·

185 3380 276 3427 num.

462 3483 571 3540 tt-s.
588 3482 747 3548 concrepatio
757 3483 869 3539 liituom.

225 3619 294 3682 378.
316 3614 453 3679 Instituta
479 3612 570 3676 suita
596 3613 679 3676 Sixto
705 3615 731 3675 V
758 3631 812 3695 per
839 3612 956 3676 Bullam
983 3611 1154 3678 immanem:

191 3727 207 3766 a
226 3705 295 3767 Haec
309 3703 461 3786 praecipua
474 3719 548 3764 cura
562 3699 783 3786 (cardinalibus
796 3701 887 3781 huJus
900 3703 1098 3787 congregat.)
1108 3704 1156 3766 in·
1244 3737 1245 3748 1

190 3816 207 3848 ι
224 3793 368 3856 cumbere
381 3790 506 3868 debeat,
519 3787 616 3868 inquit
628 3789 781 3858 Pontifex.
795 3798 829 3853 ut
846 3796 959 3854 veteres
973 3793 1050 3854 ritus
1068 3793 1156 3871 sacri,
