2526 4210
444 315 529 360 traua
551 316 668 362 antuus.
987 299 1042 356 ‘tt't

57 413 175 492 t'l'rid„
193 430 266 473 sess.
285 415 336 487 at,
349 430 377 473 c.
392 414 441 486 16,
457 410 503 472 De
515 412 598 494 rest).
616 409 693 474 Vide
712 411 798 493 plura
816 411 872 474 alia
885 413 917 474 in
944 419 1044 473 nostro

62 500 211 564 Manuali
218 547 226 575 ‚
243 501 260 560 it
275 509 308 560 u⁰
323 503 402 576 830,
417 505 474 561 etc.

103 593 176 652 395.
201 588 322 660 Quaerit.
340 588 431 666 CuJus
445 589 566 668 generis
575 589 614 651 sit
619 587 790 670 jurisdictio
804 590 1039 670 Metropolitum

65 697 136 743 rum
150 679 183 739 in
199 676 429 757 Suffraganeos‚
445 695 613 758 eorumque
627 676 786 741 subditos?
984 667 993 676 ’

103 769 197 846 Resp.
222 766 392 827 Generatim
416 765 509 827 videri
533 784 599 828 esse
621 765 842 828 admittendum
858 766 938 846 qubd
951 767 1043 844 juris-

61 855 160 918 dictio
173 855 402 935 Metropolitana
416 855 454 915 sit
468 854 692 935 restringenda,
708 857 768 915 tiam
785 855 885 935 quoad
896 855 1045 936 Suffraga-

65 944 240 1024 neosquam
249 961 355 1005 eorum
366 942 511 1016 subditos,
520 943 557 1004 ad
567 944 647 1006 solos
657 962 743 1005 casus
752 943 782 1004 in
793 945 861 1022 jure
873 951 1042 1024 expressos,

64 1030 1044 1112 illudcertumvideturquoadsubditosSuffr·agaoeoru1n.bliqua

64 1121 136 1182 verb
155 1119 301 1182 dubitatio
315 1119 386 1180 oriri
402 1127 501 1199 posset
517 1120 617 1200 quoad
630 1121 712 1201 ipsos
724 1121 936 1200 suffraganeos
950 1139 959 1181 ι
975 1128 1043 1183 atta

63 1225 138 1270 men
154 1207 236 1268 idem
251 1207 445 1288 quoautpsos
458 1213 556 1288 potest
569 1209 708 1271 concludi
724 1229 760 1270 ex
771 1228 836 1287 cap.
862 1208 1045 1272 Venerabilis

63 1303 94 1372 t,
107 1296 282 1358 Desuntcnt.
297 1305 450 1370 excomm,
466 1295 516 1356 ubi
530 1295 640 1358 dicitur
653 1297 736 1378 quod
750 1296 1001 1376 acchiepiscopus
1015 1302 1044 1358 et

63 1385 163 1466 ipsius
172 1385 313 1447 Ollicialis
327 1405 342 1442 a
354 1402 410 1445 nec
423 1385 738 1446 excommunicantium
749 1385 1040 1465 (suffraganeorum),

67 1496 83 1532 o
106 1493 165 1536 nec
186 1472 518 1535 excommunicatorum
537 1473 596 1534 sint
611 1473 729 1552 judices
743 1495 773 1534 a.
794 1473 934 1534 Refertur
953 1473 1043 1533 etiam

64 1565 166 1625 Sacrae
177 1563 288 1641 Congr.
299 1561 390 1622 Cone.
401 1559 563 1622 declaratio
578 1561 621 1623 sic
634 1561 764 1622 babens:
779 1582 794 1619 a
809 1560 1041 1640 Metropolitum,

67 1674 84 1709 ι
107 1649 345 1730 Archiepiscopi‚
364 1648 511 1710 Primates
530 1655 582 1710 aut
596 1649 785 1723 Patriarchae,
800 1648 831 1709 in
846 1648 1044 1728 suffrapaneoa

67 1762 84 1798 a
105 1757 250 1820 eorumve
265 1737 400 1799 subditos
415 1755 475 1798 non
493 1736 650 1814 judicent,
667 1737 723 1798 nisi
745 1739 775 1798 in
797 1738 916 1798 casibus
938 1739 955 1798 a
977 1737 1042 1817 jure

67 1851 84 1886 u
106 1829 298 1908 expressis.»

105 1919 245 1996 llaecpro
258 1915 356 1976 causis
370 1913 587 1976 criminalibus.
613 1915 671 1976 Pro
690 1915 790 1977 causis
812 1914 883 1977 verb
907 1915 1044 1978 civilibus

63 2004 224 2086 inquibus
247 2002 459 2082 Suffraganeus
478 2006 523 2062 eat
544 2021 626 2078 reus,
653 2002 733 2064 idem
756 2003 856 2083 plures
870 2002 1040 2080 affirmant;

63 2094 119 2156 sed
133 2091 299 2154 Cardinalis
312 2091 413 2170 sogtia
429 2088 515 2169 (lost.
526 2090 594 2169 jur.
609 2090 707 2172 publ„
723 2091 806 2173 W)
826 2091 943 2152 videtur
959 2092 1044 2152 aliter

63 2182 201 2244 sentire:
222 2179 339 2251 «Ouia,
353 2177 469 2258 inquit,
484 2177 522 2238 de
543 2179 641 2240 causis
662 2179 800 2240 civilibus
824 2179 1042 2258 Episcoporum

66 2294 82 2328 a
105 2269 181 2330 nihil
192 2269 223 2330 in
237 2266 370 2328 Concilio
384 2265 545 2347 (Trident)
556 2273 700 2328 statutum
716 2267 783 2342 luit,
794 2266 905 2328 idcirco
916 2285 953 2327 ec
966 2285 1042 2328 com-

66 2384 82 2418 a
105 2357 194 2418 muni
206 2355 435 2418 Cananistacum
451 2354 597 2416 sententiat
618 2361 775 2435 permanet
794 2355 844 2431 jus
867 2355 1041 2434 antiquum,

66 2471 82 2506 a
104 2465 168 2528 quo
187 2445 338 2507 sancitum
351 2452 396 2505 est
409 2450 443 2504 ut
459 2443 560 2504 civiles
570 2441 833 2524 Suffrapaneorum
847 2461 942 2503 causoe
962 2441 1043 2524 apud

66 2558 83 2594 a
104 2533 370 2615 Metropolitanum
382 2540 521 2612 affantur.
539 2553 553 2590 n

105 2635 186 2713 Erga
200 2630 335 2693 subditos
348 2627 624 2709 suffraganeorum,
636 2628 805 2706 iurisdictio
814 2629 1042 2709 Metropolitana

62 2741 127 2784 non
152 2726 199 2782 est
221 2718 395 2780 immediata
416 2724 446 2778 et
467 2716 600 2794 directa,
617 2717 669 2779 sed
692 2718 813 2779 tantum
841 2717 990 2795 mediate3
1012 2724 1043 2780 et

61 2812 165 2874 solbm
177 2808 310 2870 exerceri
321 2813 416 2887 potest
429 2805 590 2886 suppositis
604 2806 788 2885 quibusdam
800 2806 882 2882 aliis,
896 2827 923 2868 v.
939 2827 967 2889 g.
984 2825 1056 2888 ap·-

61 2899 238 2980 pcllatione,
252 2896 430 2968 uisitatione,
441 2895 634 2974 negligentia,
648 2900 705 2958 etc.
723 2897 772 2957 Sic
787 2900 818 2956 l⁰
838 2898 974 2977 «Nequit
989 2899 1042 2958 Ar·

64 3012 80 3046 a
102 2987 315 3068 cbiepiscopus
330 2983 596 3064 Sudiaganeorum
607 2982 742 3045 subditos
752 2982 888 3061 judicare
899 2984 930 3044 in
943 2984 1041 3064 prima

64 3099 80 3135 r
103 3075 264 3147 instantiir;
292 3091 347 3132 mc
368 3089 474 3133 eorum
492 3089 603 3144 causas
616 3089 718 3132 coram
734 3071 938 3150 suffraganeis
961 3089 1039 3150 pen-

63 3189 78 3222 ι
101 3166 212 3227 dentes
225 3180 259 3224 ac
274 3181 305 3222 sc
320 3160 480 3234 aulvocare3
500 3178 557 3222 nec
575 3165 645 3220 ante
659 3161 840 3220 sententiam
855 3159 1039 3223 definitivam

62 3277 77 3310 a
102 3255 134 3314 in
156 3251 253 3333 primi
269 3249 431 3323 instantia,
454 3248 587 3328 recipere
610 3247 843 3328 appellationem
871 3247 909 3308 ab
938 3247 1039 3328 aliqua

62 3367 77 3400 o
101 3336 750 3417 sententiainterlocutoria,autgravamine3
764 3342 816 3396 aut
828 3335 1038 3400 inhibitionem

64 3457 76 3486 ιι
100 3428 230 3493 ulterius
254 3425 436 3508 procedendi
450 3423 646 3506 suffraganeo
661 3426 764 3503 eJusve
782 3423 906 3486 officiali
922 3424 1035 3504 lacere,

61 3545 76 3576 (ι
101 3518 160 3580 nisi
174 3515 252 3578 forte
266 3532 427 3596 gravamen
440 3514 498 3575 tale
512 3512 590 3574 foret
605 3519 639 3575 ut
655 3531 717 3575 non
730 3521 831 3594 posset
841 3531 895 3594 per
908 3514 1039 3594 appella-

60 3633 75 3664 α
101 3608 218 3669 tionem
232 3602 414 3665 adelinitiva
428 3601 560 3682 reparari
571 3649 580 3676 ,
592 3606 644 3662 aut
656 3619 717 3663 non
729 3607 831 3682 posset
843 3601 881 3662 ab
892 3601 957 3681 ipsa
967 3601 1040 3664 dcli-

61 3719 76 3755 α
99 3695 191 3758 nitiva
202 3691 356 3774 appellari.
366 3693 561 3772 Constataap.
573 3693 601 3765 l,
615 3687 687 3754 sess.
707 3692 756 3765 13,
773 3695 802 3751 et
815 3708 881 3770 cap.
897 3693 948 3768 20,
964 3708 1037 3752 sess.

61 3807 77 3842 a
100 3789 160 3859 ut,
173 3782 311 3844 Trident.
327 3780 421 3844 Caua.
907 3849 939 3900 8*
