2548 4216
480 259 566 304 amun
587 259 704 304 rnrnus.
1023 245 1077 306 361

103 355 202 417 standi
218 373 286 436 quae
310 357 347 418 ad
365 357 531 432 parochum
549 358 715 440 pertinent,
732 362 762 419 et
773 357 818 438 sit
839 357 940 437 potitis
958 359 1081 423 nomina

105 446 196 525 quam
211 463 244 508 re
257 445 385 510 vicarius
398 448 520 528 parochi
532 447 706 511 habitualis:
729 463 800 507 nam
820 463 959 510 exercere
976 467 1082 512 curam

102 533 229 596 nomine
252 534 378 614 alicujus
397 537 449 617 qui
467 537 518 616 jus
535 555 597 599 non
618 534 708 598 habet
727 535 759 596 in
784 534 926 596 exercitio
947 555 1028 599 curae
1050 557 1082 602 sc

89 617 312 709 ,immiscendh
330 631 419 705 prout
439 625 626 706 Capitulum,
651 629 697 686 est
714 624 817 686 revera
843 623 925 683 illam
941 644 1083 689 exercere

92 709 390 792 ,independenterab
403 733 459 792 co;
475 715 602 796 proinde
612 733 674 776 non
689 731 756 776 eam
771 729 912 774 exercere
928 720 1082 796 tamquam

107 798 202 880 ipsius
215 801 355 865 vicarius.

82 875 99 924 ·*'
146 893 216 952 195.
241 891 362 962 Ouaerit.
380 894 411 954 1ο
429 894 536 958 Utrum
551 891 734 975 perpetuitas
747 890 784 952 sit
805 889 982 954 deessenna
995 909 1083 973 paro·

107 977 254 1040 chiatus?

148 1065 377 1130 Observandum
391 1075 435 1132 est
450 1070 583 1134 officium
594 1071 654 1134 dici
671 1078 844 1152 perpetuam
861 1116 869 1144 ,
893 1069 1016 1151 quando
1030 1087 1084 1132 au-

105 1152 179 1216 ferri
193 1156 298 1236 nequit
310 1157 366 1220 nisi
378 1159 560 1238 iudicialiter
572 1165 603 1222 et
616 1179 654 1222 ex
671 1159 769 1223 causis
783 1161 814 1220 in
824 1159 892 1238 iure
906 1157 1086 1220 determina·

106 1243 146 1304 tis
160 1263 171 1318 ;
189 1247 327 1308 manuale
338 1247 828 1329 verbseurevocabilcnuncupari,
843 1247 1085 1329 quandoabsqua

105 1329 206 1394 sormi
214 1334 319 1416 judicii
334 1341 432 1416 potest
446 1337 567 1400 retrahi.
584 1338 635 1400 His
647 1338 838 1418 praenotatis:

147 1423 239 1503 Resp.
265 1425 432 1506 Negativh:
458 1425 483 1488 si
510 1425 593 1488 enim
622 1425 805 1506 perpetuitas
826 1424 1029 1504 requireretur
1053 1429 1087 1486 ut

105 1509 181 1590 quis
194 1530 282 1574 verus
295 1521 468 1576 censeretur
482 1513 651 1595 parochus,
671 1519 747 1574 esset
768 1512 812 1573 vel
832 1511 946 1573 ratione
972 1511 1084 1589 officii,

107 1598 157 1660 vel
183 1599 299 1663 ratione
324 1601 483 1664 beneficii:
512 1603 594 1683 atqui
623 1609 766 1663 neutrum
789 1599 846 1661 dici
876 1605 995 1680 potest3
1025 1618 1085 1662 non

106 1686 218 1767 prius:
233 1707 303 1750 nam
318 1691 475 1772 presbyter
490 1738 499 1769 ,
515 1691 569 1754 etsi
581 1689 741 1771 deputetur
751 1689 787 1750 ad
802 1696 907 1750 nutum
921 1687 1085 1769 Episcopi,

109 1773 309 1840 nihilominus
322 1778 459 1860 deputari
483 1784 581 1862 potest
601 1777 639 1840 ad
663 1775 897 1840 ministrandum
923 1796 958 1839 ex
972 1777 1085 1860 obliqu-

106 1862 194 1925 tione
202 1875 229 1927 et
236 1869 360 1948 proprio
369 1867 486 1930 nomine
500 1866 618 1929 verbam
628 1865 697 1942 Dei,
710 1874 783 1942 etc,
795 1872 884 1947 prout
891 1865 988 1928 facere
999 1866 1088 1928 debet

109 1971 203 2015 verus
222 1955 387 2034 parochus;
417 1955 545 2037 proinde
572 1955 603 2018 in
626 1973 663 2018 co
687 1955 812 2017 inveniri
835 1962 961 2036 possunt
981 1973 1088 2018 omnes
1162 1993 1166 2000 ·

105 2041 376 2125 conditionesque
388 2043 420 2106 in
431 2043 642 2126 veroparocho
652 2043 869 2106 desiderantur.
881 2045 960 2105 Hinc
971 2045 1088 2124 quoties

109 2131 126 2192 t
150 2131 184 2192 S.
201 2131 312 2213 Congr.
328 2131 474 2214 quaeritur
485 2133 559 2195 nhm
569 2133 664 2196 curati
684 2132 721 2194 ad
735 2141 842 2194 nutum
853 2132 1027 2193 amoribiles
1041 2151 1088 2192 as-

106 2219 285 2298 tringantur
297 2221 403 2283 iisdem
418 2221 651 2303 obligationibus
665 2239 700 2284 ac
715 2219 836 2302 parochi
854 2220 975 2300 proprie
992 2219 1063 2283 dicti
1079 2267 1087 2297 ,

108 2311 143 2372 S.
162 2306 272 2392 Congr.
298 2309 460 2389 respondet
477 2309 686 2392 affirmativi,
712 2309 804 2370 modd
826 2307 946 2388 proprio
965 2310 1089 2370 nomine

104 2417 221 2461 curam
234 2397 380 2460 actualem
397 2403 579 2474 exerceant,
599 2406 629 2460 et
651 2415 724 2460 cura
738 2396 862 2459 actualis
877 2413 938 2458 non
962 2395 1091 2459 resideat

103 2487 196 2569 apud
206 2487 332 2550 alterum
342 2487 429 2566 cujus
439 2495 510 2550 sunt
520 2486 665 2549 duntaxat
676 2486 789 2549 vicarii.

126 2603 129 2608 ’
153 2587 218 2648 Nec
245 2585 335 2647 etiam
354 2584 502 2666 posterius
519 2583 579 2647 dici
595 2589 714 2666 potest:
734 2583 772 2645 ad
795 2581 855 2646 hoc
875 2581 983 2646 sufficit
1008 2584 1090 2665 quod

106 2673 267 2757 parochus
287 2673 381 2754 possit
404 2673 500 2735 creari
514 2673 561 2736 vel
575 2673 642 2736 sint
655 2671 804 2735 beneficio
820 2719 829 2749 ,
846 2671 893 2734 vel
909 2691 980 2734 cum
993 2672 1091 2736 bene-

104 2763 258 2826 ficionon
275 2769 438 2842 perpetum
460 2761 543 2843 atqui
561 2779 611 2824 res
633 2760 674 2824 itt
687 2779 719 2825 se
742 2760 851 2824 habet:
870 2764 900 2823 1ο
916 2761 1092 2842 regulariter

105 2849 242 2934 quidam
256 2850 329 2930 erigi
344 2867 407 2911 non
418 2848 508 2912 debet
521 2849 649 2912 ecclesia
658 2849 838 2932 parochialis
852 2849 1091 2932 quinprovidea-

107 2939 278 3020 tur-aliquo
288 2936 379 3000 modo
393 2939 602 3002 sustentationi
615 2938 738 3019 parochi
751 2986 760 3016 ,
773 2937 826 3000 sed
836 2938 879 3000 illi
892 2938 1092 3001 diversimode

106 3033 215 3112 potest
230 3025 393 3107 provideri:
408 3044 534 3108 nempe,
556 3026 602 3090 vel
616 3044 671 3107 per
684 3026 856 3108 portionem
874 3044 1040 3107 congruam
1054 3045 1090 3089 ex

106 3115 208 3182 bonis
220 3115 353 3178 ecclesiae
367 3114 500 3178 matricis
513 3115 687 3178 solvendam
701 3161 710 3192 ,
733 3115 780 3177 vel
795 3131 848 3196 per
862 3113 1092 3177 subventionem

102 3223 253 3272 annuam
268 3202 485 3286 tparochianis
499 3202 721 3286 praestandam,
737 3202 782 3266 vel
798 3202 856 3265 atta
868 3203 968 3285 aliquit
978 3203 1093 3268 ratione

104 3312 189 3378 quae
202 3291 360 3355 decentem
370 3297 400 3355 et
410 3298 522 3356 certam
535 3291 816 3374 procuretparocbo
822 3291 1070 3354 sustentationem
1082 3314 1091 3370 ;

107 3381 194 3457 imo,
216 3381 300 3462 juxta
314 3380 470 3462 laguena
489 3382 545 3444 nSi
560 3399 660 3464 neque
675 3381 706 3443 id
719 3380 783 3443 lieri
797 3380 902 3462 possit,
921 3386 951 3442 et
962 3387 1094 3463 egestate

113 3494 135 3534 ι
160 3469 430 3548 omneslaborcut,
447 3488 543 3534 novus
556 3469 728 3551 parochus,
753 3468 884 3551 propriis
902 3471 1043 3534 manibus
1057 3490 1094 3534 ex

112 3583 137 3622 α
161 3558 288 3622 artiticio
300 3558 412 3622 victum
426 3557 483 3622 sibi
496 3567 610 3640 quaerat
624 3559 707 3641 (Cap.
721 3557 872 3636 Clericus,
898 3562 913 3622 1
928 3564 986 3623 eth
1002 3607 1011 3638 ‚
1036 3560 1096 3623 dis-

113 3673 135 3712 α
161 3648 246 3711 tinct.
263 3647 316 3730 91)
330 3653 360 3710 et
370 3645 413 3710 sic
420 3647 540 3712 dabitur
552 3665 640 3711 casus
653 3647 686 3710 in
698 3666 760 3729 quo
773 3646 953 3730 parochialis
970 3650 1096 3712 eeclesia

111 3761 135 3800 ι
162 3736 295 3800 construi
308 3737 416 3817 poterit
431 3736 497 3798 sine
510 3736 590 3800 dote.
607 3759 623 3796 0
640 3735 685 3814 (ln
702 3755 768 3816 cap.
785 3735 1034 3804 Adoudirntiam,
1056 3739 1094 3796 ln
