2616 4228
413 254 421 262 .
453 205 545 264 error
566 202 751 248 enodamus.
1052 199 1087 255 'tt

114 327 206 390 quam
223 307 276 368 SS.
293 302 735 384 Pontificum;oorrumpuntur
780 307 939 367 auctuum
957 311 987 368 et
1005 305 1092 371 locc-

115 415 183 460 rum
198 412 334 457 uomina.

152 489 176 546 A
195 485 248 547 SS.
264 480 463 544 Pontificibus
475 481 529 544 Pio
540 481 567 542 V
579 482 609 542 et
621 479 765 560 Gregorio
775 482 840 541 XlII
853 480 998 562 designati
1009 450 1110 548 fuero*

115 573 202 638 multi
225 577 431 647 correctores,
459 586 591 648 quorum
611 567 693 630 curis
718 567 821 630 multae
847 571 965 634 mendae
987 573 1094 638 detera

114 669 204 738 sunt;
221 661 274 723 sed
287 665 447 722 remanent
460 659 559 720 adhuc
573 656 667 719 multa
682 656 784 736 spuria
798 663 826 718 et
842 657 944 734 dubia,
960 679 1093 740 quorum

114 751 269 831 catalogus
283 748 341 828 legi
355 753 452 828 potest
463 766 499 809 ex
516 745 637 808 Berardi
654 743 733 825 apud
746 744 894 826 Phiitipps
905 745 1011 826 (Droit
1022 750 1091 813 eccl.

113 840 241 902 deesses
254 857 378 911 sources,
391 857 420 917 p.
436 839 505 913 100,
521 834 606 916 etc).
622 833 698 895 Vide
710 833 802 896 ctiam
816 835 937 897 Cardin.
955 839 1093 912 chsset,

116 929 146 990 Ε
147 927 302 1010 esposicion
317 925 365 985 des
377 925 539 1006 principes,
555 943 585 1005 p.
603 925 652 985 tr.
1103 934 1108 964 ³

153 1017 302 1080 Memoria
317 1015 455 1076 excidere
466 1032 532 1075 non
548 1012 636 1074 debet
651 1030 808 1093 nunquam
825 1015 886 1076 aS.
904 1015 981 1079 Sede
995 1023 1094 1080 aucto·

115 1109 203 1168 ritate
219 1104 340 1186 publicat
353 1103 444 1165 inisse
460 1103 607 1164 donatum
622 1103 784 1164 Decretum
798 1103 943 1169 Gratiani.
1093 1095 1097 1108 “

563 1273 579 1354 a
599 1275 648 1335 m.

239 1407 475 1472 derationare
487 1405 678 1467 decretalium
691 1405 745 1468 sud
759 1405 904 1490 Gregorio
923 1411 975 1472 IX.

158 1562 230 1624 ΗΒ.
254 1555 434 1636 Exenrplum
456 1552 618 1614 iustiniani
643 1552 832 1632 imperatoris
851 1555 961 1616 imitari
984 1559 1099 1638 votens,

117 1647 286 1730 Gregorius
297 1648 337 1707 IX
350 1643 493 1706 Codicem
504 1642 594 1720 jussit
607 1641 734 1717 exarari,
748 1643 864 1722 inquo,
879 1647 1019 1709 resecatis
1033 1665 1101 1728 quae

117 1740 165 1802 rel
180 1735 337 1815 antiquata
352 1736 439 1794 eram
450 1730 497 1792 vel
513 1729 615 1790 minus
629 1729 714 1791 utilia
727 1730 774 1792 vel
788 1731 968 1796 contusione
983 1735 1101 1798 tabora-

119 1829 195 1890 bant
215 1825 248 1886 in
267 1822 416 1884 veteribus
437 1817 675 1892 collectionibus,
692 1819 761 1900 apte
778 1819 989 1902 disponeretur
1010 1827 1103 1886 totius

115 1916 197 1997 juris
211 1909 405 1975 ecclesiastici
420 1909 553 1988 Corpus,
569 1907 684 1987 quique
698 1907 728 1969 vi
749 1908 823 1989 legis
839 1911 974 1991 polleret.
990 1915 1055 1986 Ouo
1070 1917 1101 1976 in

118 2023 214 2085 opere
228 1997 418 2064 conficiendo
434 2015 507 2058 usus
527 1994 583 2057 fuit
595 1998 688 2076 opera
702 1998 733 2058 S.
749 2000 920 2078 Raymundi
935 2001 973 2062 de
989 2004 1103 2064 Penna-

120 2094 192 2169 fort,
210 2092 255 2152 sic
268 2088 363 2150 vocati
377 2087 415 2148 ab
429 2085 541 2167 oppido
557 2083 692 2164 ejusdem
708 2087 841 2149 nominis
855 2093 949 2170 prope
965 2091 1103 2154 Barcino·

121 2201 195 2244 nem
211 2179 244 2240 in
264 2176 429 2256 Hispania,
445 2175 553 2254 inquo
570 2179 654 2235 ortus
673 2174 739 2236 fuit.
759 2177 786 2236 ts
800 2177 830 2237 S.
851 2179 1000 2256 Dominici
1016 2180 1103 2242 insti-

120 2277 225 2333 tutum
253 2266 428 2346 arnplexus,
456 2281 583 2333 munere
611 2264 664 2324 SS.
694 2264 848 2326 Pontificis
876 2268 1050 2347 Cappettani
1075 2275 1105 2330 et

122 2353 344 2422 Poenitentiarii
353 2351 783 2432 fungebaturTriennio‘opus
797 2371 886 2414 suum
895 2354 1029 2424 absolvit,
1042 2375 1104 2416 non

120 2447 248 2510 tantum
266 2441 436 2504 Decretaies
458 2439 627 2520 pontificias
645 2440 662 2498 a
687 2440 718 2500 S.
742 2441 886 2520 Gregorio
905 2445 920 2509 1Ι
933 2442 970 2503 ud
989 2446 1105 2524 Grego-

122 2539 206 2600 rium
220 2534 280 2608 IX,
296 2530 348 2594 sed
362 2530 453 2592 etiam
472 2527 642 2608 colligendo
658 2527 724 2590 loca
737 2530 769 2590 S.
786 2529 957 2610 Scripturas,
974 2551 1106 2596 canones

122 2613 363 2708 Apostolorum,
384 2619 503 2680 decreta
523 2616 722 2680 conciliorum
739 2617 778 2678 alr
799 2620 988 2684 Antiocheno
1010 2642 1106 2705 usque

121 2715 164 2776 ad
176 2715 380 2774 Lateranensa
392 2710 442 2781 lv,
454 2706 564 2768 multas
574 2707 627 2768 SS.
642 2705 763 2768 Patrum
774 2712 805 2768 et
816 2709 998 2790 scriptorum
1010 2713 1107 2776 eccle-

122 2802 323 2866 siasticorum
339 2795 577 2858 sententiasilli
591 2801 692 2858 tamen
708 2795 830 2858 titulum
844 2797 953 2860 indidit
966 2803 1107 2866 Decreta-

123 2893 207 2956 iium
221 2891 258 2950 D.
274 2885 410 2968 Gregorii
424 2885 512 2964 Papae
524 2886 577 2963 lX,
593 2883 666 2965 quia
679 2903 734 2948 sua
747 2885 818 2947 iecit
834 2885 1013 2952 haecomnia
1028 2891 1108 2954 Pon·

123 2980 203 3043 tifex
229 2977 314 3058 ipse,
342 2993 419 3056 opus
441 2990 497 3035 suo
525 2973 649 3034 nomine
674 2972 858 3055 publicando
885 2983 913 3037 et
938 2977 1108 3060 dirigendo,

124 3087 214 3133 anno
230 3069 321 3141 1233,
337 3065 374 3126 ad
388 3061 599 3126 Universitates
615 3061 839 3124 Bononiensem
854 3070 883 3126 et
897 3065 1107 3131 Parisiensern.

169 3160 257 3238 Opus
271 3151 466 3216 distributum
480 3149 536 3212 fuit
547 3150 579 3212 in
589 3150 724 3232 quinque
738 3151 830 3214 libros
845 3171 853 3215 ε
869 3153 988 3216 Primus
1005 3163 1111 3220 tractat

125 3249 169 3312 de
187 3243 348 3310 iudicibus
366 3239 576 3302 ecelesiasticis
596 3257 652 3308 seu
672 3239 711 3302 de
725 3239 877 3317 Praelatis;
895 3243 1053 3306 Secundus
1073 3245 1112 3312 de

127 3335 262 3402 iudiciis
275 3331 432 3406 civilibus;
447 3328 585 3408 Tertius,
597 3327 636 3390 de
653 3327 754 3390 Rebus
770 3329 978 3393 ecciesiasticis
992 3353 1060 3414 quae
1074 3329 1112 3398 ad

127 3426 235 3489 forum
250 3419 421 3506 episcopale
435 3417 628 3480 deducuntur
642 3415 673 3478 in
687 3416 825 3479 civilibus
838 3420 952 3496 causis;
969 3423 1110 3503 Quartus,

129 3516 172 3578 de
187 3509 373 3584 connubiis,
387 3509 526 3580 Quintus,
539 3505 577 3566 de
588 3504 715 3569 tudiciis
725 3505 944 3584 criminalibus,
957 3511 1073 3574 delictis
1084 3510 1113 3576 et
1145 3529 1147 3536 ·

131 3602 283 3668 censuris.
301 3601 374 3672 Quae
386 3597 490 3666 omnia
502 3594 716 3658 hocversicuio
729 3597 1052 3676 comprehenduntur:
1088 3625 1089 3630 ¹
1147 3597 1151 3610 '

179 3715 193 3750 ι
216 3683 825 3770 tuden,iudicium,2Clerus,‚Counubia,
839 3687 1003 3750 Crimen.»
1145 3679 1150 3687 ”
