<?xml version="1.0" encoding="UTF-8"?>
<!DOCTYPE html PUBLIC "-//W3C//DTD XHTML 1.0 Transitional//EN"
    "http://www.w3.org/TR/xhtml1/DTD/xhtml1-transitional.dtd">
<html xmlns="http://www.w3.org/1999/xhtml" xml:lang="en" lang="en">
 <head>
  <title>
</title>
<meta http-equiv="Content-Type" content="text/html;charset=utf-8" />
  <meta name='ocr-system' content='tesseract 3.04.00' />
  <meta name='ocr-capabilities' content='ocr_page ocr_carea ocr_par ocr_line ocrx_word'/>
</head>
<body>
  <div class='ocr_page' id='page_1' title='image "./elementajurisca01craigoog_0372.png"; bbox 0 0 2548 4216; ppageno 0'>
   <div class='ocr_carea' id='block_1_1' title="bbox 471 309 1070 362">
    <p class='ocr_par' dir='ltr' id='par_1_1' title="bbox 471 309 1070 362">
     <span class='ocr_line' id='line_1_1' title="bbox 471 309 1070 362; baseline 0.003 -2"><span class='ocrx_word' id='word_1_1' title='bbox 471 315 559 361; x_wconf 79' lang='lat' dir='ltr'>traua</span> <span class='ocrx_word' id='word_1_2' title='bbox 578 315 697 362; x_wconf 81' lang='lat' dir='ltr'>PRIMUS.</span> <span class='ocrx_word' id='word_1_3' title='bbox 1014 309 1070 362; x_wconf 69' lang='lat' dir='ltr'>3?th</span> 
     </span>
    </p>
   </div>
   <div class='ocr_carea' id='block_1_2' title="bbox 95 412 1076 1132">
    <p class='ocr_par' dir='ltr' id='par_1_2' title="bbox 95 412 1074 762">
     <span class='ocr_line' id='line_1_2' title="bbox 95 412 1072 496; baseline -0.002 -18"><span class='ocrx_word' id='word_1_4' title='bbox 95 415 202 490; x_wconf 78' lang='lat' dir='ltr'>dicuS,</span> <span class='ocrx_word' id='word_1_5' title='bbox 216 412 449 496; x_wconf 89' lang='lat' dir='ltr'>cujusdoctrina</span> <span class='ocrx_word' id='word_1_6' title='bbox 464 413 506 475; x_wconf 93' lang='lat' dir='ltr'>sic</span> <span class='ocrx_word' id='word_1_7' title='bbox 518 413 633 475; x_wconf 79' lang='lat' dir='ltr'>resumi</span> <span class='ocrx_word' id='word_1_8' title='bbox 643 417 740 493; x_wconf 90' lang='lat' dir='ltr'>potest</span> <span class='ocrx_word' id='word_1_9' title='bbox 752 432 759 474; x_wconf 91' lang='lat'><strong>:</strong></span> <span class='ocrx_word' id='word_1_10' title='bbox 771 413 850 476; x_wconf 89' lang='lat' dir='ltr'>Nihil</span> <span class='ocrx_word' id='word_1_11' title='bbox 864 432 953 496; x_wconf 88' lang='lat' dir='ltr'>posse</span> <span class='ocrx_word' id='word_1_12' title='bbox 963 415 1072 476; x_wconf 84' lang='lat' dir='ltr'>Sedem</span> 
     </span>
     <span class='ocr_line' id='line_1_3' title="bbox 98 499 1070 584; baseline -0.001 -19"><span class='ocrx_word' id='word_1_13' title='bbox 98 501 304 584; x_wconf 69' lang='lat' dir='ltr'>apostolicam</span> <span class='ocrx_word' id='word_1_14' title='bbox 317 499 348 562; x_wconf 91' lang='lat' dir='ltr'>in</span> <span class='ocrx_word' id='word_1_15' title='bbox 357 499 539 564; x_wconf 79' lang='lat' dir='ltr'>dioecesibus</span> <span class='ocrx_word' id='word_1_16' title='bbox 549 501 663 582; x_wconf 81' lang='lat' dir='ltr'>absque</span> <span class='ocrx_word' id='word_1_17' title='bbox 672 519 823 564; x_wconf 87' lang='lat' dir='ltr'>consensu</span> <span class='ocrx_word' id='word_1_18' title='bbox 834 502 1070 584; x_wconf 82' lang='lat' dir='ltr'>Episcoporum3</span> 
     </span>
     <span class='ocr_line' id='line_1_4' title="bbox 96 589 1072 672; baseline -0.002 -18"><span class='ocrx_word' id='word_1_19' title='bbox 96 591 174 654; x_wconf 92' lang='lat' dir='ltr'>nibil</span> <span class='ocrx_word' id='word_1_20' title='bbox 186 589 319 653; x_wconf 85' lang='lat' dir='ltr'>vicissim</span> <span class='ocrx_word' id='word_1_21' title='bbox 339 607 427 670; x_wconf 90' lang='lat' dir='ltr'>posse</span> <span class='ocrx_word' id='word_1_22' title='bbox 446 589 629 672; x_wconf 82' lang='lat' dir='ltr'>Episcopum</span> <span class='ocrx_word' id='word_1_23' title='bbox 643 589 675 650; x_wconf 89' lang='lat' dir='ltr'>in</span> <span class='ocrx_word' id='word_1_24' title='bbox 695 590 851 670; x_wconf 88' lang='lat' dir='ltr'>paroeciis,</span> <span class='ocrx_word' id='word_1_25' title='bbox 869 591 925 651; x_wconf 90' lang='lat' dir='ltr'>nisi</span> <span class='ocrx_word' id='word_1_26' title='bbox 941 609 1072 659; x_wconf 66' lang='lat' dir='ltr'>consen,</span> 
     </span>
     <span class='ocr_line' id='line_1_5' title="bbox 95 676 1074 762; baseline 0 -21"><span class='ocrx_word' id='word_1_27' title='bbox 95 679 242 742; x_wconf 86' lang='lat' dir='ltr'>tientibus</span> <span class='ocrx_word' id='word_1_28' title='bbox 260 677 409 759; x_wconf 87' lang='lat' dir='ltr'>parochis.</span> <span class='ocrx_word' id='word_1_29' title='bbox 422 676 500 752; x_wconf 86' lang='lat' dir='ltr'>Quid</span> <span class='ocrx_word' id='word_1_30' title='bbox 511 676 638 740; x_wconf 76' lang='lat' dir='ltr'>senserit</span> <span class='ocrx_word' id='word_1_31' title='bbox 652 677 757 760; x_wconf 85' lang='lat' dir='ltr'>Bailly,</span> <span class='ocrx_word' id='word_1_32' title='bbox 774 678 841 741; x_wconf 91' lang='lat' dir='ltr'>vide</span> <span class='ocrx_word' id='word_1_33' title='bbox 852 677 967 740; x_wconf 90' lang='lat' dir='ltr'>dictum</span> <span class='ocrx_word' id='word_1_34' title='bbox 983 697 1074 762; x_wconf 88' lang='lat' dir='ltr'>supra</span> 
     </span>
    </p>

    <p class='ocr_par' dir='ltr' id='par_1_3' title="bbox 96 871 1076 1132">
     <span class='ocr_line' id='line_1_6' title="bbox 140 871 1072 955; baseline 0.002 -21"><span class='ocrx_word' id='word_1_35' title='bbox 140 871 281 935; x_wconf 87' lang='lat' dir='ltr'>Paroobis</span> <span class='ocrx_word' id='word_1_36' title='bbox 306 877 408 935; x_wconf 86' lang='lat' dir='ltr'>votum</span> <span class='ocrx_word' id='word_1_37' title='bbox 436 872 664 935; x_wconf 88' lang='lat' dir='ltr'>deliberativum</span> <span class='ocrx_word' id='word_1_38' title='bbox 692 871 722 934; x_wconf 90' lang='lat' dir='ltr'>in</span> <span class='ocrx_word' id='word_1_39' title='bbox 751 872 894 936; x_wconf 83' lang='lat' dir='ltr'>Ecclesiae</span> <span class='ocrx_word' id='word_1_40' title='bbox 922 873 1072 955; x_wconf 80' lang='lat' dir='ltr'>regimine</span> 
     </span>
     <span class='ocr_line' id='line_1_7' title="bbox 96 952 1076 1042; baseline 0 -18"><span class='ocrx_word' id='word_1_41' title='bbox 96 961 226 1024; x_wconf 88' lang='lat' dir='ltr'>asseruit</span> <span class='ocrx_word' id='word_1_42' title='bbox 241 961 347 1023; x_wconf 86' lang='lat' dir='ltr'>Simon</span> <span class='ocrx_word' id='word_1_43' title='bbox 360 962 463 1042; x_wconf 80' lang='lat' dir='ltr'>Vigor,</span> <span class='ocrx_word' id='word_1_44' title='bbox 479 961 588 1023; x_wconf 88' lang='lat' dir='ltr'>ardens</span> <span class='ocrx_word' id='word_1_45' title='bbox 599 961 773 1036; x_wconf 87' lang='lat' dir='ltr'>Richerista,</span> <span class='ocrx_word' id='word_1_46' title='bbox 788 961 841 1042; x_wconf 90' lang='lat' dir='ltr'>qui</span> <span class='ocrx_word' id='word_1_47' title='bbox 853 962 966 1042; x_wconf 86' lang='lat' dir='ltr'>primas</span> <span class='ocrx_word' id='word_1_48' title='bbox 978 952 1076 1042; x_wconf 84' lang='lat' dir='ltr'>partes</span> 
     </span>
     <span class='ocr_line' id='line_1_8' title="bbox 97 1049 961 1132; baseline 0 -20"><span class='ocrx_word' id='word_1_49' title='bbox 97 1049 162 1130; x_wconf 84' lang='lat' dir='ltr'>egit</span> <span class='ocrx_word' id='word_1_50' title='bbox 175 1050 206 1110; x_wconf 92' lang='lat' dir='ltr'>in</span> <span class='ocrx_word' id='word_1_51' title='bbox 222 1067 386 1130; x_wconf 81' lang='lat' dir='ltr'>congressu</span> <span class='ocrx_word' id='word_1_52' title='bbox 403 1049 483 1112; x_wconf 90' lang='lat' dir='ltr'>dicto</span> <span class='ocrx_word' id='word_1_53' title='bbox 500 1067 508 1111; x_wconf 73' lang='grc' dir='ltr'><strong>ι</strong></span> <span class='ocrx_word' id='word_1_54' title='bbox 524 1049 630 1132; x_wconf 82' lang='lat' dir='ltr'>Prcjet</span> <span class='ocrx_word' id='word_1_55' title='bbox 640 1049 674 1111; x_wconf 88' lang='lat' dir='ltr'>de</span> <span class='ocrx_word' id='word_1_56' title='bbox 686 1049 961 1130; x_wconf 75' lang='lat' dir='ltr'>Bourp-Foatoioe.</span> 
     </span>
    </p>
   </div>
   <div class='ocr_carea' id='block_1_3' title="bbox 97 1155 1077 1852">
    <p class='ocr_par' dir='ltr' id='par_1_4' title="bbox 97 1155 1077 1852">
     <span class='ocr_line' id='line_1_9' title="bbox 140 1155 1075 1238; baseline 0.002 -20"><span class='ocrx_word' id='word_1_57' title='bbox 140 1155 276 1218; x_wconf 82' lang='lat' dir='ltr'>Moribus</span> <span class='ocrx_word' id='word_1_58' title='bbox 296 1157 358 1218; x_wconf 91' lang='lat' dir='ltr'>vult</span> <span class='ocrx_word' id='word_1_59' title='bbox 371 1163 490 1218; x_wconf 89' lang='lat' dir='ltr'>curatos</span> <span class='ocrx_word' id='word_1_60' title='bbox 510 1155 601 1219; x_wconf 86' lang='lat' dir='ltr'>fuisse</span> <span class='ocrx_word' id='word_1_61' title='bbox 616 1155 782 1238; x_wconf 79' lang='lat' dir='ltr'>antiquitus</span> <span class='ocrx_word' id='word_1_62' title='bbox 799 1155 935 1218; x_wconf 83' lang='lat' dir='ltr'>Pastores</span> <span class='ocrx_word' id='word_1_63' title='bbox 957 1176 1075 1220; x_wconf 90' lang='lat' dir='ltr'>nuncu·</span> 
     </span>
     <span class='ocr_line' id='line_1_10' title="bbox 97 1245 1076 1326; baseline 0.002 -20"><span class='ocrx_word' id='word_1_64' title='bbox 97 1251 196 1326; x_wconf 90' lang='lat' dir='ltr'>patos.</span> <span class='ocrx_word' id='word_1_65' title='bbox 214 1246 244 1306; x_wconf 91' lang='lat' dir='ltr'>Si</span> <span class='ocrx_word' id='word_1_66' title='bbox 265 1251 366 1306; x_wconf 88' lang='lat' dir='ltr'>autem</span> <span class='ocrx_word' id='word_1_67' title='bbox 386 1245 536 1307; x_wconf 87' lang='lat' dir='ltr'>Juvenino</span> <span class='ocrx_word' id='word_1_68' title='bbox 556 1245 713 1323; x_wconf 86' lang='lat' dir='ltr'>credatur,</span> <span class='ocrx_word' id='word_1_69' title='bbox 729 1245 852 1326; x_wconf 81' lang='lat' dir='ltr'>parochi</span> <span class='ocrx_word' id='word_1_70' title='bbox 866 1253 936 1308; x_wconf 89' lang='lat' dir='ltr'>sunt</span> <span class='ocrx_word' id='word_1_71' title='bbox 956 1246 1076 1308; x_wconf 87' lang='lat' dir='ltr'>institu-</span> 
     </span>
     <span class='ocr_line' id='line_1_11' title="bbox 97 1332 1076 1416; baseline 0.002 -22"><span class='ocrx_word' id='word_1_72' title='bbox 97 1333 192 1394; x_wconf 88' lang='lat' dir='ltr'>tionis</span> <span class='ocrx_word' id='word_1_73' title='bbox 205 1333 324 1409; x_wconf 88' lang='lat' dir='ltr'>divinae,</span> <span class='ocrx_word' id='word_1_74' title='bbox 338 1332 428 1413; x_wconf 90' lang='lat' dir='ltr'>iidem</span> <span class='ocrx_word' id='word_1_75' title='bbox 444 1353 480 1395; x_wconf 90' lang='lat' dir='ltr'>ac</span> <span class='ocrx_word' id='word_1_76' title='bbox 490 1333 509 1395; x_wconf 93' lang='lat' dir='ltr'>ii</span> <span class='ocrx_word' id='word_1_77' title='bbox 523 1335 574 1415; x_wconf 89' lang='lat' dir='ltr'>qui</span> <span class='ocrx_word' id='word_1_78' title='bbox 587 1334 728 1416; x_wconf 79' lang='lat' dir='ltr'>primitus</span> <span class='ocrx_word' id='word_1_79' title='bbox 743 1335 910 1415; x_wconf 88' lang='lat' dir='ltr'>presbyteri</span> <span class='ocrx_word' id='word_1_80' title='bbox 926 1335 1076 1396; x_wconf 75' lang='lat' dir='ltr'>vocabam¹</span> 
     </span>
     <span class='ocr_line' id='line_1_12' title="bbox 98 1421 1076 1502; baseline 0 -19"><span class='ocrx_word' id='word_1_81' title='bbox 98 1428 165 1498; x_wconf 86' lang='lat' dir='ltr'>tur,</span> <span class='ocrx_word' id='word_1_82' title='bbox 192 1421 329 1493; x_wconf 84' lang='lat' dir='ltr'>Praelati,</span> <span class='ocrx_word' id='word_1_83' title='bbox 355 1421 525 1502; x_wconf 83' lang='lat' dir='ltr'>Principes,</span> <span class='ocrx_word' id='word_1_84' title='bbox 555 1423 710 1484; x_wconf 88' lang='lat' dir='ltr'>seniorum</span> <span class='ocrx_word' id='word_1_85' title='bbox 739 1429 766 1482; x_wconf 86' lang='lat' dir='ltr'>et</span> <span class='ocrx_word' id='word_1_86' title='bbox 792 1426 830 1483; x_wconf 69' lang='lat'>&#39;12</span> <span class='ocrx_word' id='word_1_87' title='bbox 856 1422 1076 1502; x_wconf 90' lang='lat' dir='ltr'>discipulorum</span> 
     </span>
     <span class='ocr_line' id='line_1_13' title="bbox 98 1509 1077 1590; baseline 0 -18"><span class='ocrx_word' id='word_1_88' title='bbox 98 1529 309 1585; x_wconf 88' lang='lat' dir='ltr'>successores;</span> <span class='ocrx_word' id='word_1_89' title='bbox 325 1516 409 1572; x_wconf 88' lang='lat' dir='ltr'>vetus</span> <span class='ocrx_word' id='word_1_90' title='bbox 430 1509 652 1590; x_wconf 82' lang='lat' dir='ltr'>presbyterium</span> <span class='ocrx_word' id='word_1_91' title='bbox 670 1509 882 1583; x_wconf 83' lang='lat' dir='ltr'>efformantes,</span> <span class='ocrx_word' id='word_1_92' title='bbox 899 1509 931 1570; x_wconf 89' lang='lat' dir='ltr'>in</span> <span class='ocrx_word' id='word_1_93' title='bbox 946 1511 1077 1589; x_wconf 81' lang='lat' dir='ltr'>regenda</span> 
     </span>
     <span class='ocr_line' id='line_1_14' title="bbox 98 1597 1074 1679; baseline 0.001 -20"><span class='ocrx_word' id='word_1_94' title='bbox 98 1599 223 1662; x_wconf 75' lang='lat' dir='ltr'>dioecesi</span> <span class='ocrx_word' id='word_1_95' title='bbox 240 1605 340 1679; x_wconf 88' lang='lat' dir='ltr'>partes</span> <span class='ocrx_word' id='word_1_96' title='bbox 361 1599 532 1674; x_wconf 89' lang='lat' dir='ltr'>habebant,</span> <span class='ocrx_word' id='word_1_97' title='bbox 547 1597 585 1660; x_wconf 91' lang='lat' dir='ltr'>de</span> <span class='ocrx_word' id='word_1_98' title='bbox 602 1599 700 1660; x_wconf 91' lang='lat' dir='ltr'>causis</span> <span class='ocrx_word' id='word_1_99' title='bbox 714 1597 879 1676; x_wconf 91' lang='lat' dir='ltr'>majoribus</span> <span class='ocrx_word' id='word_1_100' title='bbox 900 1599 1074 1676; x_wconf 78' lang='lat' dir='ltr'>noscebant,</span> 
     </span>
     <span class='ocr_line' id='line_1_15' title="bbox 98 1685 1074 1768; baseline 0.001 -22"><span class='ocrx_word' id='word_1_101' title='bbox 98 1688 282 1767; x_wconf 87' lang='lat' dir='ltr'>poenitentes</span> <span class='ocrx_word' id='word_1_102' title='bbox 304 1687 443 1768; x_wconf 92' lang='lat' dir='ltr'>publicos</span> <span class='ocrx_word' id='word_1_103' title='bbox 465 1685 669 1766; x_wconf 86' lang='lat' dir='ltr'>absolvebant,</span> <span class='ocrx_word' id='word_1_104' title='bbox 688 1693 845 1748; x_wconf 86' lang='lat' dir='ltr'>tonsuram</span> <span class='ocrx_word' id='word_1_105' title='bbox 867 1685 1074 1766; x_wconf 82' lang='lat' dir='ltr'>conterebant,</span> 
     </span>
     <span class='ocr_line' id='line_1_16' title="bbox 98 1775 488 1852; baseline 0.003 -16"><span class='ocrx_word' id='word_1_106' title='bbox 98 1775 417 1852; x_wconf 82' lang='lat' dir='ltr'>excommunicabant,</span> <span class='ocrx_word' id='word_1_107' title='bbox 431 1780 488 1837; x_wconf 88' lang='lat' dir='ltr'>etc.</span> 
     </span>
    </p>
   </div>
   <div class='ocr_carea' id='block_1_4' title="bbox 22 1879 1077 2581">
    <p class='ocr_par' dir='ltr' id='par_1_5' title="bbox 22 1879 1077 2581">
     <span class='ocr_line' id='line_1_17' title="bbox 140 1879 1074 1963; baseline 0.004 -23"><span class='ocrx_word' id='word_1_108' title='bbox 140 1879 194 1941; x_wconf 88' lang='lat' dir='ltr'>His</span> <span class='ocrx_word' id='word_1_109' title='bbox 208 1881 310 1961; x_wconf 78' lang='lat' dir='ltr'>aperte</span> <span class='ocrx_word' id='word_1_110' title='bbox 324 1879 401 1942; x_wconf 85' lang='lat' dir='ltr'>lavet</span> <span class='ocrx_word' id='word_1_111' title='bbox 411 1883 473 1942; x_wconf 90' lang='lat' dir='ltr'>Van</span> <span class='ocrx_word' id='word_1_112' title='bbox 487 1883 600 1962; x_wconf 86' lang='lat' dir='ltr'>Espen,</span> <span class='ocrx_word' id='word_1_113' title='bbox 612 1881 676 1963; x_wconf 93' lang='lat' dir='ltr'>qui,</span> <span class='ocrx_word' id='word_1_114' title='bbox 685 1881 763 1943; x_wconf 87' lang='lat' dir='ltr'>inter</span> <span class='ocrx_word' id='word_1_115' title='bbox 775 1881 869 1944; x_wconf 87' lang='lat' dir='ltr'>multa</span> <span class='ocrx_word' id='word_1_116' title='bbox 882 1881 1074 1958; x_wconf 82' lang='lat' dir='ltr'>heterodoxa,</span> 
     </span>
     <span class='ocr_line' id='line_1_18' title="bbox 98 1968 1075 2052; baseline 0.003 -23"><span class='ocrx_word' id='word_1_117' title='bbox 98 1969 227 2048; x_wconf 89' lang='lat' dir='ltr'>insuper</span> <span class='ocrx_word' id='word_1_118' title='bbox 243 1968 331 2030; x_wconf 87' lang='lat' dir='ltr'>docet</span> <span class='ocrx_word' id='word_1_119' title='bbox 350 1987 438 2050; x_wconf 91' lang='lat' dir='ltr'>posse</span> <span class='ocrx_word' id='word_1_120' title='bbox 458 1969 600 2032; x_wconf 88' lang='lat' dir='ltr'>clericum</span> <span class='ocrx_word' id='word_1_121' title='bbox 620 1989 711 2051; x_wconf 88' lang='lat' dir='ltr'>quem</span> <span class='ocrx_word' id='word_1_122' title='bbox 735 1989 807 2032; x_wconf 91' lang='lat' dir='ltr'>suus</span> <span class='ocrx_word' id='word_1_123' title='bbox 826 1973 963 2052; x_wconf 88' lang='lat' dir='ltr'>superior</span> <span class='ocrx_word' id='word_1_124' title='bbox 980 1971 1075 2033; x_wconf 90' lang='lat' dir='ltr'>ecclc-</span> 
     </span>
     <span class='ocr_line' id='line_1_19' title="bbox 99 2056 1076 2138; baseline 0.002 -20"><span class='ocrx_word' id='word_1_125' title='bbox 99 2056 241 2119; x_wconf 89' lang='lat' dir='ltr'>siasticus</span> <span class='ocrx_word' id='word_1_126' title='bbox 254 2061 382 2120; x_wconf 70' lang='lat' dir='ltr'>censure</span> <span class='ocrx_word' id='word_1_127' title='bbox 398 2059 536 2138; x_wconf 90' lang='lat' dir='ltr'>perculit,</span> <span class='ocrx_word' id='word_1_128' title='bbox 554 2058 592 2119; x_wconf 90' lang='lat' dir='ltr'>ad</span> <span class='ocrx_word' id='word_1_129' title='bbox 605 2059 791 2121; x_wconf 87' lang='lat' dir='ltr'>Gubemium</span> <span class='ocrx_word' id='word_1_130' title='bbox 802 2077 956 2120; x_wconf 88' lang='lat' dir='ltr'>recurrere</span> <span class='ocrx_word' id='word_1_131' title='bbox 971 2079 977 2118; x_wconf 93' lang='lat'>:</span> <span class='ocrx_word' id='word_1_132' title='bbox 990 2061 1076 2138; x_wconf 84' lang='lat' dir='ltr'>cujus</span> 
     </span>
     <span class='ocr_line' id='line_1_20' title="bbox 22 2145 1076 2228; baseline 0.001 -21"><span class='ocrx_word' id='word_1_133' title='bbox 22 2171 28 2177; x_wconf 97' lang='lat'>·</span> <span class='ocrx_word' id='word_1_134' title='bbox 98 2145 126 2207; x_wconf 87' lang='lat' dir='ltr'>si</span> <span class='ocrx_word' id='word_1_135' title='bbox 140 2146 360 2227; x_wconf 86' lang='lat' dir='ltr'>protectionem</span> <span class='ocrx_word' id='word_1_136' title='bbox 374 2147 519 2222; x_wconf 87' lang='lat' dir='ltr'>obtineat,</span> <span class='ocrx_word' id='word_1_137' title='bbox 534 2148 614 2210; x_wconf 79' lang='lat' dir='ltr'>licite</span> <span class='ocrx_word' id='word_1_138' title='bbox 627 2148 725 2228; x_wconf 81' lang='lat' dir='ltr'>pergit</span> <span class='ocrx_word' id='word_1_139' title='bbox 738 2166 859 2210; x_wconf 88' lang='lat' dir='ltr'>sacrum</span> <span class='ocrx_word' id='word_1_140' title='bbox 874 2147 1076 2208; x_wconf 89' lang='lat' dir='ltr'>ministerium</span> 
     </span>
     <span class='ocr_line' id='line_1_21' title="bbox 99 2235 1075 2315; baseline 0.002 -21"><span class='ocrx_word' id='word_1_141' title='bbox 99 2251 263 2312; x_wconf 84' lang='lat' dir='ltr'>exercere,</span> <span class='ocrx_word' id='word_1_142' title='bbox 280 2235 355 2298; x_wconf 92' lang='lat' dir='ltr'>nibil</span> <span class='ocrx_word' id='word_1_143' title='bbox 369 2253 482 2297; x_wconf 86' lang='lat' dir='ltr'>curans</span> <span class='ocrx_word' id='word_1_144' title='bbox 494 2235 532 2297; x_wconf 91' lang='lat' dir='ltr'>de</span> <span class='ocrx_word' id='word_1_145' title='bbox 546 2239 674 2297; x_wconf 75' lang='lat' dir='ltr'>censura</span> <span class='ocrx_word' id='word_1_146' title='bbox 688 2241 717 2296; x_wconf 90' lang='lat' dir='ltr'>et</span> <span class='ocrx_word' id='word_1_147' title='bbox 735 2236 896 2315; x_wconf 87' lang='lat' dir='ltr'>Superiore</span> <span class='ocrx_word' id='word_1_148' title='bbox 910 2253 965 2295; x_wconf 90' lang='lat' dir='ltr'>suo</span> <span class='ocrx_word' id='word_1_149' title='bbox 980 2235 1075 2296; x_wconf 90' lang='lat' dir='ltr'>eccle·</span> 
     </span>
     <span class='ocr_line' id='line_1_22' title="bbox 98 2321 1077 2404; baseline 0.002 -22"><span class='ocrx_word' id='word_1_150' title='bbox 98 2322 231 2385; x_wconf 88' lang='lat' dir='ltr'>siastiao.</span> <span class='ocrx_word' id='word_1_151' title='bbox 253 2325 319 2394; x_wconf 79' lang='lat' dir='ltr'>Oua</span> <span class='ocrx_word' id='word_1_152' title='bbox 339 2323 444 2403; x_wconf 78' lang='lat' dir='ltr'>regula</span> <span class='ocrx_word' id='word_1_153' title='bbox 466 2323 604 2404; x_wconf 89' lang='lat' dir='ltr'>parochis</span> <span class='ocrx_word' id='word_1_154' title='bbox 624 2323 782 2404; x_wconf 82' lang='lat' dir='ltr'>applicata,</span> <span class='ocrx_word' id='word_1_155' title='bbox 806 2321 896 2384; x_wconf 89' lang='lat' dir='ltr'>nemo</span> <span class='ocrx_word' id='word_1_156' title='bbox 916 2341 977 2384; x_wconf 77' lang='lat' dir='ltr'>noir</span> <span class='ocrx_word' id='word_1_157' title='bbox 999 2323 1077 2384; x_wconf 90' lang='lat' dir='ltr'>videt</span> 
     </span>
     <span class='ocr_line' id='line_1_23' title="bbox 98 2410 1074 2494; baseline -0.002 -20"><span class='ocrx_word' id='word_1_158' title='bbox 98 2429 154 2474; x_wconf 89' lang='lat' dir='ltr'>oos</span> <span class='ocrx_word' id='word_1_159' title='bbox 168 2411 292 2474; x_wconf 89' lang='lat' dir='ltr'>evadere</span> <span class='ocrx_word' id='word_1_160' title='bbox 307 2411 345 2473; x_wconf 90' lang='lat' dir='ltr'>ab</span> <span class='ocrx_word' id='word_1_161' title='bbox 359 2411 510 2492; x_wconf 85' lang='lat' dir='ltr'>Episcopo</span> <span class='ocrx_word' id='word_1_162' title='bbox 523 2430 647 2494; x_wconf 89' lang='lat' dir='ltr'>prorsus</span> <span class='ocrx_word' id='word_1_163' title='bbox 661 2411 918 2493; x_wconf 88' lang='lat' dir='ltr'>independentes,</span> <span class='ocrx_word' id='word_1_164' title='bbox 936 2410 1026 2472; x_wconf 88' lang='lat' dir='ltr'>modd</span> <span class='ocrx_word' id='word_1_165' title='bbox 1044 2412 1074 2472; x_wconf 90' lang='lat' dir='ltr'>in</span> 
     </span>
     <span class='ocr_line' id='line_1_24' title="bbox 99 2498 577 2581; baseline 0.004 -20"><span class='ocrx_word' id='word_1_166' title='bbox 99 2498 132 2561; x_wconf 92' lang='lat' dir='ltr'>id</span> <span class='ocrx_word' id='word_1_167' title='bbox 146 2501 316 2562; x_wconf 89' lang='lat' dir='ltr'>consentiat</span> <span class='ocrx_word' id='word_1_168' title='bbox 329 2501 423 2562; x_wconf 86' lang='lat' dir='ltr'>civilis</span> <span class='ocrx_word' id='word_1_169' title='bbox 437 2507 577 2581; x_wconf 89' lang='lat' dir='ltr'>potestas.</span> 
     </span>
    </p>
   </div>
   <div class='ocr_carea' id='block_1_5' title="bbox 97 2606 1076 2954">
    <p class='ocr_par' dir='ltr' id='par_1_6' title="bbox 97 2606 1076 2954">
     <span class='ocr_line' id='line_1_25' title="bbox 139 2606 1076 2688; baseline 0.001 -22"><span class='ocrx_word' id='word_1_170' title='bbox 139 2607 208 2668; x_wconf 87' lang='lat' dir='ltr'>Non</span> <span class='ocrx_word' id='word_1_171' title='bbox 226 2607 297 2668; x_wconf 89' lang='lat' dir='ltr'>satis</span> <span class='ocrx_word' id='word_1_172' title='bbox 315 2607 353 2670; x_wconf 94' lang='lat' dir='ltr'>ab</span> <span class='ocrx_word' id='word_1_173' title='bbox 367 2607 423 2668; x_wconf 79' lang='lat' dir='ltr'>btc</span> <span class='ocrx_word' id='word_1_174' title='bbox 444 2609 509 2668; x_wconf 89' lang='lat' dir='ltr'>Van</span> <span class='ocrx_word' id='word_1_175' title='bbox 524 2608 624 2688; x_wconf 86' lang='lat' dir='ltr'>Espen</span> <span class='ocrx_word' id='word_1_176' title='bbox 638 2607 777 2670; x_wconf 78' lang='lat' dir='ltr'>doctrina</span> <span class='ocrx_word' id='word_1_177' title='bbox 796 2625 828 2668; x_wconf 89' lang='lat' dir='ltr'>se</span> <span class='ocrx_word' id='word_1_178' title='bbox 842 2606 957 2668; x_wconf 91' lang='lat' dir='ltr'>alienos</span> <span class='ocrx_word' id='word_1_179' title='bbox 971 2612 1076 2668; x_wconf 89' lang='lat' dir='ltr'>osten-</span> 
     </span>
     <span class='ocr_line' id='line_1_26' title="bbox 97 2693 1075 2777; baseline 0.001 -22"><span class='ocrx_word' id='word_1_180' title='bbox 97 2693 212 2756; x_wconf 89' lang='lat' dir='ltr'>derunt</span> <span class='ocrx_word' id='word_1_181' title='bbox 224 2696 348 2777; x_wconf 90' lang='lat' dir='ltr'>quidam</span> <span class='ocrx_word' id='word_1_182' title='bbox 361 2695 462 2758; x_wconf 84' lang='lat' dir='ltr'>clerici</span> <span class='ocrx_word' id='word_1_183' title='bbox 477 2703 506 2757; x_wconf 90' lang='lat' dir='ltr'>et</span> <span class='ocrx_word' id='word_1_184' title='bbox 521 2695 645 2776; x_wconf 90' lang='lat' dir='ltr'>parochi</span> <span class='ocrx_word' id='word_1_185' title='bbox 659 2695 768 2777; x_wconf 82' lang='lat' dir='ltr'>gallici,</span> <span class='ocrx_word' id='word_1_186' title='bbox 782 2695 847 2777; x_wconf 89' lang='lat' dir='ltr'>qui,</span> <span class='ocrx_word' id='word_1_187' title='bbox 863 2695 909 2756; x_wconf 92' lang='lat' dir='ltr'>bis</span> <span class='ocrx_word' id='word_1_188' title='bbox 924 2695 1075 2758; x_wconf 88' lang='lat' dir='ltr'>recentio-</span> 
     </span>
     <span class='ocr_line' id='line_1_27' title="bbox 97 2782 1076 2867; baseline 0.002 -23"><span class='ocrx_word' id='word_1_189' title='bbox 97 2782 185 2845; x_wconf 84' lang='lat' dir='ltr'>ribus</span> <span class='ocrx_word' id='word_1_190' title='bbox 199 2785 303 2858; x_wconf 90' lang='lat' dir='ltr'>annis,</span> <span class='ocrx_word' id='word_1_191' title='bbox 320 2785 358 2846; x_wconf 93' lang='lat' dir='ltr'>ad</span> <span class='ocrx_word' id='word_1_192' title='bbox 372 2785 539 2847; x_wconf 87' lang='lat' dir='ltr'>Consilium</span> <span class='ocrx_word' id='word_1_193' title='bbox 554 2785 657 2848; x_wconf 86' lang='lat' dir='ltr'>Statbs&#39;</span> <span class='ocrx_word' id='word_1_194' title='bbox 668 2785 859 2867; x_wconf 81' lang='lat' dir='ltr'>appellarunt</span> <span class='ocrx_word' id='word_1_195' title='bbox 872 2789 977 2848; x_wconf 88' lang='lat' dir='ltr'>contra</span> <span class='ocrx_word' id='word_1_196' title='bbox 999 2803 1076 2846; x_wconf 90' lang='lat' dir='ltr'>cen-</span> 
     </span>
     <span class='ocr_line' id='line_1_28' title="bbox 97 2871 701 2954; baseline 0.005 -21"><span class='ocrx_word' id='word_1_197' title='bbox 97 2889 186 2935; x_wconf 80' lang='lat' dir='ltr'>suras</span> <span class='ocrx_word' id='word_1_198' title='bbox 198 2873 241 2934; x_wconf 92' lang='lat' dir='ltr'>eis</span> <span class='ocrx_word' id='word_1_199' title='bbox 254 2891 308 2954; x_wconf 90' lang='lat' dir='ltr'>per</span> <span class='ocrx_word' id='word_1_200' title='bbox 321 2891 391 2935; x_wconf 90' lang='lat' dir='ltr'>suos</span> <span class='ocrx_word' id='word_1_201' title='bbox 408 2871 548 2933; x_wconf 72' lang='lat' dir='ltr'>praelatos</span> <span class='ocrx_word' id='word_1_202' title='bbox 562 2873 701 2937; x_wconf 86' lang='lat' dir='ltr'>inflictas.</span> 
     </span>
    </p>
   </div>
   <div class='ocr_carea' id='block_1_6' title="bbox 94 2986 1077 3863">
    <p class='ocr_par' dir='ltr' id='par_1_7' title="bbox 94 2986 1077 3863">
     <span class='ocr_line' id='line_1_29' title="bbox 138 2986 1077 3067; baseline 0.003 -18"><span class='ocrx_word' id='word_1_203' title='bbox 138 2990 174 3050; x_wconf 90' lang='lat' dir='ltr'>ln</span> <span class='ocrx_word' id='word_1_204' title='bbox 187 2986 281 3060; x_wconf 78' lang='lat' dir='ltr'>ltalia,</span> <span class='ocrx_word' id='word_1_205' title='bbox 298 2989 514 3067; x_wconf 84' lang='lat' dir='ltr'>Guauagninus</span> <span class='ocrx_word' id='word_1_206' title='bbox 533 2988 768 3051; x_wconf 83' lang='lat' dir='ltr'>zelantissimum</span> <span class='ocrx_word' id='word_1_207' title='bbox 783 3008 815 3051; x_wconf 90' lang='lat' dir='ltr'>se</span> <span class='ocrx_word' id='word_1_208' title='bbox 836 2990 967 3051; x_wconf 86' lang='lat' dir='ltr'>ostendit</span> <span class='ocrx_word' id='word_1_209' title='bbox 983 2994 1077 3052; x_wconf 84' lang='lat' dir='ltr'>Paro-</span> 
     </span>
     <span class='ocr_line' id='line_1_30' title="bbox 97 3075 1076 3159; baseline 0.003 -21"><span class='ocrx_word' id='word_1_210' title='bbox 97 3075 207 3140; x_wconf 90' lang='lat' dir='ltr'>chismi</span> <span class='ocrx_word' id='word_1_211' title='bbox 220 3083 423 3156; x_wconf 86' lang='lat' dir='ltr'>promotorem</span> <span class='ocrx_word' id='word_1_212' title='bbox 436 3075 467 3136; x_wconf 91' lang='lat' dir='ltr'>in</span> <span class='ocrx_word' id='word_1_213' title='bbox 482 3095 537 3137; x_wconf 89' lang='lat' dir='ltr'>suc</span> <span class='ocrx_word' id='word_1_214' title='bbox 551 3095 641 3156; x_wconf 91' lang='lat' dir='ltr'>opere</span> <span class='ocrx_word' id='word_1_215' title='bbox 658 3096 666 3136; x_wconf 74' lang='grc' dir='ltr'><strong>ε</strong></span> <span class='ocrx_word' id='word_1_216' title='bbox 681 3077 863 3159; x_wconf 76' lang='lat' dir='ltr'>Deuotiqod</span> <span class='ocrx_word' id='word_1_217' title='bbox 876 3079 1076 3158; x_wconf 77' lang='lat' dir='ltr'>paroeciarum</span> 
     </span>
     <span class='ocr_line' id='line_1_31' title="bbox 96 3163 1076 3246; baseline 0.002 -20"><span class='ocrx_word' id='word_1_218' title='bbox 96 3165 227 3246; x_wconf 70' lang='lat' dir='ltr'>criptae,</span> <span class='ocrx_word' id='word_1_219' title='bbox 244 3163 275 3226; x_wconf 91' lang='lat' dir='ltr'>in</span> <span class='ocrx_word' id='word_1_220' title='bbox 293 3183 354 3246; x_wconf 90' lang='lat' dir='ltr'>quo</span> <span class='ocrx_word' id='word_1_221' title='bbox 372 3165 468 3245; x_wconf 89' lang='lat' dir='ltr'>carpit</span> <span class='ocrx_word' id='word_1_222' title='bbox 485 3163 740 3241; x_wconf 82' lang='lat' dir='ltr'>Thomassinum,</span> <span class='ocrx_word' id='word_1_223' title='bbox 761 3166 798 3227; x_wconf 88' lang='lat' dir='ltr'>ed</span> <span class='ocrx_word' id='word_1_224' title='bbox 818 3165 901 3245; x_wconf 86' lang='lat' dir='ltr'>qudd</span> <span class='ocrx_word' id='word_1_225' title='bbox 924 3169 1076 3245; x_wconf 80' lang='lat' dir='ltr'>negaverit</span> 
     </span>
     <span class='ocr_line' id='line_1_32' title="bbox 95 3252 1076 3334; baseline -0.001 -16"><span class='ocrx_word' id='word_1_226' title='bbox 95 3253 245 3318; x_wconf 85' lang='lat' dir='ltr'>exstitisse</span> <span class='ocrx_word' id='word_1_227' title='bbox 266 3252 414 3334; x_wconf 87' lang='lat' dir='ltr'>parochos</span> <span class='ocrx_word' id='word_1_228' title='bbox 428 3272 482 3334; x_wconf 88' lang='lat' dir='ltr'>per</span> <span class='ocrx_word' id='word_1_229' title='bbox 493 3253 548 3314; x_wconf 91' lang='lat' dir='ltr'>tria</span> <span class='ocrx_word' id='word_1_230' title='bbox 563 3255 663 3334; x_wconf 90' lang='lat' dir='ltr'>priora</span> <span class='ocrx_word' id='word_1_231' title='bbox 678 3253 787 3315; x_wconf 84' lang='lat' dir='ltr'>saecula</span> <span class='ocrx_word' id='word_1_232' title='bbox 804 3301 812 3330; x_wconf 95' lang='lat'>,</span> <span class='ocrx_word' id='word_1_233' title='bbox 829 3260 859 3315; x_wconf 92' lang='lat' dir='ltr'>et</span> <span class='ocrx_word' id='word_1_234' title='bbox 872 3255 926 3314; x_wconf 90' lang='lat' dir='ltr'>toti</span> <span class='ocrx_word' id='word_1_235' title='bbox 940 3255 1076 3317; x_wconf 76' lang='lat' dir='ltr'>&#39;trinitati</span> 
     </span>
     <span class='ocr_line' id='line_1_33' title="bbox 95 3339 1075 3424; baseline 0.001 -21"><span class='ocrx_word' id='word_1_236' title='bbox 95 3343 235 3424; x_wconf 86' lang='lat' dir='ltr'>ipsorum</span> <span class='ocrx_word' id='word_1_237' title='bbox 254 3339 475 3404; x_wconf 89' lang='lat' dir='ltr'>institutionem</span> <span class='ocrx_word' id='word_1_238' title='bbox 495 3340 648 3403; x_wconf 90' lang='lat' dir='ltr'>adscribit.</span> <span class='ocrx_word' id='word_1_239' title='bbox 665 3340 744 3404; x_wconf 87' lang='lat' dir='ltr'>later</span> <span class='ocrx_word' id='word_1_240' title='bbox 765 3343 947 3423; x_wconf 86' lang='lat' dir='ltr'>parochismi</span> <span class='ocrx_word' id='word_1_241' title='bbox 968 3343 1075 3404; x_wconf 86' lang='lat' dir='ltr'>defen-</span> 
     </span>
     <span class='ocr_line' id='line_1_34' title="bbox 94 3431 1075 3513; baseline 0.001 -19"><span class='ocrx_word' id='word_1_242' title='bbox 94 3449 182 3494; x_wconf 84' lang='lat' dir='ltr'>sores</span> <span class='ocrx_word' id='word_1_243' title='bbox 196 3436 395 3494; x_wconf 90' lang='lat' dir='ltr'>numerantur</span> <span class='ocrx_word' id='word_1_244' title='bbox 413 3431 503 3492; x_wconf 87' lang='lat' dir='ltr'>etiam</span> <span class='ocrx_word' id='word_1_245' title='bbox 523 3433 649 3493; x_wconf 81' lang='lat' dir='ltr'>Travers</span> <span class='ocrx_word' id='word_1_246' title='bbox 667 3451 747 3494; x_wconf 91' lang='lat' dir='ltr'>unus</span> <span class='ocrx_word' id='word_1_247' title='bbox 767 3450 804 3494; x_wconf 84' lang='lat' dir='ltr'>ex</span> <span class='ocrx_word' id='word_1_248' title='bbox 825 3432 1044 3513; x_wconf 86' lang='lat' dir='ltr'>appellantibus</span> <span class='ocrx_word' id='word_1_249' title='bbox 1059 3437 1075 3495; x_wconf 80' lang='lat' dir='ltr'>a</span> 
     </span>
     <span class='ocr_line' id='line_1_35' title="bbox 95 3517 1076 3602; baseline 0.003 -23"><span class='ocrx_word' id='word_1_250' title='bbox 95 3519 184 3582; x_wconf 80' lang='lat' dir='ltr'>Bulla</span> <span class='ocrx_word' id='word_1_251' title='bbox 211 3517 413 3600; x_wconf 51' lang='lat' dir='ltr'>(sorbonicum</span> <span class='ocrx_word' id='word_1_252' title='bbox 437 3521 466 3582; x_wconf 86' lang='lat' dir='ltr'>J.</span> <span class='ocrx_word' id='word_1_253' title='bbox 491 3519 578 3600; x_wconf 89' lang='lat' dir='ltr'>Bapt.</span> <span class='ocrx_word' id='word_1_254' title='bbox 602 3519 728 3597; x_wconf 88' lang='lat' dir='ltr'>Thiers,</span> <span class='ocrx_word' id='word_1_255' title='bbox 750 3521 900 3602; x_wconf 90' lang='lat' dir='ltr'>parochus</span> <span class='ocrx_word' id='word_1_256' title='bbox 922 3528 950 3582; x_wconf 91' lang='lat' dir='ltr'>et</span> <span class='ocrx_word' id='word_1_257' title='bbox 971 3520 1076 3582; x_wconf 90' lang='lat' dir='ltr'>doctor</span> 
     </span>
     <span class='ocr_line' id='line_1_36' title="bbox 95 3606 1074 3689; baseline 0.001 -20"><span class='ocrx_word' id='word_1_258' title='bbox 95 3606 293 3670; x_wconf 78' lang='lat' dir='ltr'>sorbonicus,</span> <span class='ocrx_word' id='word_1_259' title='bbox 321 3608 475 3684; x_wconf 85' lang='lat' dir='ltr'>Quinimd‚</span> <span class='ocrx_word' id='word_1_260' title='bbox 506 3607 617 3670; x_wconf 84' lang='lat' dir='ltr'>saeculo</span> <span class='ocrx_word' id='word_1_261' title='bbox 644 3609 757 3684; x_wconf 85' lang='lat' dir='ltr'>XVlll,</span> <span class='ocrx_word' id='word_1_262' title='bbox 784 3609 822 3670; x_wconf 89' lang='lat' dir='ltr'>ad</span> <span class='ocrx_word' id='word_1_263' title='bbox 850 3609 1074 3689; x_wconf 86' lang='lat' dir='ltr'>parocbismum</span> 
     </span>
     <span class='ocr_line' id='line_1_37' title="bbox 94 3695 1074 3776; baseline 0.002 -20"><span class='ocrx_word' id='word_1_264' title='bbox 94 3695 263 3758; x_wconf 86' lang='lat' dir='ltr'>declinasse</span> <span class='ocrx_word' id='word_1_265' title='bbox 294 3697 412 3758; x_wconf 90' lang='lat' dir='ltr'>videtur</span> <span class='ocrx_word' id='word_1_266' title='bbox 442 3696 605 3758; x_wconf 81' lang='lat' dir='ltr'>Academia</span> <span class='ocrx_word' id='word_1_267' title='bbox 634 3697 848 3769; x_wconf 78' lang='lat' dir='ltr'>lovaniensis,</span> <span class='ocrx_word' id='word_1_268' title='bbox 875 3717 963 3776; x_wconf 84' lang='lat' dir='ltr'>quae,</span> <span class='ocrx_word' id='word_1_269' title='bbox 992 3700 1074 3774; x_wconf 81' lang='lat' dir='ltr'>juxta</span> 
     </span>
     <span class='ocr_line' id='line_1_38' title="bbox 96 3784 1075 3863; baseline -0.006 -15"><span class='ocrx_word' id='word_1_270' title='bbox 96 3784 202 3862; x_wconf 78' lang='lat' dir='ltr'>Nardi,</span> <span class='ocrx_word' id='word_1_271' title='bbox 227 3785 353 3847; x_wconf 89' lang='lat' dir='ltr'>asseruit</span> <span class='ocrx_word' id='word_1_272' title='bbox 374 3785 483 3861; x_wconf 82' lang='lat' dir='ltr'>oqudd</span> <span class='ocrx_word' id='word_1_273' title='bbox 507 3785 674 3860; x_wconf 81' lang='lat' dir='ltr'>Episcopus</span> <span class='ocrx_word' id='word_1_274' title='bbox 697 3801 758 3844; x_wconf 89' lang='lat' dir='ltr'>non</span> <span class='ocrx_word' id='word_1_275' title='bbox 782 3787 874 3863; x_wconf 87' lang='lat' dir='ltr'>possit</span> <span class='ocrx_word' id='word_1_276' title='bbox 894 3785 953 3845; x_wconf 86' lang='lat' dir='ltr'>diei</span> <span class='ocrx_word' id='word_1_277' title='bbox 978 3791 1075 3844; x_wconf 75' lang='lat' dir='ltr'>ructor</span> 
     </span>
    </p>
   </div>
   <div class='ocr_carea' id='block_1_7' title="bbox 0 0 1278 4216">
    <p class='ocr_par' dir='ltr' id='par_1_8' title="bbox 0 0 1278 4216">
     <span class='ocr_line' id='line_1_39' title="bbox 0 0 1278 4216; baseline 0 0"><span class='ocrx_word' id='word_1_278' title='bbox 0 0 1278 4216; x_wconf 95' lang='lat' dir='ltr'> </span> 
     </span>
    </p>
   </div>
  </div>
 </body>
</html>
