2526 4210
440 185 526 233 arasa
541 187 658 232 rnrnus.
1008 177 1065 238 275

98 321 110 356 c
126 305 272 379 praesentc
282 297 422 379 parocho
435 298 483 361 vel
497 299 560 361 alio
573 301 745 380 sacerdote,
761 303 801 366 de
822 303 921 386 ipsius
931 309 1062 387 parochi

99 413 108 442 ι
126 405 177 450 seu
189 388 492 463 ordinariihcentia‚
509 390 748 454 matrimonium
764 395 951 458 contrahere
964 406 1063 460 atten-

99 498 112 536 c
125 477 244 553 tabunt,
256 490 314 540 etc.
333 501 348 534 ι

128 566 426 648 Erresponsioncad
438 564 665 647 precedentem
675 572 1063 651 quaestionemdedncitur

97 653 278 737 Episcopum
293 673 383 736 posse
398 656 561 730 mandare,
579 657 678 721 invito
691 659 841 740 parocho,
857 671 892 722 ut
909 664 940 723 in
956 663 1062 746 aliqud

96 744 234 822 parochia
258 745 337 808 fiant
364 745 616 809 extraordinaria
637 747 806 810 exercitia:
823 750 1063 829 predicationcs

96 850 208 915 nempe,
220 835 269 897 vei
282 834 471 896 missionum
480 843 581 910 actus,
590 835 731 900 etoVide
742 836 831 917 plura
846 838 947 902 aliain
957 851 1063 908 nostro

92 919 232 997 haemo,
249 928 268 984 d
283 931 318 982 n⁰
336 924 408 996 834,
424 930 484 984 etc.

519 1139 606 1204 ΛΒΤ.
623 1140 660 1204 ΙΙ.
703 1169 706 1174 ’

176 1313 214 1358 DE
228 1311 328 1357 vaurts
347 1309 471 1356 OFFiGllS
492 1309 528 1354 ET
546 1311 712 1358 POTESTATE
731 1313 959 1394 EPISCOPORUM·¹

72 1457 74 1464 ’
122 1445 176 1511 tot
190 1447 243 1511 hic.
258 1445 303 1507 Ex
321 1444 571 1526 precedentibus
585 1445 669 1508 clare
685 1447 852 1510 deducitur
866 1451 949 1530 quod
965 1452 1057 1534 Epis·

87 1553 176 1618 copus
190 1537 221 1598 in
237 1535 364 1598 dioeoesi
381 1534 440 1596 sibi
468 1535 648 1610 commissa,
665 1542 711 1596 est
729 1553 799 1597 rere
812 1548 919 1618 pastor
933 1541 1057 1603 anima-

87 1642 162 1704 rum,
175 1623 426 1706 jurisdictionem
443 1621 564 1684 habens
593 1623 719 1704 proprie
740 1623 868 1698 dictam,
885 1627 1003 1691 scilicet
1025 1631 1056 1693 in

87 1719 207 1795 utroque
226 1713 307 1788 toro,
323 1719 453 1774 externo
467 1719 498 1773 et
521 1711 658 1790 interno,
674 1711 775 1794 etque
789 1714 930 1793 gaudens
951 1731 1055 1781 aucto·

84 1800 166 1866 ritate
178 1801 219 1865 ob
240 1819 339 1882 quam
354 1800 482 1875 dicitur,
502 1800 592 1882 quasi
614 1802 744 1884 proprio
767 1804 908 1881 nomine,
924 1804 1056 1870 Ordina-

84 1905 152 1952 nus.

118 1976 274 2060 Praecipua
288 1976 516 2058 Episcoporum
529 1976 601 2059 jura
616 1985 646 2040 et
669 1978 769 2042 officia
791 1979 823 2042 in
849 1984 1055 2062 sequentibus

82 2067 279 2148 paragraphis
307 2065 490 2146 singillatim
511 2074 733 2148 exponentem
750 2067 802 2132 hic
826 2071 948 2132 tantiam
971 2092 1053 2152 quae.

81 2151 146 2216 darn
158 2155 259 2219 ohiter
274 2153 414 2216 notanda
430 2155 573 2218 veniunt.

115 2241 145 2304 ir
157 2245 331 2325 Episcopus
345 2251 391 2306 est
404 2244 437 2304 in
450 2246 506 2306 sud
520 2242 646 2307 dioecesi
662 2244 804 2308 Pontifex
814 2252 846 2308 et
860 2246 946 2308 solus
958 2246 1053 2327 pleno

81 2346 113 2392 ao
131 2334 287 2415 completo
302 2331 477 2394 sacerdotio
499 2331 656 2412 fungens3
681 2334 768 2395 unde
785 2333 823 2395 ad
848 2333 952 2413 ipsum
977 2354 1051 2416 per·

79 2417 150 2482 tinet
164 2419 332 2501 presidere
346 2418 445 2481 cultui
461 2418 602 2500 pubiico,
613 2419 778 2500 invigilare
787 2429 822 2482 ut
833 2419 1052 2500 reguiaesaorae

79 2503 204 2589 liturgiae
231 2507 379 2570 accurate
404 2515 581 2587 serventur,
608 2526 733 2569 curare·
747 2511 904 2570 utornnia
925 2529 996 2590 quae
1010 2513 1051 2576 ad

78 2599 303 2660 venerationem
320 2596 372 2657 Dei
396 2605 427 2658 et
447 2594 636 2658 Sanctorum
655 2596 791 2658 attinent
818 2595 877 2659 rite
898 2615 934 2660 ae
956 2599 1051 2679 digne

78 2682 157 2746 fiant.
177 2683 313 2766 ldehque
332 2683 446 2746 Sancta
474 2683 619 2765 Synodus
646 2684 829 2747 Tridentinae
843 2682 938 2768 (Sess.
955 2687 1050 2770 XXII,

77 2769 156 2837 Dece.
182 2775 218 2838 dc
244 2770 430 2836 obserandis
447 2781 474 2836 ct
501 2773 634 2836 vitandis
658 2773 691 2837 in
718 2773 909 2837 celebratione
935 2776 1048 2860 Missae)

79 2883 91 2914 ι
111 2865 248 2926 decernit
263 2875 298 2924 ut
312 2862 466 2924 ordinarii
479 2861 623 2924 locorum
639 2862 784 2943 Episcopi
799 2881 836 2924 ea
853 2865 960 2926 omnia
975 2884 1048 2946 pro·

79 2971 90 3002 a
110 2950 216 3014 hibere
230 2959 327 3032 atque
344 2949 361 3011 e
377 2949 482 3014 medio
497 2949 608 3012 tollere
619 2949 728 3012 seduth
741 2960 865 3027 curent,
877 2971 912 3012 ae
924 2960 1047 3016 tenean-

78 3061 91 3092 ι
112 3047 160 3102 tur
171 3058 243 3124 quae
259 3042 305 3102 vet
320 3039 465 3111 auaritia,
475 3038 634 3102 idolorum
649 3039 796 3113 serrituS,
811 3041 860 3101 vet
876 3041 1046 3102 irreveren-

79 3128 160 3205 «tia,
189 3147 261 3212 quae
282 3127 323 3190 ab
343 3127 505 3208 impietate
519 3127 570 3190 rix
598 3126 740 3208 sejuncta
767 3145 835 3188 esse
863 3135 976 3208 potest,
998 3129 1051 3209 vei

77 3237 89 3268 ι
109 3219 287 3300 superstitio
304 3236 383 3279 verae
394 3215 606 3298 pietatisialsa
617 3215 781 3290 imitatrix,
790 3214 926 3277 induxit.
947 3221 1047 3297 Atque

77 3327 87 3357 ι
109 3313 142 3368 ut
156 3303 260 3370 muita
272 3305 381 3388 paucis
410 3302 736 3386 comprehendantur,
767 3303 938 3384 inprimis,
962 3305 1050 3386 quod,

75 3414 88 3448 r
107 3394 144 3458 ed
156 3396 320 3459 avaritiam
330 3393 476 3476 pertinet,
491 3394 631 3473 cujusvis
646 3392 770 3475 generis
780 3391 960 3454 mercedum
976 3383 1083 3458 con-“-

73 3502 86 3534 «
106 3482 249 3562 ditiones,
266 3493 408 3566 pacta...
425 3482 550 3563 aliaque
561 3480 743 3564 huJusmodi
758 3499 830 3562 quae
846 3481 1046 3547 asimoniaea

73 3590 84 3624 ι
107 3570 186 3649 hbe,
199 3572 372 3638 relcertha
388 3571 471 3652 turpi
487 3579 608 3652 questu
624 3588 689 3634 non
709 3569 804 3650 longe
823 3569 950 3648 absunt,
975 3590 1046 3635 om·

73 3680 86 3710 ι
108 3661 181 3726 nino
195 3661 396 3744 prohibeant.
413 3660 546 3737 Deinde,
561 3668 596 3724 ut
621 3661 822 3724 irreverentia
838 3660 963 3736 vitetun
980 3659 1061 3770 sin-¹²
