2616 4228
445 245 537 288 carus
559 243 741 288 rnooanrauc.
1043 245 1077 301 tt

105 368 122 404 u
140 347 320 426 presentc'es
330 364 400 406 sous
411 349 491 406 cette
505 342 601 403 forme
616 343 820 426 authentique.
835 371 850 408 a
871 355 913 412 lla
924 347 1085 414 locatio

99 435 161 496 col.
187 439 283 510 2378,
308 435 360 496 ubi
382 432 461 492 traria
484 429 604 492 decreta
628 431 806 512 allegantur.
835 440 972 502 Attamen
995 449 1029 504 ut
1049 443 1082 508 in
1116 463 1123 482 ⁸

99 525 286 585 conscientia
302 523 437 602 obligent
448 520 663 581 declarationes
679 523 709 582 S.
728 523 838 604 Congr.
857 527 965 591 sufficit
979 531 1079 607 hodie,

101 611 184 672 'uxta
209 629 405 673 communem
430 607 629 682 sententiam,
652 610 747 692 uhde
769 613 826 674 illis
849 619 930 679 certb
952 625 1077 682 constet.

101 695 169 761 lmd
180 701 267 781 juxta
282 699 443 773 Stremler,
469 697 526 758 Des
545 697 651 758 Peinea
664 698 744 768 ecel„
768 720 796 780 p.
819 706 895 782 562,
915 705 972 768 hoc
992 709 1081 770 etiam

99 787 214 850 sufficit
228 807 330 851 coram
347 786 547 849 tribunalibus
561 791 592 846 et
606 787 840 866 magistratibus.

141 881 195 939 68.
221 881 254 939 ln
274 896 329 939 suo
349 883 476 938 tractatu
498 874 532 935 cle
552 875 720 957 Pm'ncipir'a
737 877 779 958 (p.
798 881 868 963 308)
895 883 929 947 D.
954 885 1050 948 Bouix
1071 906 1080 948 z

100 966 296 1029 Concedebat
311 967 424 1028 licitum
434 975 499 1026 esse
509 964 658 1045 denegare
668 965 920 1034 declarationibus
932 974 1079 1056 Congreg.

99 1055 229 1115 Concilii
249 1055 394 1116 rationem
415 1053 517 1115 etnim
535 1053 610 1134 legis
629 1053 799 1135 obligantis.
816 1059 927 1122 Saltem
943 1063 1083 1126 indubio

98 1160 141 1203 an
162 1141 235 1223 ipsae
260 1144 404 1218 habeant,
422 1160 480 1204 nec
495 1160 550 1216 ne,
565 1143 623 1202 rim
639 1143 843 1224 affligentem,
859 1167 909 1210 eas
928 1168 988 1212 non
1001 1151 1080 1213 obli·

99 1249 175 1310 gare
189 1231 261 1294 dicit
275 1234 451 1312 Laymann,
471 1250 520 1311 ap.
545 1232 575 1292 S.
597 1232 718 1310 Lignor.
739 1239 773 1294 ut
791 1253 903 1314 supra;
925 1239 977 1299 sed
993 1257 1079 1302 suani

99 1322 284 1384 sententiam
310 1321 477 1383 retractavit
500 1319 535 1380 D.
560 1315 655 1381 Bouix
680 1321 711 1381 in
734 1340 789 1383 suo
810 1327 908 1388 'tract
934 1326 969 1388 de
991 1327 1083 1391 Cariat

101 1410 231 1468 llonzoad
253 1414 332 1490 (pars
353 1415 389 1485 3,
415 1428 482 1488 oap.
508 1410 562 1486 7);
587 1409 630 1470 sic
654 1411 735 1470 enim
754 1414 930 1475 concludit:
951 1438 967 1475 a
986 1417 1082 1480 Hodie
1145 1443 1148 1456 ·

104 1518 119 1552 a
142 1497 331 1576 probabilem
347 1517 407 1560 non
421 1517 487 1560 esse
503 1516 558 1560 nec
573 1497 603 1558 in
617 1500 700 1578 praxi
711 1507 807 1562 tutam
818 1505 997 1566 sententiam
1014 1525 1083 1586 quaa

104 1606 119 1639 u
141 1587 174 1646 S.
191 1588 341 1668 Cougrcg.
355 1587 478 1649 Concilii
494 1585 745 1648 declarationibus
758 1590 818 1648 vim
836 1591 909 1669 legis
930 1593 1081 1654 universa·

103 1697 119 1730 n
142 1674 179 1734 lis
190 1675 337 1756 denegat,
350 1678 386 1737 ed
401 1675 483 1756 qudd
495 1677 525 1735 S.
538 1677 686 1754 Congreg.
706 1695 764 1736 non
779 1679 901 1758 privata,
915 1681 967 1741 sed
983 1686 1082 1762 Apos-

104 1785 119 1820 α
143 1765 233 1826 lolicat
256 1767 447 1836 auctoritate,
465 1771 570 1844 urgeat
585 1765 825 1828 observationem
843 1787 966 1830 suarum
982 1770 1081 1833 decla-

104 1875 119 1910 u
142 1854 310 1931 rationum,
324 1863 353 1916 et
368 1873 420 1915 cos
431 1854 601 1933 redarguat,
618 1853 669 1934 spui
684 1853 731 1914 his
751 1874 810 1916 non
827 1857 1047 1938 obtemperant.
1062 1885 1080 1920 o

142 1941 203 2003 Sed
213 1943 335 2003 inomni
348 1942 505 2024 hypothesi
523 1943 626 2021 negari
643 1943 748 2023 nequit
761 1944 935 2023 hansmodi
948 1947 1081 2010 declara-

100 2031 201 2092 tiones
215 2049 280 2092 esse
295 2032 405 2092 summi
418 2030 577 2112 ponderiS,
594 2037 684 2110 prout
698 2033 768 2093 satis
784 2034 889 2113 probat
910 2038 1083 2099 communis

100 2121 331 2181 canonistarum
360 2121 459 2200 praxis
484 2119 665 2180 terminandi
694 2123 877 2200 quaestiones
902 2124 1082 2188 adducendo

100 2208 1081 2290 decisionescongregationumRomanarum.Temeritateautern

101 2296 226 2358 difficile
250 2315 351 2359 carere
381 2297 532 2359 videretur
557 2298 608 2377 qui
634 2312 725 2357 snum
746 2299 894 2375 judicium
922 2303 1082 2380 praevalere

102 2387 192 2448 vellet
209 2387 363 2447 sententiis
379 2385 668 2466 Congregationnm,
690 2404 765 2464 quas
783 2388 960 2466 amplissimi
980 2390 1082 2451 Cardi-

104 2475 210 2550 nales,
226 2475 433 2535 ecclesiasticae
453 2473 623 2553 disciptinae
641 2479 669 2532 et
688 2490 844 2535 sacrorum
858 2494 1012 2539 canonum
1028 2496 1081 2558 pe-

102 2563 238 2626 ritissimi
253 2564 453 2625 constituunt.

144 2655 195 2714 69.
220 2653 332 2713 Similis
350 2659 394 2713 est
414 2651 616 2712 controversia
635 2652 715 2714 circa
732 2653 939 2714 auctoritatem
954 2653 1081 2722 decisio-

103 2758 181 2801 nnm
201 2739 328 2801 altarum
343 2740 627 2820 congregationum.
653 2743 728 2802 Nota
755 2760 791 2802 ex
814 2743 1083 2824 Schmalzgrucber

104 2828 254 2909 (tanecel.
268 2827 384 2890 dissert.
398 2846 534 2911 proaem,
549 2837 581 2889 n⁰
594 2829 664 2908 384)
687 2829 770 2910 qudd
787 2849 794 2889 :
818 2851 833 2888 u
854 2831 1082 2896 Uniformitales

108 2935 362 2998 «responsorum
390 2936 426 2979 ac
453 2917 672 2979 sententiarum
700 2935 791 2998 super
821 2919 928 2981 eodem
956 2922 1082 2984 articulo

108 3007 257 3086 osaepihs
282 3013 311 3068 et
335 3005 525 3068 uniformiter
547 3005 753 3082 redditorum,
779 3007 895 3069 inducit
919 3010 1029 3091 stylum
1053 3017 1082 3073 et

108 3118 123 3153 o
144 3096 264 3175 praxim
281 3094 396 3171 Curiae3
416 3094 512 3175 stylus
526 3103 629 3156 autem
641 3101 670 3156 et
683 3095 782 3176 praxis
794 3097 891 3158 Curiae
906 3099 957 3175 jus
972 3099 1077 3160 lacit.»

144 3187 187 3246 lta
201 3186 404 3246 communiter
419 3186 481 3245 nt).
492 3184 706 3246 :aDecisiones
720 3187 801 3247 Rotae
815 3186 966 3248 minorem
977 3187 1081 3267 utique

108 3296 123 3333 ι
144 3275 239 3354 quam
257 3272 475 3334 declarationes
492 3274 523 3334 S.
540 3273 688 3354 Congreg.
705 3273 910 3336 auctoritatem
924 3273 1077 3337 habent.»

148 3383 164 3421 o
187 3365 234 3423 hn
250 3361 320 3422 verb
334 3362 445 3442 regulae
459 3361 672 3424 Cancellariae¹
691 3362 825 3442 obligent
838 3362 976 3442 ubique?
994 3371 1082 3445 negat

137 3512 307 3578 'llnjnsmorli
321 3512 412 3577 regula
429 3519 487 3562 sunt
500 3527 604 3564 numero
618 3513 656 3575 ta,
670 3527 731 3579 quas
749 3513 919 3580 unusquisque
932 3513 956 3564 S'.
971 3515 1081 3567 Pontifex

105 3599 149 3650 pro
161 3588 200 3634 sut
219 3583 377 3650 pontificatus
390 3584 521 3634 duratione
537 3591 654 3644 renovat,
673 3583 790 3650 postridie
805 3599 856 3635 suaa
873 3585 1010 3636 electionis.
1026 3586 1081 3636 Pri·

105 3671 160 3705 mus
176 3656 288 3706 loannes
301 3654 360 3705 llllll
379 3656 433 3705 illas
446 3655 577 3705 ordinatim
591 3655 691 3721 collegit
708 3671 737 3706 ao
754 3656 917 3708 transcribere
931 3657 997 3708 lecit.
1009 3656 1080 3708 Card.

103 3726 224 3786 Goussct,
239 3727 384 3787 Exposilion
398 3728 439 3776 dea
452 3727 582 3788 principer.
600 3732 659 3780 etc..
672 3743 696 3786 p.
714 3727 768 3778 rio.
