2616 4228
153 309 211 350 vlla
577 299 740 345 PRAEFATlO.

205 439 218 478 a
246 414 290 480 Er
306 419 442 479 munere
463 410 558 478 nobis
575 401 788 487 demandato,
812 425 896 492 opus
915 402 968 470 cui
987 400 1103 472 titulus
1122 421 1132 474 t

159 562 177 597 a
201 533 357 602 Manuale
372 533 468 599 totius
483 527 731 618 cuuouicijoris
751 527 770 593 d
788 525 825 592 D.
842 523 1012 608 Graisson,
1026 543 1134 613 quon-

164 679 174 718 i
202 654 276 722 dam
299 653 429 720 Vinario
460 651 610 720 Generali
637 649 815 717 dioeceseos
837 642 1074 715 Valentinensis
1101 645 1134 712 in
1169 655 1171 658 ’

163 799 176 838 r
202 774 323 856 Gallia,
350 773 584 854 lucubratum,
615 769 738 838 attentd
756 776 788 834 at
817 765 1133 853 sedulo,*quanthm

164 919 177 958 a
203 915 263 984 per
276 913 336 960 nos
355 891 426 958 heri
442 888 570 980 potnit,
587 887 802 978 perlegimus
820 885 856 953 ln
869 905 926 964 ec,
950 905 1016 951 non
1029 885 1134 952 solhm

164 1039 177 1076 l
205 1012 287 1078 nihil
309 1009 403 1078 honis
423 1009 572 1076 moribus
594 1017 651 1075 aut
673 1005 749 1074 srdei
778 1004 944 1072 catholicae
963 1003 1136 1094 principiis

160 1157 178 1196 a
208 1131 410 1200 contrarium
426 1128 723 1218 deprehendimus,
738 1127 821 1196 hene
843 1127 919 1195 verd
932 1137 1135 1216 perspectam

164 1253 381 1320 «habuimus
412 1251 478 1318 sive
509 1249 681 1318 memorati
710 1247 853 1315 auctoris
885 1247 1068 1316 doctrinam
1101 1250 1137 1317 in

161 1398 180 1438 o
207 1371 374 1440 canonicis
387 1370 591 1458 argumentis
610 1369 812 1452 evolvendis,
834 1368 899 1436 sive
920 1369 1066 1457 ejusdem
1082 1391 1135 1439 so-

164 1512 180 1551 r
205 1487 347 1572 tertiam,
360 1486 395 1553 in
411 1485 630 1554 controversis
644 1484 856 1574 opinionibus
866 1486 1058 1574 deligendis
1071 1488 1136 1556 sive

162 1634 181 1676 a
209 1611 361 1688 demum,
384 1608 473 1697 quod
488 1607 695 1696 potissimum
720 1616 785 1691 est,
810 1605 913 1694 ipsius
938 1609 1083 1676 studium
1102 1609 1136 1676 in
1198 1683 1202 1690 Χ

163 1753 181 1791 a
211 1728 382 1794 erroribus
407 1725 634 1794 ecclesiasticae
661 1724 847 1794 auctoritati
878 1725 1015 1795 infensis
1041 1727 1136 1796 relel-

113 1886 115 1890 ι
162 1870 181 1912 -a
209 1845 338 1912 lendis:
361 1845 406 1911 ita
427 1855 464 1911 ut
484 1846 523 1910 ad
546 1845 682 1912 clericos
707 1845 741 1912 iu
760 1845 936 1932 pontiliciis
956 1846 1137 1935 disciplinis

169 1992 182 2032 a
209 1967 271 2035 rite
286 1965 514 2047 instituendos,
532 1986 614 2054 opus
629 1965 691 2032 hoo
705 1964 747 2032 sit
759 1965 898 2034 maxime
910 1969 1137 2038 accommoda·

170 2112 183 2153 l
210 2097 290 2154 tum.
314 2086 350 2153 ln
371 2105 513 2174 quorum
533 2085 644 2168 fidem,
667 2084 782 2151 Datum
798 2085 927 2168 Romae,
946 2085 997 2154 die
1016 2084 1059 2154 lt
1075 2086 1138 2174 jn-

172 2232 186 2273 «
212 2207 248 2273 lii
270 2203 368 2272 1862.

216 2377 229 2418 l
256 2352 428 2440 Philippus
447 2317 491 2418 De
516 2351 659 2438 Angelis,
677 2349 764 2438 juris
788 2351 937 2418 canonici
962 2352 995 2418 in
1020 2351 1139 2420 scholis

169 2500 185 2538 a
212 2472 373 2539 Pontificii
390 2470 563 2540 Seminarli
579 2469 718 2538 Romani
731 2482 763 2539 et
777 2471 812 2538 in
831 2469 1047 2540 Universitate
1061 2491 1139 2560 pro·

173 2617 186 2656 r
214 2592 330 2660 sessor.

216 2765 230 2799 a
255 2735 362 2804 Caesar
381 2735 555 2818 Roncetti,
577 2736 611 2802 in
638 2737 759 2803 scholis
779 2737 942 2806 Ponlilieii
968 2737 1140 2808 Seminarii

173 2883 187 2923 ι
213 2857 350 2925 Romani
371 2855 616 2922 institutionum
637 2857 872 2924 canonicarum
885 2859 1093 2946 professor.»

214 3027 283 3095 lmd
315 3026 390 3092 chm
417 3044 521 3092 unum
555 3025 718 3113 exemplar
747 3022 965 3096 laodicenis
997 3027 1142 3118 ejusdem

172 3143 355 3227 Maenalis,
378 3143 418 3211 ad
438 3141 611 3212 Summum
631 3143 840 3228 Pontificem,
859 3146 947 3214 velut
965 3167 1046 3218 mese
1064 3169 1142 3237 erga

171 3287 265 3336 suam
283 3264 494 3333 Beatudinem
508 3263 688 3333 devotionis
703 3273 734 3332 et
753 3265 836 3354 grati
856 3266 957 3334 animi
981 3268 1045 3338 mei
1071 3290 1141 3338 mo·

172 3386 366 3468 nimentum,
384 3383 558 3468 misissem,
574 3383 723 3452 Vicarius
743 3383 876 3470 Christi,
900 3387 1142 3458 illustrissimus

172 3507 250 3577 Pius
279 3506 341 3590 lll,
376 3505 481 3589 mihi,
510 3504 571 3573 etsi
602 3504 737 3594 indigno
771 3505 875 3594 ipsius
907 3508 1054 3589 servulo,
1089 3508 1141 3577 his

172 3625 280 3695 serbis
294 3625 429 3715 propria
450 3629 509 3692 sut
525 3623 765 3712 subscriptione
785 3625 936 3712 dignatus
955 3636 1003 3694 est
1021 3627 1140 3697 rescri-

175 3747 281 3815 here:
