2562 4224
475 298 559 339 LlliElt
581 299 698 342 l'lilllDS.
1042 296 1080 346 99

105 416 122 454 ι
144 395 357 456 instantiam...
375 415 384 469 ;
406 399 438 457 6⁰
462 395 584 475 quando
602 399 700 478 agitur
718 399 756 462 de
768 418 801 461 re
815 406 845 461 et
859 403 1078 474 controversia,

105 504 122 542 ι
143 500 214 564 quar
229 482 388 564 ingenium
402 488 433 544 et
447 483 579 546 hominis
592 485 730 566 peritiam
750 489 881 568 respicit.
898 509 913 546 a
932 488 1008 550 Dicit
1022 507 1079 550 au-

101 578 167 633 tem
191 571 228 632 D.
245 570 359 648 Boniti,
372 572 488 634 censeri
502 571 628 634 electam
642 575 836 648 industriam,
852 577 875 636 si
890 578 920 636 in
935 578 1080 658 rescripto

100 659 253 722 dicatur:
272 661 492 742 perseipsum,
514 662 560 724 vel
579 663 788 744 personaliter.
814 665 925 745 Excipe
949 669 998 741 2⁰,
1025 665 1080 727 nisi

101 747 230 810 facultas
244 747 378 829 delegata
393 751 431 810 sit
446 748 558 811 nudum
571 751 788 826 ministerium,
806 770 859 813 seu
874 753 1001 833 simplex
1016 772 1081 815 exe·

103 837 204 910 cutio,
225 843 259 899 ut
282 836 403 917 quando
426 837 514 900 datur
538 837 662 901 Officiali
684 847 814 922 potestas
834 840 1028 921 dispensandi
1050 843 1079 904 in

104 925 307 986 matrimoniis
321 926 365 986 vet
379 926 455 988 aliis.
472 928 613 988 Attamen
634 929 725 990 etiam
745 929 777 990 in
798 928 857 991 hoc
874 947 962 1004 casu,
986 936 1082 1009 potest

101 1013 247 1076 officiatis
263 1013 459 1095 subdelegare
482 1014 725 1079 informationem
742 1023 771 1079 et
789 1019 911 1079 testium
930 1019 1079 1100 receptio-

104 1121 179 1166 nem
197 1121 288 1184 supra
307 1103 506 1184 quaestionem
527 1123 567 1166 uu
580 1123 680 1186 preces
693 1107 813 1168 ueritate
826 1108 972 1169 nituntur.
995 1109 1031 1168 V.
1047 1109 1079 1172 c.

105 1191 266 1267 (leonium,
281 1195 331 1264 13,
345 1191 381 1254 de
395 1190 452 1272 Off.
467 1190 539 1254 rud.
554 1193 646 1276 deleq.

145 1283 216 1344 193.
240 1280 344 1352 Quoad
364 1280 516 1361 delegatos
540 1281 578 1344 ab
602 1283 668 1344 aliis
694 1301 786 1364 quam
802 1285 819 1346 t
833 1284 912 1365 Papa
935 1293 965 1347 et
984 1285 1080 1349 Sacris

107 1369 410 1451 congregationibus,
429 1370 451 1431 si
467 1371 526 1432 sint
549 1370 675 1452 delegati
691 1371 731 1434 ud
743 1372 963 1436 uniuersitatem
978 1392 1079 1437 causa-

107 1476 193 1533 rum,
214 1459 269 1540 ipsi
293 1464 419 1538 possunt
441 1458 579 1541 delegare
598 1462 682 1540 juxta
706 1462 989 1524 communissimam
1010 1481 1079 1526 sen-

107 1546 231 1611 tentiam
252 1565 320 1626 quae
341 1548 445 1609 nititur
468 1547 525 1628 leg.
552 1551 588 1626 1,
613 1549 698 1629 §At
719 1568 765 1623 eo,
793 1549 825 1610 ff.
851 1550 923 1624 Quis
937 1560 965 1611 et
978 1552 996 1612 d
1009 1570 1077 1631 quo.

102 1636 174 1698 Vid.
191 1635 301 1697 Sanch.
313 1634 359 1713 (de
374 1635 520 1710 ttautm„
536 1637 589 1697 lib.
603 1641 634 1714 3,
649 1637 726 1718 disp.
742 1641 792 1711 31,
809 1649 843 1698 n⁰
854 1641 894 1715 2).
912 1639 967 1698 ch
978 1646 1080 1701 tamen

102 1724 240 1786 notanda
258 1731 303 1785 est
322 1725 468 1786 restrictio
488 1727 623 1806 apposita
643 1728 660 1788 a
682 1729 712 1788 S.
729 1726 870 1807 Liguoric
884 1726 915 1786 in
929 1727 1080 1791 additione

101 1812 141 1874 ad
153 1811 324 1874 Etenchum
340 1819 445 1894 quaest.
458 1820 705 1890 retractaturum,
723 1815 774 1877 ubi
789 1814 881 1876 dicit:
897 1818 1025 1888 nQuaer.
1040 1818 1080 1879 IV

106 1924 123 1960 u
144 1919 185 1963 an
202 1900 358 1982 delegatus
379 1902 542 1982 Principis,
562 1903 609 1966 vel
633 1903 791 1984 Delegatus
809 1903 849 1966 ad
862 1906 1079 1969 unicusitutem

105 2013 123 2050 a
143 2008 299 2054 causarum
314 1990 407 2072 possit
421 1991 639 2073 sulrdelegarei
656 1992 828 2056 affirmatur
844 1994 894 2057 lib.
910 1999 939 2069 1,
954 1998 987 2056 n⁰
1002 1999 1059 2058 193
1067 2016 1077 2070 ;

106 2079 199 2142 «sed
223 2079 282 2142 hoc
304 2086 348 2142 est
368 2079 560 2142 limitandum
578 2083 663 2160 juxta
682 2082 712 2144 id
737 2083 818 2165 quod
841 2084 948 2145 dicitur
970 2083 1022 2146 lib.
1039 2088 1077 2162 6,

105 2177 124 2227 e
144 2169 181 2229 n⁰
190 2171 269 2244 559;
286 2185 395 2249 nempe
408 2167 466 2231 hoc
479 2167 605 2250 intelligi
619 2171 691 2232 cirm
704 2171 851 2252 delegatio
865 2171 942 2233 iacta
957 2182 1001 2232 est
1015 2178 1075 2234 tan·

105 2279 122 2316 ι
142 2274 237 2338 quam
249 2255 461 2340 parotidum,
475 2263 527 2320 aut
539 2260 610 2321 clim
624 2259 779 2340 delegatur
791 2260 879 2321 alicui
889 2259 1076 2337 jurisdictio,

104 2367 122 2405 ι
143 2345 189 2408 ιι1ἰ
211 2345 419 2426 privilegium,
438 2351 585 2429 perpetuo
603 2367 660 2410 suo
681 2347 780 2410 officio
794 2349 855 2409 sive
869 2348 1006 2428 dignitati
1020 2367 1078 2410 an·

105 2455 122 2494 ι
144 2451 302 2497 nexum.»

144 2526 215 2588 tat.
238 2523 269 2586 Si
281 2526 352 2587 verd
364 2524 491 2607 delegati
505 2525 564 2587 sint
579 2525 780 2608 particulares
792 2543 845 2586 seu
857 2523 895 2584 ad
907 2529 1003 2586 certas
1012 2543 1079 2586 cau·

101 2630 153 2678 aas
163 2613 295 2690 tantum,
311 2633 372 2676 non
386 2622 511 2696 possunt
522 2614 739 2694 subdelegare,
756 2613 813 2674 nisi
830 2613 874 2674 eis
890 2612 907 2675 a
921 2612 1079 2694 delegante

100 2701 195 2766 tuerit
211 2720 406 2778 concessum,
427 2703 508 2784 quod
530 2703 607 2766 ultra
626 2709 700 2766 tunc
720 2701 839 2764 extendi
855 2721 917 2763 non
933 2703 1022 2764 debet
1042 2721 1079 2767 ex
1117 2775 1121 2784 Ι

100 2809 172 2875 cap.
194 2789 269 2854 cam
282 2810 409 2866 causum,
431 2796 480 2868 62,
497 2789 533 2854 de
552 2792 685 2874 Apprtt,
701 2792 753 2854 ubi
772 2791 905 2853 dicitur:
926 2791 1076 2854 «Nonnisi

105 2901 121 2941 r
142 2877 299 2961 delegatus
311 2883 328 2942 a
342 2881 481 2964 Principe
493 2899 616 2944 causam
630 2881 679 2942 alii
690 2880 768 2942 valet
781 2880 931 2960 delegare.
950 2903 966 2939 u

143 2971 214 3032 195.
237 2967 280 3031 Ειι
294 2971 417 3034 notione
430 2971 568 3052 superius
579 2969 648 3030 data
664 2966 746 3049 (raa)
763 2968 895 3049 Delegati
909 2968 949 3030 cd
960 2968 1077 3031 unico-

100 3059 217 3120 sitatem
232 3077 398 3134 causarum,
414 3065 449 3122 ut
459 3059 531 3120 tales
543 3057 673 3120 habendi
684 3055 823 3120 ridentur
840 3058 950 3118 Decani
965 3059 1079 3118 rurales

101 3148 321 3228 etpresbyteri
345 3149 376 3210 in
400 3148 538 3230 pluribus
561 3145 742 3209 dioecesibus
762 3146 857 3208 vocati
879 3146 1080 3227 Arclriprdtru

99 3243 291 3312 emtonuuoe,
317 3237 446 3318 quihus,
469 3234 561 3298 modo
580 3236 755 3312 collective,
779 3240 896 3297 certum
919 3250 1073 3295 causarum

100 3341 202 3406 genus
213 3325 428 3405 committitur,
447 3344 476 3388 v.
494 3344 538 3405 g..
559 3323 752 3406 dispensandi
770 3323 800 3384 in
816 3329 878 3382 toto
894 3321 997 3402 aliquo
1013 3322 1078 3383 dis-

100 3411 194 3477 trictu
208 3431 299 3496 super
316 3415 407 3478 unius
421 3418 474 3478 aut
483 3413 616 3476 duorum
630 3413 803 3475 bannorum
817 3411 1080 3491 promulgatione,

99 3507 154 3565 aut
172 3502 313 3584 quaedam
333 3504 391 3566 alia
413 3501 587 3586 peragendi.
613 3501 743 3565 Proinde
765 3499 812 3562 isti
831 3497 968 3562 videntur
990 3519 1078 3582 posse

99 3589 302 3672 subdelegato
320 3611 414 3654 unam
431 3593 477 3655 vel
496 3592 621 3654 atteram
639 3607 783 3667 causam,
802 3604 865 3648 non
881 3590 953 3650 vero
971 3605 1077 3650 omncs

99 3697 227 3755 causas,
244 3699 313 3761 quae
325 3681 460 3744 accidere
474 3685 626 3763 poterunt.

142 3769 180 3830 D.
197 3770 270 3832 vero
285 3769 381 3832 Bouix
401 3769 447 3849 (de
463 3767 606 3843 tudiciis,
623 3775 645 3829 t.-
662 3771 698 3842 1,
714 3785 745 3848 p.
765 3767 834 3845 116)
860 3783 922 3830 non
944 3763 1034 3826 habet
