2590 4214
218 291 277 350 lat
499 302 650 348 ausuuma
669 303 751 349 runis
770 303 919 350 canuntur.

218 419 290 464 oum
305 403 428 482 patene,
442 402 488 464 vel
503 401 590 463 biber
609 403 834 483 Epistularum:
850 404 900 466 alii
919 403 1026 464 dicunt
1040 398 1202 462 materiam

218 490 387 571 proximam
402 509 467 553 esse
477 490 572 553 solam
584 491 775 554 traditionem
785 493 888 555 calicis
896 490 1065 574 uaruicum
1076 490 1200 569 patena,

218 587 249 642 et
262 578 390 641 formam
404 579 494 641 verba
507 579 793 661 correspondentia:
811 580 914 645 Videte
926 577 1021 660 cujus,
1038 583 1130 640 etc...
1143 575 1200 637 Alii

218 668 402 733 uerddicunt
413 668 569 730 materiam
581 668 771 732 essentialem
786 688 852 733 esse
866 671 991 749 insuper
1001 665 1199 728 traditionem

220 757 298 820 Libri
322 757 545 839 Epistularum,
568 755 639 837 quia
662 776 776 822 munus
795 764 842 821 est
863 755 1043 821 subdiaconi
1067 754 1200 835 speciale

218 847 393 910 solemniter
412 845 557 925 llpistolas
578 845 688 926 legere.
705 845 739 907 ln
761 849 846 930 praxi
870 848 901 909 S.
924 845 1047 926 Liguor.
1075 842 1144 923 (lib.
1169 847 1198 906 6.

220 945 253 998 n⁰
267 940 336 1014 'lldl
349 935 420 997 dicit
432 934 628 1015 posteriorem
639 935 718 998 hanc
727 938 908 998 sententiam
918 953 983 997 esse
993 930 1199 1012 sequendam,

219 1031 322 1106 utpote
336 1023 475 1086 tutiorem
493 1030 595 1085 elnon
610 1023 852 1104 improbabilem.

258 1115 431 1194 Disputatur
444 1112 553 1193 pariter
564 1130 603 1173 an
612 1112 689 1174 calix
701 1119 732 1174 et
743 1121 864 1195 patena,
875 1113 907 1175 in
920 1110 1115 1196 ordinatione
1126 1110 1200 1172 Sub·

219 1203 395 1265 diaconatus
407 1201 593 1276 adhibenda,
608 1209 782 1264 consecrata
794 1221 860 1265 esse
874 1201 1021 1277 debeant3
1035 1201 1122 1262 certo
1137 1203 1199 1282 qui·

219 1292 288 1354 dem
302 1298 476 1355 consecrata
494 1285 566 1352 esse'
580 1291 690 1352 debent
707 1309 746 1353 ex
761 1291 938 1355 necessitate
960 1289 1123 1370 praecepti,
1147 1289 1198 1351 sed

219 1380 449 1444 controvertitur
461 1397 500 1441 an
514 1379 584 1440 talia
602 1397 667 1442 esse
681 1379 810 1442 debeant
830 1399 885 1462 pro
905 1378 1055 1441 validitate
1070 1378 1197 1440 ordina-

219 1470 319 1534 tionis.
334 1471 368 1532 ln
383 1467 467 1552 praxi
481 1467 612 1530 tenenda
625 1473 670 1530 est
683 1468 831 1531 sententia
842 1468 1006 1532 affirmans.
1024 1468 1056 1530 S.
1070 1467 1194 1549 Lignor.

218 1560 326 1637 (abab).
854 1597 858 1604 ·

258 1653 327 1713 58l.
350 1647 434 1710 Circa
461 1645 669 1727 paenitentiam
696 1646 837 1710 Diaconia
862 1652 892 1710 et
920 1646 1136 1724 ‚Subdiaconis
1161 1646 1198 1708 ab

220 1739 368 1819 Episcopo
382 1741 450 1818 post
462 1734 684 1798 ordinationem
696 1735 925 1818 imponendam,
941 1735 1052 1798 dicitur
1066 1737 1099 1797 in
1114 1737 1196 1799 Pon-

219 1825 346 1907 tificuti:
362 1846 378 1885 u
391 1824 435 1886 Ad
450 1823 705 1888 Subdiaconatum
728 1825 774 1886 vel
787 1826 985 1894 Diaconatum
1006 1824 1169 1908 (promoti)
1186 1845 1194 1885 :

224 1937 238 1972 t<
258 1917 448 1976 Nocturnum
467 1913 532 1974 talis
553 1913 651 1978 diei...
675 1913 802 1978 dieite...
826 1914 936 1976 »Ciam
949 1913 1023 1976 verb
1044 1915 1085 1976 de
1105 1932 1198 1976 sensu

220 2003 327 2064 borum
341 2001 501 2064 verborum
515 2001 736 2082 disputaretur,
753 2002 935 2085 interrogata
949 2004 980 2065 S.
1003 2002 1066 2065 Ru.
1083 2004 1194 2085 Congr.
1289 2063 1290 2089 p

219 2111 256 2152 an
270 2091 336 2154 haec
355 2090 442 2152 verba
457 2090 495 2150 de
508 2096 571 2152 toto
583 2089 688 2152 Officio
703 2099 851 2154 nocturno
872 2098 902 2154 et
915 2091 1072 2172 Laudibus
1085 2092 1196 2155 intelli·
1288 2145 1289 2173 p

218 2180 316 2260 genda
329 2187 445 2252 essent,
463 2178 508 2240 vel
532 2177 570 2240 de
589 2181 682 2242 unico
694 2179 849 2244 Nocturno
872 2187 901 2242 et
915 2179 1022 2262 quatit
1035 2183 1145 2263 Hesp,
1159 2186 1191 2244 ll

218 2288 286 2350 aug.
305 2272 393 2345 1860,
409 2267 603 2348 intelligenda
617 2287 682 2332 esse
697 2268 735 2330 de
749 2269 841 2330 unico
854 2271 1011 2331 Nocturno
1024 2267 1136 2348 feriali,
1151 2271 1196 2332 vei

218 2359 255 2419 de
268 2359 367 2440 primo
388 2356 553 2419 Dominicee
566 2364 599 2418 ut
617 2357 647 2418 in
663 2357 819 2438 psalterio,
835 2357 866 2419 id
885 2365 929 2420 est
946 2361 983 2419 lb
1005 2358 1195 2439 psalmorum

217 2465 287 2508 oum
311 2447 373 2508 suis
393 2445 573 2526 Antiphonis
595 2445 634 2508 de
653 2453 807 2527 tempore,
833 2465 926 2528 quem
948 2447 1121 2528 Episcopus
1142 2447 1195 2511 de

216 2535 336 2616 signare
350 2541 464 2617 potest,
485 2535 529 2595 vel
552 2534 646 2615 ipsius
659 2534 717 2596 diei
731 2553 792 2616 quo
810 2535 900 2597 habet
910 2535 1136 2598 ordinationem
1149 2539 1195 2600 rel

216 2625 336 2686 alterius
351 2641 405 2704 pro
417 2643 472 2686 suo
487 2622 630 2699 arbitri03
646 2623 732 2686 itaut
747 2642 809 2684 non
824 2625 918 2704 possit
930 2624 1091 2706 designare
1111 2628 1194 2690 Noc-

216 2720 341 2774 turnum
355 2711 444 2772 officii
460 2711 557 2774 tribus
577 2713 695 2774 tantiam
718 2713 841 2793 psalmis
858 2720 1060 2776 constantem.
1077 2716 1110 2776 Si
1123 2719 1196 2779 vero

217 2801 382 2880 llpiscopus
398 2800 470 2860 nibil
484 2800 564 2862 aliud
579 2801 759 2881 expresserit
773 2805 866 2882 quam
880 2801 964 2883 quod
976 2803 1070 2865 verba
1090 2804 1194 2868 Ponti·

216 2889 309 2952 ticelis
321 2895 441 2965 sonant,
455 2888 620 2951 dicendum
633 2895 677 2951 est
691 2889 876 2953 Nocturnum
889 2890 1003 2972 feriale
1012 2910 1193 2975 correspon-

214 2980 289 3040 dens
309 2977 367 3038 diei
389 2978 421 3038 in
441 2996 503 3058 quo
523 2982 644 3059 peracta
664 2977 720 3040 luit
739 2979 898 3041 ordinatio.
915 2980 1004 3042 Nulla
1023 2980 1056 3042 lit
1079 2983 1195 3045 mentio

213 3068 251 3129 de
268 3067 458 3142 lnvitatori0‚
482 3066 598 3148 hymno
616 3074 646 3129 et
664 3067 855 3130 lectionibus.
873 3068 947 3130 Vide
970 3068 1133 3146 Analecta,
1155 3078 1190 3134 ll

213 3157 293 3234 lira,
311 3162 341 3218 et
355 3155 452 3218 llevue
464 3156 512 3218 dee
524 3157 648 3219 arieneos
660 3156 745 3236 eccl,
759 3160 799 3220 20
813 3175 882 3239 aug.
899 3160 1000 3222 1861:

660 3329 679 3409 ξ
700 3330 735 3391 ΙΙ.

580 3454 625 3519 De
639 3456 814 3519 Diaconctu.

249 3604 319 3664 582.
342 3602 523 3664 Dt'ucoaatus
541 3611 584 3664 est
606 3602 677 3663 crdo
690 3623 747 3684 quo
760 3602 915 3684 confertur
933 3605 1035 3670 alicui
1054 3609 1192 3690 specialis

208 3695 334 3769 potestus
348 3691 380 3748 in
392 3692 479 3750 micat
490 3690 613 3752 solemni
624 3691 794 3754 immediatei
804 3692 960 3756 assistendi
966 3695 1147 3778 presbytero
1163 3711 1191 3760 et

209 3775 376 3836 solemniter
389 3777 515 3838 canendi
528 3779 740 3859 Euunqelium.
