2526 4210
196 241 255 300 220
468 250 620 296 aucuerre
642 250 725 296 suuis
747 247 896 296 canonici.

195 350 419 416 tundamentale
433 356 579 433 punctum
600 358 670 414 ante
688 354 791 414 omnia
809 356 855 414 est
878 349 930 412 hlc
951 349 1170 431 probandum
1247 419 1248 436 ἦ

195 441 284 522 igitur
299 441 348 501 sit.
1098 499 1102 504 .
1247 445 1248 452 ’

232 551 301 608 347.
328 548 523 610 Prorosrrrox
539 581 577 592 -
592 548 739 608 Romanus
757 545 904 628 Pontifex
926 545 1020 608 totius
1043 565 1173 610 commu-

194 635 290 696 nionis
301 634 456 697 catholice
473 643 605 696 centrum
620 644 663 697 est
677 635 880 700 necesarium.
898 634 1071 716 Propositio
1086 637 1174 699 estde
1247 697 1248 712 ,

197 722 265 786 lide.

232 829 1173 912 Percentrumcommunioniscatholicaeintelligitur,etunict

194 919 318 996 intelligi
334 929 447 1000 potest,
462 939 590 1001 persona
603 922 735 1001 qutcum
750 937 857 982 omnes
871 920 1015 982 Ecclesiae
1037 921 1171 1001 particu-

195 1010 270 1070 lares
284 1017 313 1070 et
327 1010 442 1090 singula
457 1010 600 1072 Ecclesiae
615 1009 751 1071 membra
771 1008 1002 1071 communicare
1023 1016 1055 1071 et
1072 1011 1172 1072 unita-

194 1104 269 1174 tem,
285 1097 315 1157 in
329 1098 365 1159 iis
379 1117 446 1179 quea
457 1099 495 1160 ad
510 1097 601 1160 fidem
616 1103 645 1159 et
659 1098 837 1178 religionem
858 1097 1033 1177 pertinent,
1055 1117 1171 1162 servare

193 1185 313 1246 (lebant.
330 1188 423 1249 Porro
437 1186 500 1249 haec
513 1185 690 1250 conrmunio
704 1204 776 1248 cum
791 1186 928 1248 Romano
942 1185 1092 1249 Pontifice
1107 1205 1170 1249 om·

195 1275 266 1334 nino
281 1275 453 1355 requiritur.
470 1277 567 1355 Ergo,
581 1283 640 1338 etc.

233 1375 332 1435 Minor
346 1374 507 1455 probatur:
523 1378 554 1436 l⁰
566 1376 610 1435 Ex
621 1374 792 1455 scriptura:
808 1392 846 1435 ex
854 1374 985 1436 textibus
997 1393 1111 1458 nempe
1124 1395 1169 1440 su-

195 1481 246 1543 pra
256 1463 356 1525 relatis
372 1463 469 1545 (338):
488 1463 515 1526 T
512 1485 531 1524 u
545 1483 573 1524 es
585 1465 707 1539 Petinus,
723 1471 780 1526 etc.
802 1467 890 1526 Posce
900 1481 989 1544 cynos
1000 1471 1166 1543 meos‚etc.;

194 1571 301 1614 omnes
315 1553 395 1614 enim
412 1559 509 1634 partes
530 1551 650 1614 aedificii
671 1553 788 1613 socialis
809 1553 1037 1616 communicare
1060 1555 1168 1616 debent

193 1659 265 1702 cum
280 1642 374 1722 ipsius
388 1641 606 1718 fundamento,
622 1659 791 1723 omnesque
806 1659 877 1703 oves
890 1641 1094 1705 directionem
1113 1644 1166 1706 Su·

194 1732 291 1810 premi
306 1730 435 1792 Pastoris
448 1730 479 1792 in
491 1730 633 1793 omnibus
647 1731 733 1812 sequi
744 1736 896 1794 tenentur.
911 1733 1004 1812 Ergo,
1017 1737 1077 1796 etc.

235 1837 354 1900 Probat.
370 1843 402 1900 2⁰
417 1839 461 1899 Ex
476 1840 528 1901 SS.
546 1837 684 1899 Patribus
694 1856 702 1898 :
714 1837 758 1900 sic
771 1837 862 1900 habet
876 1839 907 1900 S.
917 1841 1064 1914 Irenaeus,
1075 1839 1126 1903 lib.
1137 1843 1164 1918 3,

198 1925 306 1988 Contra
326 1927 469 1990 hereses:
491 1926 566 1987 cild
586 1925 664 1988 banc
686 1925 852 1989 Ecclesiam
875 1932 999 2010 propter
1020 1928 1165 2008 potiorem

200 2037 215 2074 c
236 2015 498 2096 principalitatem,
510 2024 804 2078 nccesseestomnem
818 2013 980 2077 convenire
990 2015 1164 2095 Ecclesiam,

199 2126 215 2163 c
234 2104 292 2166 hcc
307 2111 351 2166 est
365 2123 416 2166 eos
430 2108 482 2187 qui
498 2110 569 2167 sunt
582 2103 717 2184 undique
731 2099 846 2166 fideles.
866 2129 880 2161 o
896 2105 993 2184 Ergo,
1009 2110 1069 2168 etc.

234 2213 266 2274 S.
282 2213 497 2294 Hieronymus,
509 2211 596 2293 epist.
610 2213 648 2272 ll
660 2210 697 2271 ad
709 2213 888 2272 Damasum:
904 2211 1028 2291 «Ego...
1042 2213 1166 2276 Beatitu·

199 2323 214 2362 ι
233 2300 296 2364 dini
307 2305 389 2380 Tuae,
406 2302 437 2362 id
446 2308 502 2378 est,
511 2299 664 2362 Catbedrae
680 2299 758 2360 Petri
767 2299 976 2361 communioni
992 2302 1164 2364 consocior:

197 2413 214 2450 c
234 2410 324 2472 super
339 2391 420 2452 illam
435 2396 551 2471 petram
566 2388 745 2450 aedificatam
760 2387 926 2450 Ecclesiam
937 2387 1012 2451 scio.
1026 2391 1166 2462 Quicum-

198 2503 213 2540 c
234 2500 293 2561 que
307 2490 395 2542 cetra
409 2479 488 2541 hanc
501 2478 627 2540 domum
639 2495 754 2558 agnum
763 2475 940 2551 comederit,
953 2477 1099 2558 profanus
1112 2488 1164 2557 est;

197 2591 214 2628 u
235 2569 413 2651 Quicumque
428 2577 518 2630 tecum
533 2586 588 2628 nou
602 2566 733 2647 cullipc't,
745 2565 901 2648 spargit.»
920 2569 1013 2647 Ergo,
1028 2574 1087 2632 etc.

234 2678 352 2740 Probat.
369 2681 400 2740 3⁰
415 2681 460 2738 Ex
474 2675 659 2758 professione
674 2673 745 2736 fidei
759 2692 853 2754 quam
873 2675 1058 2756 praescripsit
1075 2678 1163 2740 Boui-

193 2767 288 2830 iacius
311 2768 342 2830 in
363 2767 493 2848 Epistola
514 2765 552 2828 ad
575 2765 727 2826 Eulalium
749 2762 1017 2844 Carthaginensem
1040 2767 1164 2848 Episco-

194 2875 287 2937 punr;
304 2856 353 2918 cui
368 2855 557 2918 subscribere
571 2853 676 2916 debuit
692 2855 843 2927 loannes,
862 2853 1164 2937 Constantinopolita-

194 2965 251 3008 nus
265 2945 450 3028 Episcopus,
464 2951 532 3026 post
543 2943 743 3006 delectionem
758 2941 877 3017 Aeacii,
893 2947 928 3004 ut
940 2943 1085 3007 Ecclesiae
1108 2950 1163 3010 Ro·

194 3053 292 3098 manae
306 3034 562 3110 reconciliaretur
576 3050 667 3112 quam
675 3029 851 3092 Hormisdas
861 3031 941 3112 Papa
953 3030 992 3093 ad
1000 3033 1164 3118 Episcopus

194 3125 345 3206 Hispaniae
357 3125 449 3203 misit,
458 3121 669 3187 utsecundbm
680 3119 761 3182 illam
776 3118 956 3182 schismatici
968 3120 1007 3184 ad
1018 3125 1163 3188 unitatem

194 3215 464 3298 reintegrareutur;
480 3231 572 3295 quam
587 3210 737 3273 Adrianus
751 3210 832 3290 Papa
850 3207 931 3271 dedit
947 3207 985 3271 ad
1006 3209 1163 3293 Synodum

196 3311 327 3368 octavam
337 3303 523 3386 generalem,
533 3307 562 3363 et
572 3317 664 3381 quam
672 3297 795 3360 tandem
806 3315 897 3360 uerno
910 3316 1054 3381 respuere
1062 3301 1161 3383 debet,
1243 3333 1244 3340 ,

195 3393 275 3471 turta
288 3394 414 3456 Bossuet
427 3391 507 3475 (lies.
523 3389 657 3466 uector,
673 3387 725 3449 lib.
741 3391 790 3466 10,
805 3402 871 3469 cap.
887 3386 933 3470 7),
948 3389 1001 3470 qui
1011 3389 1086 3453 dicit
1097 3411 1162 3456 eam

194 3484 282 3543 hlott
296 3483 426 3545 Ecclesih
436 3481 586 3545 Catholici
599 3476 826 3559 comprobatam
841 3475 957 3559 (luia).
969 3478 1043 3541 Haec
1053 3487 1098 3542 est
1110 3500 1161 3544 au·

193 3575 255 3632 tem
275 3571 325 3632 illa
338 3572 503 3652 professio:
521 3593 537 3630 o
552 3568 652 3631 Prima
667 3566 747 3629 salus
761 3571 806 3628 est
822 3571 911 3628 rectae
930 3565 1002 3628 fidei
1023 3570 1159 3650 regulam

198 3681 213 3718 o
232 3660 399 3735 custodire,
413 3668 442 3722 ct
456 3657 650 3722 hconstitutis
661 3659 785 3718 Petrum
798 3655 970 3717 nullatenus
978 3654 1110 3721 deviare.
1125 3660 1161 3722 Et

197 3770 213 3809 n
232 3747 302 3828 quia
316 3766 378 3810 non
390 3754 486 3829 potest
496 3751 532 3810 D.
545 3749 582 3810 N.
598 3749 672 3809 tesu
688 3743 796 3808 Christi
808 3744 994 3826 praetermitti
1012 3748 1158 3810 sententia
