2616 4228
457 184 550 226 iterur
571 184 754 229 rumorosus.
1049 173 1091 230 rs

80 275 107 327 Ἰ
153 288 205 343 72.
231 283 376 343 Dividitur
401 287 433 342 2⁰
459 285 490 342 ln
511 286 764 362 generalissimam
788 307 856 368 quae
871 288 933 356 rim¹
952 285 1040 346 habet
1059 285 1092 344 in

114 378 179 432 toto
192 371 356 431 christiano
372 371 444 431 orbe
459 392 466 446 3
489 373 671 452 generalem,
693 393 761 454 quae
779 375 810 436 in
829 379 888 436 tota
903 375 1002 454 aliquit
1016 391 1090 453 pro-

103 461 236 536 vvvinciar
256 467 285 519 et
297 460 462 539 specialem,
475 479 542 540 quae
554 461 585 520 in
597 461 697 542 aliqud
709 465 826 524 tantbm
836 465 921 536 urbe,
934 481 1023 544 pago,
1032 471 1088 522 ato.

106 573 115 614 t
157 564 210 622 73.
234 560 380 620 Dividitur
394 563 426 620 3ο
444 562 477 620 ln
486 559 685 638 judicialem,
702 581 770 642 quae
784 562 937 624 inducitur
956 559 1096 642 pluribus

116 649 276 711 sententiis
298 649 505 710 conformibus
527 667 618 733 super
641 650 749 712 eodem
771 668 930 712 causarum
952 667 1089 728 genere:
1170 653 1173 656 '

114 737 181 799 duo
194 737 308 816 judicia
330 736 496 798 conformia
515 737 593 798 intra
609 738 790 801 decennium
812 739 980 812 sufficiunt,
1002 736 1095 797 modd

116 827 328 900 contrarium,
358 844 412 904 per
436 825 510 886 illud
535 833 675 907 tempuS‚
703 847 763 888 non
786 829 829 889 sit
851 828 1029 906 judicatum.
1056 824 1093 884 Et

114 913 400 995 cctrajudicialem‚
427 933 496 996 quae
519 914 611 996 longo
632 917 735 998 populi
760 937 818 980 usu
842 924 925 979 extro
944 913 1098 997 judicium·

116 1003 286 1065 inducitur.

160 1107 213 1162 74.
236 1104 301 1162 Non
317 1102 415 1182 juris,
438 1102 561 1183 quidem
579 1103 649 1164 ctrm
669 1103 746 1164 mala
762 1102 949 1166 consuetudo
964 1105 1095 1182 nequeat

116 1192 171 1270 jus
184 1189 292 1264 lacere,
307 1193 357 1252 sed
372 1191 447 1272 faeti
459 1192 645 1255 consuetudo
660 1192 803 1254 dividitur
819 1183 873 1253 itt
890 1192 921 1252 in
944 1190 1046 1250 bonam
1064 1197 1096 1252 et

119 1280 250 1354 malam,
268 1299 319 1341 seu
341 1281 550 1340 rationabilem
568 1288 598 1342 et
620 1281 878 1342 irrationabilem:
900 1280 1010 1340 malam
1029 1289 1094 1340 esse

119 1369 373 1432 consuetudinem
388 1369 500 1446 duplici
515 1369 605 1431 modo
618 1373 793 1451 contingere
807 1375 919 1450 potest:
933 1366 1095 1430 lutriaseed

120 1456 259 1539 quidem,
274 1457 396 1538 quando
409 1461 567 1520 reconna
582 1459 679 1539 legem
695 1460 861 1520 naturalem
877 1465 927 1518 aut
941 1457 1092 1529 diriuam;

121 1546 305 1609 Ectrr'nseee
325 1555 441 1622 autem,
464 1547 586 1627 quando
612 1548 705 1629 ipsius
725 1555 808 1608 actus
827 1547 1022 1627 prohibentur
1041 1561 1095 1624 per

122 1636 241 1716 legem,
262 1636 308 1696 ret
326 1636 396 1695 mali
416 1643 485 1697 sunt
504 1641 626 1716 propter
645 1635 818 1714 adjunctam
840 1633 1094 1696 circumstantiam

122 1743 248 1805 pravam
263 1743 330 1806 quaa
337 1743 462 1786 cessare
474 1731 582 1806 potest.

158 1823 349 1884 Consuetudo
361 1823 438 1884 urata
449 1821 609 1884 intrinseci>
618 1821 728 1884 dicitur
737 1821 841 1884 ebusus
850 1841 903 1884 seu
917 1819 1097 1902 corruptelu‚'

121 1918 153 1974 et
166 1930 324 1992 nunquam
340 1912 370 1971 in
383 1913 432 1992 jus
445 1913 572 1973 transire
590 1919 685 1992 petest
700 1935 708 1987 ¹,
729 1913 806 1973 mala
821 1911 983 1973 ectrinreei
996 1915 1097 1992 posset

122 2000 250 2063 eradere
266 2001 343 2062 bona
358 2019 411 2081 per
423 2001 604 2063 ablationem
621 2001 681 2063 sive
700 2001 909 2082 prohibitionis
922 2000 983 2061 sive
998 2015 1096 2079 pravae

121 2091 358 2152 circumstantiae
373 2090 531 2167 adjunctae.

164 2199 216 2258 75.
232 2197 398 2258 Dividitur:
410 2199 444 2258 5⁰
455 2199 488 2256 In
499 2196 750 2258 consuetudinem
763 2195 781 2256 d
787 2196 860 2277 jure
871 2215 927 2256 nou
937 2193 1095 2275 repulsum,

121 2291 155 2349 ct
168 2285 422 2348 consuetudinem
436 2285 455 2344 d
467 2285 542 2364 jure
554 2285 737 2364 abrogatam,
748 2285 935 2365 prohibitum
949 2291 978 2342 et
991 2300 1096 2361 repro-

123 2375 253 2448 batem;
277 2393 346 2454 quae
368 2375 424 2434 tria
445 2393 506 2434 non
528 2381 601 2438 sunt
631 2372 872 2433 confundenda:
900 2369 1022 2451 quando
1049 2369 1097 2429 lex

122 2463 263 2544 adrepet,
283 2463 341 2523 hoc
356 2462 532 2542 intelligitur
550 2461 588 2522 de
602 2460 821 2522 consuetudine
835 2467 922 2521 antea
935 2461 1095 2534 existente,

123 2571 195 2634 quae
210 2552 372 2632 abrogatur
386 2552 529 2631 quidem,
546 2549 600 2611 sed
614 2568 676 2610 non
691 2548 758 2610 ideo
771 2549 938 2611 declaratur
955 2547 1032 2608 mala
1046 2551 1098 2608 aut

123 2641 348 2703 irrationabilis
374 2639 501 2712 Quando
529 2639 575 2700 lex
593 2637 743 2718 probibet,
769 2637 843 2700 illud
863 2637 986 2717 intelligi
1009 2635 1096 2697 debet

123 2732 218 2793 etiam
246 2730 284 2791 de
306 2729 524 2791 consuetudine
543 2747 611 2808 quae
632 2727 663 2788 in
686 2726 819 2788 futurum
844 2727 1095 2802 introduceretur,

124 2838 196 2904 quae
218 2827 321 2880 tamen
348 2836 408 2879 non
430 2817 499 2880 ided
519 2816 687 2878 declaratur
708 2815 785 2876 mala
806 2815 851 2876 vel
874 2815 1095 2876 irrationabilis

124 2909 256 2984 Quando
270 2907 392 2970 tandem
411 2907 462 2969 lec
479 2905 631 2988 reprobat,
647 2923 684 2967 eo
697 2903 763 2986 ipso
781 2904 949 2966 declaratur
970 2904 1050 2964 arula
1068 2909 1098 2965 et
1131 2917 1133 2920 ·

125 2998 362 3062 irrationabilis.

165 3107 218 3168 76.
244 3103 549 3181 Abroganscensetur
560 3097 704 3174 clausula,
715 3098 910 3159 nonobstante
920 3097 1098 3180 qudcumque

124 3191 344 3256 consuetudine.
368 3190 533 3250 Prohibens
550 3189 621 3252 rerd
640 3195 804 3250 censetur:
828 3187 974 3248 Naturam
996 3195 1097 3246 contra

126 3286 204 3345 benc
230 3282 322 3360 legem
338 3279 482 3359 'olr'quom
503 3277 737 3340 consuetudinem
758 3275 863 3337 volere.
892 3275 1098 3353 Reprobantes

127 3372 261 3452 denique
275 3369 422 3429 habendae
434 3368 654 3429 suntclausulae
664 3371 824 3446 sequentes
841 3382 848 3422 :
864 3364 1098 3426 consuetudinem

127 3462 213 3528 ellam
227 3460 344 3540 penitis
361 3455 558 3537 improbantes
572 3478 582 3517 .·
594 3459 657 3518 ciem
675 3476 734 3520 note
753 3458 814 3518 idm
828 3454 999 3516 cousuetudo
1011 3457 1096 3536 qudm

128 3547 298 3631 corruptele
312 3545 418 3606 meritd
431 3546 472 3606 sit
485 3546 634 3608 censenda.

169 3661 220 3717 Π.
245 3651 392 3714 Dividitur
408 3669 416 3711 ι
432 3654 464 3712 6⁰
476 3651 511 3710 ln
525 3649 656 3726 legitimi
676 3649 881 3734 prescriptam
896 3657 924 3712 et
941 3669 998 3712 aea
1023 3667 1099 3730 prce·
