2616 4228
463 311 556 356 mrur
575 312 760 357 euomuisse.
1061 305 1100 360 15

128 411 298 497 pontificios
311 413 344 474 in
356 411 414 474 hoc
427 429 519 474 sensu
534 427 669 472 norresse
678 409 871 490 obligatorias
885 416 956 474 ente
965 417 1104 493 acceptu-

128 501 257 576 tionem,
271 499 354 582 qudd
369 501 450 581 Papo
469 513 542 562 tunc
559 499 714 580 permittet
734 497 892 580 Episcopis
914 517 976 561 non
996 517 1109 581 urgere

129 589 249 653 illarum
270 587 503 670 obligationem,
523 588 548 650 si
567 589 655 668 iustae
679 587 811 648 rationes
833 587 966 662 locales,
992 587 1108 668 iudicio

130 679 161 742 S.
173 676 262 741 Sedis
274 684 349 741 tunc
362 676 570 759 exponendae,
584 675 615 737 id
634 676 795 756 postulent.
810 679 877 738 Non
894 677 965 739 verb
982 677 1106 758 permit·

130 771 199 830 tunt
212 765 278 827 illas
292 766 431 844 rejicere,
442 765 533 828 etiem
543 763 608 826 sine
619 764 721 838 coust,
734 769 763 826 et
773 781 828 845 pro
841 764 989 846 cujusque
999 781 1107 844 uppre-

131 853 267 917 tiutione.
291 854 396 916 Intuli
418 853 500 915 enim
519 851 695 934 hypothesi,
712 852 794 928 leges
819 853 982 934 pontiflciae
1002 851 1112 914 merito

132 947 167 1006 ut
181 961 261 1006 uere
273 943 356 1024 leges
370 961 433 1005 non
447 949 546 1005 essent
560 940 724 1015 habende,
735 942 807 1003 oium
819 941 935 1004 nuliam
951 939 1111 1022 obligatio·

133 1031 205 1094 uem
220 1031 414 1108 inducerent,
429 1038 460 1093 et
473 1033 512 1094 sit
525 1029 563 1092 de
573 1030 702 1092 essentie
715 1030 791 1110 legis
802 1031 884 1112 qudd
899 1031 981 1112 figet.

173 1125 208 1182 2·
227 1123 273 1182 Ex
295 1121 424 1182 textibus
438 1121 600 1202 scripture
617 1137 709 1200 supra
729 1119 828 1182 relatis
848 1139 856 1182 ι
877 1141 892 1178 u
915 1120 1014 1202 Super
1037 1121 1112 1182 bunc

141 1238 156 1272 ι
172 1216 308 1290 petrum,
328 1216 387 1272 etc.
407 1243 446 1256 -
462 1211 554 1272 Posce
572 1227 634 1270 ouer
655 1227 742 1270 tucca.
761 1241 800 1256 -
820 1207 1022 1290 Quodcumque
1039 1209 1112 1284 lige

142 1319 157 1353 n
176 1297 272 1372 ocris,
287 1304 344 1360 etc.
360 1320 376 1357 u
395 1300 550 1360 Romanus
564 1296 717 1372 Pontifex,
728 1302 833 1378 utpote
843 1315 1000 1360 successor
1016 1297 1109 1374 Petri,

135 1392 182 1448 cst
210 1385 445 1448 fundumentum
461 1385 610 1448 societatis
624 1385 789 1462 fidetium,
808 1404 969 1467 supremus
989 1385 1112 1448 iliorum

137 1475 256 1552 Pastor,
281 1481 311 1536 et
333 1475 399 1537 sine
421 1475 483 1537 ulle
508 1473 686 1554 exceptione
707 1481 804 1555 potest
824 1473 892 1536 illos
913 1475 1015 1556 ligere.
1041 1475 1113 1536 Haec

137 1569 241 1626 autem
255 1581 324 1625 vera
338 1582 404 1626 esse
417 1563 498 1626 haud
509 1571 654 1642 possunt,
666 1563 689 1624 si
707 1566 788 1644 Papa
797 1564 879 1645 teges
894 1570 1024 1645 nequent
1038 1579 1112 1624 con·

137 1651 211 1715 dere
224 1653 294 1715 vere
304 1652 497 1734 obligatorias
506 1659 576 1713 ante
591 1651 780 1713 subditorum
791 1652 1048 1733 acceptationem:
1064 1651 1115 1714 ille

137 1741 223 1804 euim
240 1759 302 1802 non
319 1749 364 1803 est
382 1741 615 1804 fundamentum
635 1739 754 1802 aediflcii
769 1739 887 1802 sociatis
905 1739 957 1823 qui
978 1739 1115 1802 membre

138 1829 247 1910 nequit
256 1828 397 1910 colligare
408 1831 440 1890 in
452 1847 547 1890 uuum
559 1829 668 1890 sociale
682 1828 865 1904 aedificium3
881 1835 997 1892 nonest
1013 1832 1117 1891 Pastor

138 1917 193 2001 qui
205 1936 329 1998 gregem
343 1937 404 1980 non
421 1924 517 1999 potest
531 1917 661 1994 ducere,
678 1919 723 1980 vel
740 1917 891 1981 abducere
903 1924 994 2000 prout
1006 1918 1116 1981 melius

138 2005 281 2087 expedire
289 2007 416 2084 judicem
435 2025 491 2068 neo
504 2007 637 2088 denique
649 2007 726 2068 scatet
734 2026 911 2090 quocumque
926 2007 1009 2074 modo
1023 2008 1114 2088 ligere

140 2094 194 2172 qui
216 2095 336 2156 nonnisi
357 2095 492 2156 volentes
513 2101 542 2156 et
562 2095 786 2156 consentientes
805 2097 856 2174 ius
876 2095 967 2158 babel
989 2095 1112 2178 figendi.

140 2182 222 2263 Ergo
236 2182 318 2262 leges
331 2183 493 2264 pontificiae
501 2183 562 2245 vim
577 2182 689 2264 ligandi
700 2183 810 2246 habere
821 2183 934 2246 debent
946 2185 1038 2246 etiem
1047 2190 1118 2247 ante

139 2272 390 2351 acceptationem.

180 2362 214 2421 3ο
233 2361 279 2420 Ex
312 2359 449 2422 conciliis
482 2360 513 2420 in
544 2360 750 2441 propositione
781 2359 962 2440 praecedenti
998 2360 1119 2438 relatis„

140 2449 174 2510 S.
196 2447 335 2510 Pontifex
352 2448 443 2510 hebet
456 2449 577 2529 plenam
594 2453 625 2510 et
644 2465 796 2509 summam
814 2453 992 2528 potestatem
1007 2448 1112 2528 gnber-

140 2537 234 2599 nondi
250 2537 448 2600 universalem
464 2536 642 2599 Ecclesiam.
659 2535 718 2598 Sed
730 2554 792 2618 quo
806 2536 892 2598 titulo
905 2537 1003 2598 uocari
1019 2547 1119 2618 posset

137 2625 228 2707 plenu
249 2633 280 2687 et
300 2645 413 2687 summu
432 2633 561 2708 potestus
576 2643 645 2706 quae
664 2626 793 2706 amplior
808 2643 870 2687 non
884 2625 961 2687 foret
974 2628 1010 2688 et
1025 2644 1112 2706 quau

140 2713 254 2794 singuli
273 2713 391 2791 fideles,
415 2715 504 2776 etiam
521 2714 725 2790 mulierculae,
743 2722 866 2795 possent
890 2714 947 2776 sibi
966 2715 1118 2790 tribuere,

141 2801 221 2865 etde
232 2801 311 2864 facto
325 2821 482 2876 exercere,
498 2803 522 2864 si
537 2803 635 2865 caeteri
649 2804 864 2866 consentirem.
882 2805 980 2884 Ergo,
997 2809 1055 2866 ete.

180 2895 214 2952 4⁰
232 2891 277 2952 Ex
291 2891 445 2954 decisione
462 2891 624 2953 Facultetis
644 2891 820 2954 Perisiensis
836 2894 932 2972 (anno
948 2892 1038 2968 1521)
1053 2910 1060 2952 :
1079 2892 1116 2954 ab

141 2979 208 3060 ipse
221 2980 304 3042 enim
323 2979 463 3042 damnata
483 2979 538 3041 fuit
555 2979 621 3042 haeo
636 2980 757 3042 butheri
777 2982 965 3062 propositio:
983 2983 1122 3062 «Neque

145 3087 162 3126 a
182 3070 280 3151 Papo,
305 3087 405 3150 neque
422 3069 608 3149 Episcopus,
629 3088 729 3150 neque
749 3070 829 3132 uitus
848 3069 1009 3132 hominum
1030 3069 1124 3132 habet.

145 3176 162 3214 u
178 3155 230 3238 jus
244 3158 337 3219 unius
354 3157 476 3236 syllabae
488 3175 579 3238 super
595 3157 799 3220 Christianum
819 3157 999 3234 hominem,
1015 3157 1071 3218 nisi
1088 3157 1122 3226 id

145 3264 161 3304 ι
182 3245 234 3308 flul
254 3245 391 3325 ejusdem
410 3264 578 3322 eonsensu;
595 3255 624 3308 et
644 3246 791 3328 quidquid
810 3248 895 3308 aliter
908 3246 943 3306 fit
959 3247 1123 3328 tyrannico·

146 3335 289 3414 «spiritu
313 3335 346 3395 sn
365 3357 406 3410 u,
433 3334 574 3396 damnata
597 3341 642 3398 est
663 3343 764 3398 eutem
787 3343 934 3416 tunquam
957 3335 989 3394 io
1009 3333 1068 3414 fide
1089 3341 1123 3396 et.

142 3423 272 3484 moribus
285 3441 416 3486 emoneo.

181 3515 215 3574 5⁰
235 3511 437 3574 Contirtnatur
447 3513 633 3574 Concordeto
642 3531 713 3574 cum
724 3511 818 3573 ostiis
832 3511 917 3588 inito,
927 3515 1120 3576 unnot80ft
1149 3533 1154 3538 ·
1275 3501 1279 3508 ’

143 3603 175 3664 S.
199 3599 357 3679 Pontifex,
379 3603 410 3663 in
432 3602 651 3664 Constitutione
665 3619 756 3682 quum
772 3599 865 3662 edidit
881 3601 1040 3687 occasione
1059 3601 1117 3660 cir·

144 3691 387 3772 cumscriptionis
407 3691 610 3753 Ecclesiurum
628 3690 729 3752 Galliae
744 3736 752 3765 ,
768 3697 871 3751 monet
889 3689 969 3750 benc
991 3691 1122 3750 circum·

145 3778 337 3860 scriptionem
351 3778 507 3840 valituram
520 3795 597 3852 esse,
608 3779 723 3840 etiamsi
736 3777 871 3839 titulares
885 3777 993 3846 herum
1010 3775 1121 3836 Eccle-
