2562 4224
227 281 285 339 rot
503 289 652 334 utrumne
673 290 755 334 runis
775 288 922 335 cauomer.

603 493 607 506 .
676 455 742 536 §11-

576 593 618 656 De
641 591 855 658 transtatione.

263 759 333 817 aar.
356 752 523 816 Translatio
537 757 582 812 est
595 747 742 810 canonica
756 749 882 811 mutatio
897 768 1036 830 personae
1050 752 1191 813 ecclesias·

226 842 341 904 ricarde
356 862 419 905 uno
433 840 531 902 cilicio
546 837 583 900 ad
598 837 690 899 aliud.
711 837 775 898 Hoc
790 837 913 900 nomine
929 841 1097 918 praesertim
1112 859 1190 902 vocn-

225 937 273 992 tur
287 931 414 992 mutatio
427 928 569 1008 Episcopi
580 925 618 987 de
630 927 691 987 una
703 924 740 984 ad
750 924 838 986 aliam
852 925 961 987 Sedem
976 928 1192 1008 Episcopalem.

224 1018 390 1079 Translatio
404 1018 625 1098 Episcoporum
637 1013 700 1075 sola
715 1015 842 1074 Romani
858 1013 1012 1077 Pontificis
1026 1017 1194 1078 auctoritate

226 1105 290 1168 lieri
305 1111 417 1187 potest;
433 1105 505 1186 quia
519 1102 668 1180 ejusmodi
691 1101 846 1162 translatio
860 1103 939 1164 inter
952 1123 1060 1166 causas
1074 1107 1196 1184 maiores

225 1201 270 1255 est
290 1194 496 1270 recensenda,
516 1199 545 1253 et
564 1191 635 1272 quia
656 1189 810 1251 vinculum
828 1191 991 1272 spiritualis
1016 1194 1194 1255 matrimonii

226 1281 308 1361 quod
327 1283 497 1364 Episcopus
521 1279 669 1342 contraxit
694 1297 764 1339 cum
791 1279 883 1358 priori
908 1281 1062 1358 Ecclesia,
1089 1283 1195 1363 privata

226 1371 400 1432 auctoritate
425 1369 543 1432 dissolri
567 1367 672 1447 nequit
694 1366 779 1447 (Cap.
795 1369 880 1428 luter
904 1369 1075 1449 corporolia
1097 1373 1130 1441 E,
1157 1371 1197 1433 Dr

229 1457 405 1541 Translata).
424 1461 550 1538 Insuper
564 1459 596 1516 in
611 1455 705 1516 Gallia
722 1456 808 1534 juxta
821 1456 1046 1520 Concordatum
1071 1458 1140 1539 (art.
1155 1462 1195 1541 5).

224 1547 386 1630 requiritur
399 1547 537 1628 gubernii
552 1561 729 1607 consensus.

266 1636 492 1721 antiquioribus
510 1633 627 1696 sacculis
647 1634 744 1694 vetitae
766 1633 850 1696 fuere
864 1633 1086 1715 Episcoporunr
1100 1643 1196 1698 trans·
1241 1661 1247 1678 ·

226 1725 371 1798 lationes3
388 1725 431 1786 sic
445 1724 528 1784 enim
543 1722 651 1802 legitur
666 1721 697 1782 in
717 1739 833 1784 canone
849 1725 885 1784 l3
903 1724 1134 1802 Apostolorum,
1150 1729 1196 1807 qni

225 1812 346 1874 Nicaeno
361 1811 494 1874 Concilio
515 1811 647 1873 anterior
661 1809 787 1872 habetur
801 1809 838 1870 ab
853 1811 978 1872 eruditis
995 1831 1002 1872 :
1023 1813 1198 1894 «Episcopo

229 1922 244 1958 o
266 1919 326 1962 non
341 1901 443 1976 liceat,
458 1903 512 1962 sua
526 1900 629 1960 relicta
640 1897 781 1980 parochia
796 1898 956 1980 (dioecesi),
970 1899 1006 1960 ad
1022 1901 1113 1962 aliam
1125 1909 1197 1962 tran·

229 2008 244 2046 <r
263 1987 361 2064 sili‘re,
376 1988 492 2050 etiamsi
512 1991 529 2050 a
549 1986 687 2068 pluribus
702 1993 826 2066 cogatur
845 1987 926 2048 :nisi
945 1989 983 2047 sit
997 1988 1098 2070 aliqua
1113 2009 1198 2052 causa

229 2098 243 2134 o
263 2077 371 2138 rationi
385 2084 604 2154 consentanea,
621 2092 689 2155 quae
703 2094 774 2136 eum
791 2083 878 2156 cogat
893 2077 949 2137 lroc
963 2075 1083 2152 facere,
1100 2086 1199 2160 utpote

228 2165 301 2226 aad
325 2167 422 2244 maius
444 2166 619 2236 lucrum...;
641 2163 732 2245 idque
753 2182 814 2224 non
837 2182 873 2224 ex
893 2183 940 2238 se,
962 2164 1016 2226 sed
1037 2166 1198 2230 multorum

152 2295 154 2298 -
228 2274 243 2311 n
262 2255 483 2334 Episcoporurn
496 2253 608 2333 judicio
622 2259 651 2314 et
668 2253 799 2314 mamma
813 2251 1031 2314 exhortatione.
1048 2276 1064 2312 u

263 2341 449 2422 Regularitcr
471 2344 639 2424 Episcopus
655 2360 716 2402 non
742 2346 838 2422 potest
859 2341 1013 2402 transferri
1031 2343 1122 2406 nisid
1143 2349 1197 2407 mi·

224 2448 297 2491 nore
311 2430 349 2491 ad
364 2431 510 2508 majorem
526 2449 578 2492 seu
593 2429 762 2512 digniorem
778 2429 954 2491 Ecclesiam.
970 2432 1013 2491 lta
1028 2450 1096 2512 cap.
1114 2437 1143 2510 l,
1161 2435 1199 2494 lle

224 2519 251 2580 Τ
249 2518 446 2588 renotatione,
464 2519 516 2581 ubi
530 2520 724 2581 Innocentius
736 2520 770 2578 Ill
789 2517 826 2578 ad
840 2517 1063 2582 Antiochenum
1077 2523 1198 2584 Patriar·

222 2606 310 2667 cham
332 2607 371 2667 ita
394 2607 519 2668 scribit:
539 2607 714 2669 «Miramur
732 2605 815 2688 qudd
839 2625 916 2670 novo
937 2609 1073 2687 quodam
1099 2619 1197 2672 muta-

226 2715 241 2753 (ι
261 2695 349 2756 tionis
361 2714 472 2776 genere
486 2697 662 2778 parvificasti
679 2696 840 2774 maiorem,
860 2701 888 2756 et
903 2714 1051 2776 magnum
1068 2699 1198 2780 quodam

227 2803 242 2843 a
261 2783 353 2844 modo
368 2785 534 2860 minorasti,
551 2785 723 2866 episcopare
739 2783 1010 2864 archiepiscopum
1026 2786 1090 2849 irnd
1101 2789 1199 2868 potiris

226 2892 240 2929 a
260 2871 557 2954 dearchiepiscopare
572 2891 770 2954 praesumens.
786 2894 801 2930 n

260 2960 397 3023 Diximus
412 2963 611 3044 regulariter,
627 2963 698 3043 quia
719 2961 793 3022 illud
808 2960 872 3022 lieri
893 2966 991 3041 potest
1004 2980 1041 3023 ex
1056 2965 1198 3044 peculiari

220 3053 325 3128 eausa,
345 3071 374 3114 v.
391 3071 420 3131 g.
437 3051 478 3111 ob
496 3051 573 3112 aeris
592 3049 849 3128 insalubritatem,
864 3049 911 3110 vel
934 3049 974 3110 ob
989 3057 1107 3114 metum
1128 3052 1195 3114 hos·

219 3139 306 3202 tium.
322 3141 394 3202 Can.
410 3137 576 3200 Pastorulr's
596 3145 626 3216 t,
646 3159 676 3222 q.
698 3142 732 3214 l;
748 3155 817 3219 cap.
834 3135 885 3199 Ad
904 3137 1154 3219 supplicationem
1168 3145 1200 3216 9,

218 3225 392 3291 Dereouut.

257 3319 326 3380 etta.
350 3319 472 3390 Quaerit.
497 3322 525 3379 1⁰
549 3323 593 3377 An
614 3327 645 3377 et
666 3332 808 3396 quaenam
828 3331 929 3376 cansae
952 3315 1200 3396 requiranturad

219 3401 385 3482 legitimam
398 3405 652 3467 translationem?

257 3492 349 3570 Resp..
365 3496 397 3555 1⁰
421 3495 466 3554 Ad
489 3493 707 3572 legitimitatem
727 3491 958 3553 translationum
978 3511 1087 3556 causas
1103 3496 1201 3574 justas

217 3579 329 3657 requiri
344 3579 581 3643 :detrimentum
602 3581 683 3642 enim
699 3587 872 3660 paterentur
892 3580 1039 3642 Ecclesiae
1061 3583 1107 3644 vel
1127 3602 1199 3644 mu·

218 3683 307 3742 nera,
321 3667 345 3728 si
360 3667 492 3731 titulares
506 3688 612 3732 eorum
624 3671 689 3730 sine
700 3670 791 3730 causa
802 3667 960 3728 sufficienti
971 3679 1200 3744 amoverentur,

220 3753 272 3816 etsi
286 3753 325 3814 ad
342 3755 423 3816 aliud
445 3776 557 3819 munus
573 3757 703 3838 promoti
717 3763 818 3818 essent
827 3777 836 3830 ;
858 3756 941 3818 unde
956 3756 988 3817 in
1003 3775 1072 3820 ean.
1092 3759 1200 3821 Mute-
