2562 4224
461 270 548 314 crana
570 267 688 338 narnus.
1008 261 1060 315 tol

132 377 162 433 t·
184 369 290 433 Clerici
308 368 464 450 Episcopis
490 367 646 429 inlerioros
670 362 723 445 qui
747 363 847 428 divina
870 365 1067 448 inspiratione
1181 389 1182 394 ¹

97 459 194 522 nolunt
207 457 384 538 religionem
400 455 527 538 ingredi.

133 547 266 609 Diximus
281 547 299 608 ἀ
318 546 451 628 [epitimo
465 543 616 626 superiore
632 541 828 604 dimissionem
843 563 901 605 esse
917 555 1067 626 recaptan-

62 623 65 630 ’
97 637 174 698 dom:
194 635 354 698 videlicet:
381 636 444 696 l⁰a
464 635 562 713 Papa,
584 631 609 692 si
626 636 732 711 agatur
752 630 790 692 de
803 631 954 710 Dignitate
975 636 1064 714 Epis-

98 725 185 806 copali
196 727 274 805 (cap.
292 727 307 785 l
324 729 353 786 cl
367 728 397 800 2,
410 722 455 784 De
467 720 616 784 l'runslot.
629 719 800 801 Epr'seop.);
816 719 897 781 unde
909 739 970 782 non
987 723 1065 784 sulli-

98 813 133 874 clt
144 812 221 896 qnbd
242 812 410 892 Episcopus
432 810 551 873 abdicet
568 809 646 870 inter
663 827 768 868 munus
785 808 883 888 rupim
900 815 930 870 et
944 819 1067 892 propter

97 901 147 963 boc
168 901 297 963 invalida
324 899 380 962 luit
403 898 550 961 abdicatio
578 897 670 959 trium
695 898 913 977 Episcoporum
937 900 999 961 DD.
1027 900 1064 964 de

99 989 244 1070 Boulogne
257 989 426 1062 Trecensis,
442 989 480 1050 de
494 986 613 1067 Broglic
628 985 841 1062 (trudonensis,
861 986 935 1047 Hirn
949 990 1065 1052 torna-

97 1079 196 1154 censis,
213 1077 364 1158 aquibus,
380 1095 462 1138 anno
479 1080 574 1148 tnta,
593 1074 726 1154 Napoleo
740 1075 751 1134 l
765 1080 929 1136 extorserat
949 1095 1063 1140 renun-

98 1165 244 1228 tiationem
267 1183 391 1227 suarum
410 1165 554 1242 sedium,
583 1161 754 1225 inconsulto
780 1180 836 1224 uec
859 1168 1068 1233 consentiente

98 1253 125 1313 S.
143 1254 295 1316 Pontifice.

132 1345 162 1403 2⁰
173 1344 216 1404 Ab
225 1343 377 1424 Episcopo
387 1342 418 1404 in
432 1343 538 1404 ordine
549 1343 586 1404 ad
598 1340 739 1404 ecclesias
751 1359 813 1402 suae
826 1341 974 1408 dioecesis.
990 1347 1061 1430 Cap.

98 1429 233 1494 Admonet
252 1437 284 1502 t,
300 1429 345 1494 De
358 1429 684 1493 renuntiat-Vicani
704 1434 804 1490 autern
825 1431 985 1496 Generales
1003 1456 1067 1499 non

98 1529 213 1597 possunt
227 1519 484 1582 renuntiationem
499 1525 664 1599 acceptare,
681 1517 736 1578 nisi
752 1517 919 1595 specialiter
933 1521 961 1581 id
977 1521 1070 1586 luerit

99 1605 163 1685 ipsis
178 1607 376 1670 commissum
392 1608 471 1690 (cap.
488 1609 572 1670 Licet
584 1611 615 1681 4,
631 1605 676 1667 De
691 1604 747 1685 Off.
771 1604 845 1679 Vm,
860 1606 890 1667 in
905 1611 961 1691 6⁰).

135 1697 203 1760 Vide
219 1703 357 1758 nostrum
372 1697 530 1773 Manuale,
550 1704 582 1757 n⁰
596 1699 655 1757 509
673 1693 773 1774 quoad
787 1695 957 1775 Capitulum
971 1706 1000 1762 et
1012 1702 1068 1763 lli--

98 1783 186 1848 carios
199 1783 395 1866 capitulares,
407 1793 437 1848 ct
450 1785 644 1848 formalitates
655 1783 685 1843 in
699 1799 770 1844 casu
782 1782 993 1852 observandas.
1139 1793 1142 1800 '

135 1877 200 1936 294.
222 1871 408 1936 subsidiaria
422 1874 471 1936 hic
488 1875 581 1955 quaeri
605 1877 702 1953 potest
719 1871 913 1952 quandonam
929 1871 1069 1941 dimissio-

101 1957 228 2025 habenda
254 1963 293 2025 sit
319 1972 351 2028 ut
377 1970 529 2044 acceptata
552 1965 569 2024 a
592 1961 725 2042 legitimo
746 1961 919 2043 superiore,
938 1968 1069 2046 proinde

100 2051 286 2125 quandonam
306 2054 482 2118 renuntians
504 2051 610 2113 debeat
628 2051 666 2112 ab
684 2050 825 2114 exercitio
843 2053 932 2116 ollicii
949 2056 1067 2120 dimissi

98 2152 126 2196 sc
137 2139 295 2208 abstinere.

132 2228 217 2309 Hesp.
234 2233 333 2311 Hujus
342 2231 517 2314 quaestionis
526 2231 707 2292 solutionem
723 2229 813 2292 luisse
827 2231 928 2294 datam
942 2236 958 2295 b
973 2237 1066 2298 Sacra

98 2311 183 2395 Gorg.
213 2321 340 2382 Concilii
377 2338 431 2401 per
466 2319 680 2390 resolutionem
710 2318 905 2399 approbatam
939 2323 978 2384 ab
1013 2328 1063 2389 Ur·

99 2397 169 2464 bano
188 2409 273 2487 vill,
294 2413 335 2472 20
356 2407 454 2470 martii
472 2411 574 2470 toas:
599 2429 614 2467 a
630 2409 661 2469 S.
677 2407 894 2488 Congregatio‚
915 2413 947 2472 S.
970 2414 1007 2474 D.
1022 2416 1063 2491 N,

100 2509 114 2545 t
132 2497 325 2575 approbante,
339 2497 455 2560 censuit
468 2496 645 2572 Ecclesiam,
655 2497 670 2556 a
682 2498 742 2578 qut
755 2496 859 2558 volens
872 2500 1060 2579 transfertur,

100 2596 117 2634 r
131 2597 180 2644 seu
195 2603 289 2665 quam
303 2586 424 2647 dimittit
439 2585 615 2666 Episcopus,
629 2603 735 2646 vacare
748 2584 786 2646 ab
800 2604 837 2646 eo
851 2591 986 2670 tempore
1000 2611 1067 2673 quo

101 2685 114 2722 r
132 2667 207 2733 idem
217 2673 385 2756 Episcopus
398 2673 436 2736 ab
449 2673 529 2736 illius
539 2673 659 2736 vinculo
669 2673 830 2736 absolvitur
840 2677 870 2736 in
882 2677 1067 2745 Consistorio

102 2773 115 2810 r
132 2757 385 2842 SanctitatlsSuae,
399 2762 488 2824 etiam
503 2769 571 2824 ante
585 2763 808 2843 expeditionem
821 2764 1001 2831 Litterarum
1014 2773 1061 2834 vel

101 2862 115 2898 ε
132 2845 266 2930 adeptam
278 2855 500 2933 possessionem
510 2852 651 2914 secundm
660 2852 813 2929 Ecclesiae,
828 2861 856 2916 et
867 2862 1061 2940 posteaquam

101 2933 218 3015 «huius
239 2941 437 3004 absolutionis
459 2940 592 3002 notitiam
612 2940 780 3023 Episcopus
800 2941 954 3023 habuerit,
971 2949 1063 3011 etiam

102 3041 114 3078 t
132 3041 165 3087 ex
179 3031 352 3094 testimonio
366 3049 419 3092 seu
438 3029 623 3092 documento
645 3031 800 3092 Secrelarii
816 3033 846 3094 S.
863 3035 1001 3116 Collegii,
1015 3039 1063 3100 vel

101 3113 189 3176 ratio
215 3118 320 3192 modo,
350 3119 430 3182 illicd
457 3118 552 3181 teneri
579 3137 649 3181 eum
677 3119 827 3184 abstinere
855 3121 893 3183 ab
920 3125 1064 3189 exercitio

102 3219 114 3253 r
131 3203 287 3270 ordinarie
298 3207 531 3286 iurisdictionis,
549 3225 677 3289 eamque
690 3209 816 3271 transire
830 3209 861 3271 in
876 3211 1056 3293 Capitulum,

102 3305 114 3340 (ί
134 3294 272 3373 tanquam
287 3296 358 3358 sede
372 3303 511 3372 uacante;
527 3295 610 3358 etita
625 3313 712 3377 posse
727 3305 756 3358 et
769 3296 878 3360 debere
892 3301 1063 3379 Capitulum

102 3392 114 3429 r
132 3381 227 3443 statim
248 3387 285 3447 ea
301 3383 508 3464 jurisdictione
529 3385 595 3460 uti,
616 3403 651 3446 ac
670 3385 820 3446 Vioarium
836 3387 921 3466 iuxta
935 3390 1060 3454 Triden-

102 3465 223 3532 rtinum
250 3476 410 3536 Decretum
438 3474 568 3555 eligere,
594 3473 758 3562 sedemque
784 3483 938 3539 vacantem
960 3480 1061 3558 publi·

102 3569 115 3608 l
132 3573 238 3620 cate.»

132 3654 218 3719 Vacat
230 3677 303 3741 argo
323 3659 409 3724 sedes
429 3659 607 3740 episcopalis
624 3658 663 3720 ab
683 3677 720 3722 eo
739 3665 875 3743 tempore
899 3685 960 3747 quo
974 3667 1053 3746 Epis-

95 3753 183 3820 copus
196 3749 374 3810 renuntians
386 3749 425 3810 ab
439 3749 520 3810 illius
531 3747 653 3810 vinculo
666 3747 829 3811 absolvitur
838 3753 871 3813 in
882 3753 1064 3816 Consistorlo
