2548 4216
476 249 560 294 araur
580 251 701 299 aarum.
1014 243 1073 308 323

146 353 186 411 Ex
202 368 262 446 quo
276 349 414 434 sequitur
425 348 526 435 quod,
544 349 693 438 Episcopo
706 351 885 426 nominatim
899 371 1078 426 excommu-

109 437 221 514 nicato,
236 456 384 520 suspenso
398 443 449 502 aut
463 437 639 514 interdicto,
655 445 685 502 et
698 443 732 502 ul
744 439 795 514 tali
809 439 998 522 denuntiato,
1012 464 1079 517 sus-

109 525 252 606 pendatur
272 527 384 612 pariter
407 525 502 608 ipsius
520 526 656 592 vicarius
678 527 850 603 Generalis,
867 530 956 595 etiam
979 533 1080 616 quood

109 614 223 699 negotia
233 615 295 692 iam
311 615 452 700 incoepta.
465 614 548 676 Idem
563 620 607 677 est
618 615 782 690 dicendum
798 617 897 691 statiua
910 638 945 687 ac
956 617 1082 697 moritur

109 703 280 785 Episcopus,
295 703 419 766 autolio
434 703 526 766 modo
538 704 650 766 desiuit
663 724 729 768 esse
740 705 920 794 Episcopus.

144 796 214 854 451.
238 791 359 864 Quaerit.
378 797 407 856 l·
424 794 470 854 Ao
484 795 501 854 a
517 793 583 875 lege
597 793 641 855 vel
657 793 695 855 ab
714 794 864 876 Episcopo
877 795 1015 874 Vioarius
1030 801 1079 861 Ge

108 880 630 961 caralisacoipiatjurisdictionem?
828 885 832 890 “

145 970 234 1057 Resp,
258 969 412 1055 Quidquid
435 970 573 1033 nonnulli
589 969 707 1046 dicant,
724 972 919 1046 communiis
940 979 1083 1055 tanquam

107 1065 223 1121 contum
237 1063 356 1132 tenetur
372 1059 523 1132 vicarium
538 1060 728 1144 Generalem,
740 1061 877 1142 quanrvis
887 1062 925 1132 ab
935 1061 1083 1144 Episcopo

108 1146 256 1208 ordinarie
270 1147 413 1226 eligatur,
427 1147 669 1228 Jurisdicllouem
684 1167 770 1219 suam
789 1150 809 1214 i.
826 1149 892 1231 lege
909 1169 961 1218 seu
983 1153 999 1226 a
1016 1153 1083 1235 jura

108 1235 265 1318 accipere:
287 1236 367 1302 allle
388 1227 486 1310 cuim,
503 1236 542 1298 ait
561 1239 596 1298 ll.
615 1238 711 1300 Bouix
737 1235 794 1318 (De
808 1239 919 1319 lauri..
943 1260 971 1324 p.
994 1236 1080 1322 360),

112 1347 127 1382 u
146 1325 316 1400 censendus
329 1331 373 1387 est
385 1324 624 1408 jurisdictionem
645 1325 789 1397 haherea
810 1327 912 1411 lege...
930 1329 1016 1408 cujus
1031 1348 1084 1410 po-

112 1437 127 1471 u
146 1419 237 1476 testas
250 1417 266 1476 a
278 1415 346 1493 lure
360 1414 533 1490 communi,
549 1422 631 1476 cerlo
646 1419 677 1477 et
691 1415 750 1476 lixo
765 1416 874 1490 modo,
891 1435 983 1502 quem
998 1416 1085 1496 Epis·

112 1522 242 1586 «copus
264 1507 380 1574 mutare
409 1504 524 1595 nequit,
548 1502 785 1578 determinatur;
812 1505 894 1586 alqui
915 1504 1085 1593 jurisdictio

113 1613 128 1650 u
147 1593 257 1656 Vicarii
272 1591 426 1659 Generalis
442 1591 557 1674 lajure,
574 1597 672 1666 elo...;
689 1609 760 1660 nam
774 1590 832 1658 hoc
846 1591 912 1672 ipso
926 1592 1086 1674 quidquia

113 1703 128 1740 u
147 1679 347 1747 eonstltuatur
360 1679 497 1746 vicarius
512 1679 685 1758 Generalis,
701 1678 729 1742 ei
741 1681 886 1765 competit
902 1678 995 1760 (velit,
1012 1675 1087 1757 polit

113 1791 128 1826 a
147 1768 327 1852 Episcopus)
340 1767 509 1851 jurisdictio
528 1767 681 1830 moraliter
702 1767 807 1842 saltem
831 1768 1017 1831 universalis.
1033 1769 1086 1832 llla

114 1880 128 1914 n
147 1859 218 1920 vero
230 1855 398 1938 iurisdictio
411 1855 524 1940 duplici
535 1874 626 1918 sensu
642 1862 686 1931 est
700 1855 938 1940 independenter
951 1857 989 1924 ah
999 1859 1085 1946 Epis-

114 1965 225 2033 ncopo
250 1945 448 2015 determinata
470 1952 499 2010 el
522 1944 580 2012 fixa
610 1965 617 2005 :
647 1946 676 2004 1⁰
701 1945 772 2028 auia
794 1945 850 2012 uisi
870 1947 1086 2014 reservationes

113 2058 127 2093 a
147 2036 289 2130 expressi
309 2040 440 2120 opponat
463 2033 643 2120 Episcopus
660 2031 742 2108 cerlo
756 2041 785 2096 et
802 2033 840 2096 de
858 2034 927 2114 jure
950 2035 1086 2096 extendi-

114 2123 255 2189 «iurati
277 2130 370 2184 totam
392 2121 547 2183 dloeoesim
570 2129 599 2182 et
621 2121 659 2182 nd
682 2139 789 2184 onrnes
809 2141 929 2200 causas,
955 2125 1086 2206 exeeptis

114 2213 304 2284 ‹nonnullis
325 2213 344 2274 a
369 2210 436 2293 lega
462 2210 662 2292 expressis...;
686 2215 718 2271 2⁰
744 2210 815 2294 quia
838 2211 893 2274 etsi
919 2213 1086 2298 Episcopus

113 2303 279 2388 «possit...
305 2299 451 2397 quasdam
477 2317 582 2369 causas
605 2303 636 2360 et
661 2297 800 2385 quaedam
834 2294 899 2370 loca
926 2295 1083 2388 excipere,

114 2415 128 2452 r
148 2411 211 2455 non
221 2397 323 2454 lamen
333 2395 431 2471 potest
439 2386 588 2467 eJusmodi
598 2387 837 2473 exceptionesita
847 2389 1084 2470 multiplicare...

114 2489 180 2544 aut
199 2479 369 2562 Jurisdiolio
390 2477 501 2540 Vicarii
526 2475 681 2538 Generalis
703 2474 821 2547 dosiuai
843 2495 908 2539 esse
932 2478 1086 2551 moraliter

113 2593 128 2628 u
148 2568 337 2644 universalis,
352 2571 411 2629 etc.
432 2587 448 2630 o

149 2661 298 2722 Praelerea
312 2654 480 2736 jurisdictio
500 2652 611 2716 vicarii
630 2652 785 2716 Generalis
799 2658 844 2716 est
857 2652 1027 2732 ordinaria,
1053 2663 1087 2719 ul

111 2767 179 2812 mox
193 2746 303 2810 dicturi
318 2761 443 2806 sumus:
459 2741 543 2823 alqui
566 2741 684 2820 nullus,
705 2748 812 2823 praeter
836 2744 968 2824 Paparu,
989 2751 1086 2840 potest

108 2835 340 2901 ecclesiasticam
346 2831 586 2914 jurisdictionem
597 2830 682 2892 alteri
692 2830 1086 2905 committerecxercondam

105 2927 175 3010 jure
189 2923 356 2994 ordinaria.
376 2923 457 3004 Ergo
468 2939 530 2982 non
540 2918 578 2982 ab
592 2919 754 3067 Episcopo,
765 2919 819 2982 sed
832 2921 850 2981 it
861 2920 929 3000 jure
941 2940 995 2984 seu
1006 2923 1087 3004 Papa
1101 2958 1105 2966 -

109 3017 190 3080 veuit
198 3011 368 3104 jurisdictio
380 3007 490 3073 Vlcarli
500 3010 615 3072 Genera
629 3009 664 3069 is.

148 3118 220 3176 452.
245 3109 366 3189 Quaerit.
377 3111 410 3182 2⁰
422 3109 470 3170 An
479 3107 584 3170 revera
593 3102 741 3168 ordinaria
751 3104 789 3168 sit
799 3103 968 3184 jurisdictio
977 3105 1088 3170 vicarii

110 3197 400 3268 Generalis‘l-Vol
416 3214 490 3265 uum
502 3191 820 3278 potiirssitdelegalal

150 3295 209 3356 Res
234 3339 241 3354 .
257 3291 347 3362 Juxta
356 3303 554 3353 communem
564 3285 626 3352 llll.
643 3281 843 3360 senteutiam,
859 3282 1011 3350 ordinaria
1029 3284 1085 3362 dici

110 3381 200 3444 dubet
210 3375 379 3462 jurisdictio
392 3373 503 3446 Vicarii
515 3369 687 3450 Generalis;
703 3376 732 3434 et
741 3370 800 3434 hoc
813 3377 959 3466 tanquam
971 3378 1087 3440 certum

112 3469 215 3534 haberi
239 3472 355 3559 potest,
371 3464 411 3528 ob
424 3463 593 3529 decisiones
617 3466 647 3525 et
671 3461 788 3545 praxim
812 3461 1089 3542 congregationum

112 3561 339 3632 Romanarum
363 3553 478 3621 etenim
499 3569 507 3617 a
531 3555 561 3614 1⁰
580 3549 731 3614 ordinaria
745 3553 791 3612 est
806 3549 916 3614 Vioarii
935 3549 1088 3626 Generalis

111 3646 293 3730 iurisdictio,
309 3643 332 3705 si
347 3662 408 3706 una
420 3641 566 3706 eteoclem
580 3639 618 3704 sit
631 3657 667 3702 ac
680 3637 837 3725 ipsiusmet
851 3639 1003 3722 Episcopi,
1020 3663 1089 3727 quaa

111 3736 265 3804 ‹inclinaria
287 3731 491 3806 indubilanier
503 3735 559 3792 est.
577 3727 668 3808 Atqui
688 3728 827 3798 eamdem
847 3747 913 3795 esse
933 3728 1089 3818 utriusque

1017 3837 1046 3885 ro
