2548 4216
167 209 223 270 ‘itii
436 217 587 263 utranam
610 214 692 259 sums
713 213 861 258 onnourcr.

175 319 234 382 aet
247 311 377 374 aliorum
390 312 555 376 criminum
569 359 578 388 ,
594 311 717 393 quando
739 309 859 391 publica
879 313 966 383 sunl,
991 314 1021 370 ct
1034 307 1066 370 id
1082 327 1139 371 non

174 424 187 464 s
205 401 351 481 derogare
365 400 499 463 facultati
512 399 699 474 Tridentini,
716 399 750 460 in
768 399 830 477 qut
839 396 882 458 de
896 396 1023 459 occultis
1042 398 1138 462 crimi·

175 490 297 552 suibus
310 507 410 552 sermo
425 497 489 566 est,
508 507 590 552 anno
615 491 712 561 1629,
738 489 776 550 l8
797 485 884 565 julii,
910 485 943 546 in
966 485 1143 550 consistorio

176 601 189 639 s
209 579 240 642 S.
266 579 361 659 (long.
382 581 443 641 Eu.
467 576 670 641 cardinalium
686 575 748 636 visa
769 581 799 635 et
816 573 942 636 tolerata
955 579 1012 636 est.
1034 576 1144 655 »Ergo

176 685 233 730 non
246 667 377 748 amplius
389 675 516 747 possunt
528 663 670 746 Episcopi
684 662 840 724 absolvero
851 661 889 722 ab
899 660 1007 724 haeresi
1019 663 1144 738 ooeulu,

176 753 490 836 propria'auctoritate.

214 847 374 917 Attamen,
389 843 443 904 elsi
459 841 608 904 fateantur
621 839 804 902 Tridentinae
818 838 1009 920 dispositioni
1025 839 1143 920 deroga·

177 937 238 995 ium
253 931 345 992 inisse
355 949 408 1011 per
423 931 539 993 Bullam
553 930 660 1001 Coena,
673 946 709 990 ac
722 927 850 1008 proinde
859 933 1021 990 extraneos
1034 929 1148 1010 Episco-

178 1037 230 1100 pos
239 1037 300 1080 non
311 1037 399 1099 posse
409 1019 447 1082 ab
455 1018 573 1082 occulti
583 1018 687 1080 haeresi
698 1016 1013 1098 absolvere‚gallicani
1023 1016 1149 1096 theologi

179 1106 363 1168 contendunt
372 1107 457 1168 aliter
466 1124 532 1168 esse
543 1103 736 1168 sentiendum
746 1103 785 1166 de
798 1104 960 1168 Galliarum
973 1105 1148 1177 Antistibus

179 1193 248 1275 quia
264 1213 271 1254 :
290 1197 320 1255 i⁰
336 1194 421 1256 Bulla
441 1194 537 1258 Coenoe
555 1193 635 1274 apud
654 1210 710 1258 nos
724 1210 786 1256 nou
802 1192 859 1254 luit
872 1199 1015 1274 recepia;
1032 1197 1066 1254 2⁰
1088 1196 1151 1274 quia

179 1285 195 1344 d
209 1282 300 1364 longo
313 1288 449 1362 tempore
464 1282 587 1344 invaluit
600 1280 788 1344 consuetudo
803 1280 886 1362 qudd
903 1281 1000 1342 nostri
1015 1281 1152 1362 Episcopi

179 1370 216 1432 ab
230 1371 333 1432 haeresi
349 1371 485 1443 occulti,
503 1370 624 1451 proprii
638 1369 813 1432 auctoritate
827 1368 994 1432 absolvant.

219 1459 276 1520 Sed
298 1461 389 1541 quiam
407 1458 481 1520 falsa
503 1460 563 1520 sint
579 1458 644 1522 haec
657 1457 717 1520 duo
732 1461 844 1519 asserta
860 1457 1002 1539 pluribus
1014 1459 1153 1522 demons-

183 1555 237 1610 irat
252 1548 332 1610 idem
349 1547 461 1610 Bened.
477 1549 545 1610 xlv
559 1547 642 1627 (il).

220 1636 307 1708 Oudd
321 1636 392 1698 rard
406 1635 584 1696 hodiernam
598 1634 701 1697 Galliae
716 1633 969 1697 consuetudinem
983 1635 1155 1698 absolvendi

183 1724 218 1784 ab
233 1725 336 1786 haeresi
354 1725 428 1786 nolit
441 1723 607 1806 approbare
620 1725 650 1784 S.
668 1723 775 1801 Sedes,
789 1731 871 1805 patet
881 1742 917 1784 ex
929 1724 965 1785 iis
980 1743 1054 1806 quae
1075 1724 1156 1788 relerl

183 1821 285 1896 auctor
299 1813 397 1892 operis
411 1811 571 1893 proscripti
586 1831 593 1872 :
607 1811 749 1874 Mimoire
761 1832 815 1872 sur
830 1813 859 1872 la
872 1813 1018 1873 situation
1028 1816 1157 1894 prosena

183 1899 214 1960 de
230 1900 284 1960 ΓΕ
282 1901 360 1982 glise
375 1900 530 1964 Gallicane
553 1899 757 1962 relativemeat
774 1921 813 1962 aa
827 1900 906 1962 droit
924 1902 1110 1973 coniunctior,
1131 1903 1158 1963 in

183 2007 243 2068 quo
256 1987 300 2069 (p.
318 1993 383 2066 107)
395 1989 503 2070 legitur
520 2008 528 2049 ι
544 2010 559 2048 a
572 1989 613 2049 Le
628 1989 749 2050 Concile
763 1989 801 2052 de
814 1989 908 2068 Paris,
921 2007 960 2050 en
974 1990 1160 2070 proscrivanl

186 2098 201 2135 a
221 2076 344 2139 l’oeuvrc
359 2077 397 2139 dc
412 2077 438 2138 la
453 2077 655 2152 Misericorde‚
666 2077 743 2138 avait
756 2076 888 2140 dilendu
901 2096 959 2140 aux
969 2078 1160 2142 consesseurs

187 2186 202 2224 a
221 2165 401 2228 d’alisoudre
415 2166 458 2226 les
473 2165 595 2246 adeptos
612 2164 651 2226 de
666 2171 743 2226 celle
760 2173 851 2242 secie,
868 2168 884 2227 ὲ
903 2166 1004 2227 moins
1019 2168 1112 2248 qu'ils
1126 2187 1159 2228 ne

187 2252 404 2316 odonnassent
425 2253 478 2314 des
499 2271 625 2334 preuves
638 2253 851 2334 authentiques
872 2253 911 2316 de
926 2255 993 2317 leur
1008 2257 1158 2336 repentis,
1248 2329 1249 2334 ἵ

187 2363 203 2400 a
222 2348 251 2404 et
265 2342 355 2423 qu'ils
366 2341 586 2420 n'abjmassent
596 2340 676 2402 leurs
689 2359 820 2404 erreurs.
833 2344 874 2402 La
885 2344 1110 2424 congregation
1121 2344 1158 2405 du
1248 2335 1249 2340 ’

180 2452 203 2512 μ
223 2430 343 2492 Concita
358 2427 557 2493 ademarum
571 2428 663 2508 qu’on
679 2430 791 2508 ajoutil
806 2436 884 2492 cette
898 2431 999 2494 clause
1012 2431 1037 2492 si
1052 2450 1156 2514 gravo:
1248 2459 1249 2516 3

182 2533 205 2580 ‘s
222 2530 250 2582 et
270 2520 288 2582 ἀ
307 2519 401 2585 moins
414 2539 470 2605 quc
489 2517 515 2580 ie
527 2517 692 2599 confessam
704 2519 780 2580 n'ait
793 2518 896 2582 altana
911 2518 952 2582 les
965 2519 1093 2600 [acatis
1111 2521 1159 2584 ni·

199 2627 215 2664 a
235 2610 370 2668 cassaires
383 2608 422 2668 du
432 2613 520 2686 Stc'pc
529 2611 723 2688 Apostolique
735 2607 805 2684 (nisi
816 2602 1040 2684 insuperatam
1056 2619 1163 2661 antara-

199 2714 216 2752 a
235 2713 302 2755 rum
315 2703 463 2757 curatores
477 2703 656 2776 opportunas
672 2696 704 2753 in
719 2691 752 2754 id
764 2692 923 2773 facultates
935 2689 972 2752 nt
992 2692 1015 2751 A
1019 2689 1161 2771 postolirrl

199 2800 215 2842 s
234 2781 307 2845 Sede
318 2783 530 2848 ollirrnerintl.
543 2805 559 2843 a
570 2783 603 2846 ld
615 2783 829 2846 confirmatum
844 2785 889 2844 est
901 2779 934 2843 C.
944 2779 1049 2841 Acost.
1067 2777 1157 2840 Sedis.

611 2887 627 2968 5
650 2887 712 2949 llll.

301 3022 346 3084 lle
356 3027 500 3104 potestate
514 3018 662 3100 Episcopi
679 3035 762 3080 casas
775 3016 832 3079 sili
847 3018 1029 3085 retentandi.

221 3162 289 3221 ΩΒ.
314 3156 433 3219 Certum
454 3163 498 3219 est
516 3160 690 3234 competere
712 3153 868 3237 Episcopis
891 3163 1070 3237 potestatem
1094 3153 1147 3216 sibi

183 3265 269 3308 casus
281 3244 463 3307 reservandi.
481 3243 555 3304 Vide
571 3241 687 3304 Concil.
704 3243 853 3322 randena,
869 3262 943 3307 sess.
961 3250 1011 3320 lt,
1033 3246 1100 3326 c'ap.
1118 3248 1146 3305 l.

213 3385 222 3415 ¹
240 3401 252 3430 ι
270 3385 369 3433 [σουιῐο
390 3382 443 3432 loc
459 3394 474 3430 a
492 3379 610 3430 damandi
627 3385 742 3432 accurata
759 3385 879 3442 nonest,
897 3383 981 3444 lnquit
1000 3382 1081 3432 Boolr
1097 3379 1147 3446 (lt,

187 3473 196 3499 a
213 3466 241 3518 p.
259 3451 324 3517 ²32).
347 3453 433 3515 iluna,
452 3451 517 3503 inter
537 3453 617 3514 olias,
635 3454 813 3504 correctionem
837 3451 977 3504 taciendam
999 3453 1147 3516 significarit

186 3546 197 3572 ι
215 3525 238 3574 s.
251 3522 430 3586 Congregetlos
443 3522 566 3584 nonlicet,
578 3520 743 3574 conciliorum
755 3521 949 3574 Prouincialium
961 3523 1146 3585 decretaeders.

185 3613 197 3643 ι
214 3593 262 3646 nisi
274 3606 333 3644 cum
344 3593 482 3644 indicatisl
504 3592 531 3643 S.
544 3591 632 3656 congr.
650 3594 850 3644 correctionibus.
865 3611 877 3640 ι
891 3594 922 3644 lit
938 3594 1023 3644 reveri
1035 3608 1094 3645 cnm
1105 3592 1147 3644 his

186 3662 358 3716 emendatione
370 3664 433 3712 edita
448 3663 514 3714 iuc'ro
527 3665 623 3714 decreta
639 3662 732 3714 Concil.
746 3665 891 3716 l‘arislcmls
903 3667 963 3714 anni
976 3665 1047 3716 lass.
