2562 4224
217 217 280 274 tw
491 222 643 268 scrutum
662 224 744 271 tulus
764 224 911 274 montet.

252 331 286 389 tl
301 326 337 389 Si
352 323 652 403 excommunicatus,
674 326 720 388 vel
741 344 911 408 suspensus
934 328 1120 396 insordcscat
1136 355 1184 417 per

215 433 330 478 annum
355 414 387 478 in
408 416 463 478 sut
483 415 819 490 excommunicatione,
842 417 888 477 vel
911 421 1124 500 suspensione.
1147 427 1184 486 lta

215 504 465 566 communiterex
476 503 569 566 Cone.
580 503 676 576 Trid„
692 521 766 566 sess.
783 506 833 576 25,
850 522 918 586 cap,
934 510 964 570 3.

254 591 338 656 &Si
352 592 422 674 quis
439 592 477 654 sit
493 590 665 672 irregularis
684 611 721 654 cx
742 591 851 654 delicto
871 595 1035 674 privatione
1053 599 1184 665 beneficii

216 681 245 744 di
290 699 320 744 o.

249 701 347 834 &ab
367 769 578 847 homicidium,
598 769 725 845 lurtum,
743 774 928 853 periurium,
944 781 1001 838 etc.
1024 780 1104 864 (cap.
1122 781 1186 849 Cim

217 877 274 920 non
286 858 461 936 ndlmrnine,
475 857 521 921 Dc
533 857 687 941 ludiciis).

236 1017 241 1029 ι
257 953 291 1010 '1⁰
304 948 349 1010 Ob
367 947 558 1027 sacrilegium
578 966 650 1010 cum
668 947 790 1010 moniali
808 950 893 1013 :imd
910 951 1066 1018 dubitatur
1087 960 1119 1022 in
1139 959 1188 1022 hoc

220 1053 291 1098 casu
311 1055 350 1098 au
373 1034 498 1118 privatio
522 1055 582 1099 non
606 1035 778 1098 incurratur
800 1037 866 1120 ipso
885 1039 963 1103 lacto
981 1045 1067 1124 (Can.
1091 1053 1142 1126 28,
1160 1047 1190 1111 Si

220 1125 511 1206 pnormonoctaram,
524 1144 615 1191 carisa
628 1129 678 1200 Ἢ,
694 1144 725 1206 q.
744 1127 800 1209 Ρ).

260 1217 300 1278 89·
312 1213 361 1277 ub,
375 1214 611 1277 concubinatum
628 1213 734 1296 (Conc.
754 1216 850 1294 Trid,
870 1235 944 1302 sess,
964 1225 1015 1300 25,
1039 1245 1069 1288 c.
1101 1233 1147 1304 tt,
1167 1235 1191 1289 et

222 1307 294 1365 sess.
310 1307 360 1380 at,
376 1321 443 1384 cap.
459 1306 488 1378 6,
505 1303 551 1366 De
569 1302 717 1386 reform).
734 1305 861 1377 Quando
875 1308 1073 1376 solummodo
1086 1323 1191 1379 constat

222 1391 259 1452 dc
273 1391 421 1474 frequenti
436 1392 662 1454 conversatione
675 1410 748 1454 cum
763 1395 891 1458 muliere
905 1403 1056 1480 suspecta,
1075 1423 1137 1468 non
1149 1423 1192 1486 po

224 1481 388 1545 tenuatim
404 1481 527 1562 procedi
542 1480 579 1542 ad
593 1480 791 1562 privationem
806 1483 910 1560 officii,
927 1488 978 1548 scd
995 1494 1145 1556 servanda
1157 1501 1193 1555 ast

223 1573 319 1636 forma
333 1574 349 1634 a
362 1570 499 1634 Trident.
515 1570 689 1653 praescripta
697 1591 706 1645 ;
722 1576 856 1635 attamen
870 1581 937 1655 post
952 1575 1088 1656 primam
1101 1585 1193 1644 moui-

223 1663 336 1724 tionem
354 1667 384 1724 ct
398 1659 599 1742 punitionem,
615 1659 667 1740 qui
682 1677 787 1722 curam
802 1659 914 1724 babent
933 1660 1017 1728 anim
1027 1687 1110 1732 rrum
1128 1670 1194 1753 (non

225 1750 388 1813 autemvalii
411 1746 629 1830 beneficiarii),
646 1748 672 1809 si
687 1766 749 1811 non
768 1749 956 1838 resipiscant,
974 1773 1030 1818 suo
1050 1757 1193 1824 beneficio

226 1839 334 1919 privari
347 1844 474 1921 possunt
488 1856 526 1901 ex
541 1837 650 1900 eodem
665 1836 800 1900 Concilio
811 1838 946 1905 Trident.
960 1841 1047 1924 (sess.
1065 1851 1119 1924 at,
1134 1867 1191 1929 cap.

224 1931 260 2005 d,
269 1925 317 1989 B'e
328 1927 474 2009 reform).

263 2015 389 2089 Quando
411 2016 482 2078 vend
502 2020 620 2078 constat
640 2013 679 2077 dc
702 2015 810 2078 iterato
833 2021 903 2080 actu
925 2022 1052 2100 carnali,
1080 2025 1143 2089 imd
1163 2027 1196 2088 de

225 2105 314 2169 unict
328 2104 538 2180 fornicatione,
550 2106 783 2167 controvertitur
799 2111 900 2169 utrum
915 2110 1015 2172 statim
1026 2116 1125 2194 possit
1138 2135 1195 2198 pro·

226 2195 291 2258 cedi
309 2193 349 2258 ad·
367 2193 588 2276 depositionem
604 2191 706 2256 officii.
725 2195 846 2257 Certum
864 2201 967 2259 tamen
983 2200 1105 2264 videtur
1122 2204 1194 2286 qudd

226 2283 263 2346 ad
277 2284 357 2347 hanc
370 2282 465 2365 possit
479 2281 614 2364 procedi,
627 2281 680 2344 ubi
694 2281 762 2344 talis
775 2282 853 2365 viget
865 2289 1067 2354 consuetudo.

265 2378 299 2438 9ι
314 2373 391 2436 (lusu
405 2390 467 2452 quo
481 2371 689 2433 ecclesiasticas
705 2389 843 2452 personae
864 2372 977 2437 directa
991 2379 1036 2442 vel
1057 2379 1195 2446 indirecta

227 2463 320 2526 aliam»
329 2478 491 2544 porsonam
505 2459 736 2522 ecclesiasticam
749 2460 872 2526 trahunt
885 2462 922 2524 ad
937 2463 1038 2529 iorum
1050 2487 1107 2534 seu
1126 2472 1195 2556 judi·

227 2551 309 2615 cium
323 2549 426 2610 laicale
441 2567 496 2630 pro
511 2549 632 2628 negotio
645 2547 683 2610 de
703 2567 765 2629 quo
779 2551 811 2610 in
825 2548 890 2614 foro
904 2553 1111 2622 ecclesiastico
1124 2561 1195 2624 ordi·

228 2639 294 2703 nari
315 2637 482 2714 consuevit,
497 2637 543 2699 vel
562 2643 658 2718 potest
679 2635 815 2718 dejure,
839 2640 885 2702 vel
908 2647 1142 2725 consuetudine,
1157 2649 1194 2712 vcl

227 2729 318 2803 alim
339 2745 401 2788 non
422 2727 700 2806 tantumpersonae
721 2727 895 2806 hujusmodi
917 2739 1195 2802 'excommunicatio

229 2835 299 2880 nem
317 2816 383 2898 ipso
399 2813 477 2878 lacto
492 2815 651 2877 incurrunt
665 2834 719 2896 per
733 2815 852 2880 Bullam
866 2819 987 2882 Martini
1000 2824 1027 2884 V
1041 2826 1096 2888 Ad
1112 2830 1195 2910 repri-

228 2905 344 2968 mendar
363 2903 544 2982 insolentius,
559 2903 609 2966 sed
622 2905 650 2966 ci
668 2903 790 2966 rebelles
809 2906 870 2968 sint
888 2916 917 2970 et
935 2909 1135 2980 incontinenti
1148 2937 1195 2978 non

227 2995 372 3073 obediant,
390 3013 449 3078 per
470 2993 671 3078 privationem
693 3011 812 3055 suornm
838 2994 1045 3081 beneficiorum
1065 3005 1195 3088 compelli

226 3093 356 3167 possunt.
372 3085 449 3146 Sunt
462 3089 492 3144 et
504 3083 605 3164 plures
617 3083 666 3144 alii
678 3101 766 3145 casus
776 3084 888 3165 quibus
902 3104 937 3148 ex
950 3088 1019 3167 iure
1032 3091 1131 3174 indigi
1144 3114 1193 3178 po·

227 3181 283 3237 test
296 3192 385 3256 poena
401 3173 585 3254 privationis.
603 3169 650 3231 uf.
672 3177 777 3232 tamen
790 3171 871 3253 App.
889 3171 957 3248 tlt,
974 3193 1007 3236 n.
1024 3193 1059 3240 rr.

322 3319 324 3324 ·
388 3303 421 3360 ll.
434 3333 468 3346 -
480 3304 518 3358 Dr
537 3315 651 3360 orvrcns
670 3319 706 3362 nn
725 3317 818 3364 umus
836 3321 1040 3374 anovranrrus,

266 3438 337 3496 ald.
349 3430 588 3514 Taliaimprimis
599 3439 670 3495 sunt
686 3434 835 3512 parochiae
845 3456 913 3520 quae
923 3441 1005 3523 apud
1019 3461 1075 3508 nas
1087 3466 1194 3511 succur-

229 3521 300 3584 snlea
315 3527 542 3602 nuncupantur.
552 3522 643 3599 Olim,
655 3522 817 3586 deseruitor
831 3525 988 3594 dicebatur
1001 3533 1052 3599 ille
1065 3537 1193 3600 sacerdos

230 3610 281 3692 qui
304 3609 469 3691 provisoris
493 3610 682 3674 ministrabat
706 3613 842 3678 ecoleaiae
867 3621 1004 3700 vacanti3
1030 3627 1193 3690 succurratis

232 3699 302 3760 vero
320 3697 478 3761 dicebatur
497 3699 630 3763 Ecclesia
646 3719 701 3765 seu
720 3704 851 3786 capella,
873 3727 942 3790 quoe
960 3719 1023 3776 orat
1043 3717 1191 3779 constituta
