2548 4216
334 269 348 327 'l'
441 305 524 350 steen
547 305 664 350 uulnus.

515 464 589 545 ax.

127 609 173 670 De
187 607 280 688 officio
294 615 322 670 et
331 615 474 690 potestate
488 605 632 686 Episcopi
644 601 742 685 quoad
754 601 974 668 Sacramentum

426 703 681 784 Corrfirmatr‘om's.

65 973 83 1034 fi
108 891 177 948 sm.
201 887 420 968 Episcopusest
434 886 569 948 Minister
583 884 752 947 ordinarius
764 886 951 956 Sacramenti
966 887 1043 948 Con·

87 975 258 1037 rmntionis.
855 981 856 986 ’

46 1095 51 1104 ·
103 1073 151 1135 Ex
165 1074 261 1154 capite
275 1072 382 1144 unico,
398 1071 442 1134 lie
459 1070 551 1136 Sacra
569 1071 731 1143 tinctione,
749 1089 784 1133 ex
800 1072 927 1132 Decreta
946 1072 1042 1152 Euge·

65 1161 105 1222 nii
122 1163 164 1223 lV
179 1172 209 1222 et
224 1164 308 1240 juxta
323 1162 502 1224 sententiam
516 1178 730 1237 communem,
747 1159 784 1220 de
799 1160 929 1221 essentia
943 1179 1039 1222 sacra-

63 1250 162 1312 menti
177 1249 266 1330 hujus
282 1257 325 1312 est
340 1257 372 1312 ut
386 1250 484 1310 auctio
495 1249 546 1310 fiat
559 1249 590 1311 in
606 1249 715 1331 fronte,
733 1249 763 1310 in
774 1247 870 1329 formet
881 1248 993 1318 crucis,
1010 1253 1040 1312 et

63 1357 116 1417 per
138 1357 260 1400 manum
281 1339 373 1420 r'psr'm'
396 1338 543 1420 Episcopi
557 1337 775 1412 ministrantis,
797 1354 858 1397 non
880 1338 951 1398 verd
974 1355 1037 1399 ma·

59 1427 168 1490 diante
178 1427 240 1490 ullo
254 1427 463 1489 instrumento.

100 1528 151 1588 Ex
178 1525 353 1586 necessitate
374 1523 533 1605 praecepti,
554 1528 584 1586 et
605 1523 730 1604 quidem
751 1521 959 1604 probabiliter,
985 1523 1042 1586 sub

58 1614 148 1693 gravi
170 1613 330 1694 obligantis
346 1611 440 1694 (quod
464 1613 597 1673 tarnenb
620 1610 755 1692 pluribus
770 1613 921 1690 negatur),
938 1613 1041 1675 unctio

60 1701 128 1764 lieri
144 1701 237 1763 debet
250 1701 358 1782 pollice
371 1703 478 1762 ananus
487 1699 632 1762 dexterae:
648 1698 742 1760 valida
757 1705 858 1760 tamen
870 1707 948 1760 essct
962 1701 1040 1762 Con·

60 1789 198 1852 lirmatio
219 1789 289 1852 data
306 1790 400 1870 digito
423 1789 551 1851 sinistrae
570 1788 696 1866 mantis,
713 1786 784 1868 quia
798 1789 866 1850 verb
885 1787 970 1851 fieret
988 1810 1041 1870 por

58 1878 247 1959 episcopalis
262 1881 370 1940 manus
380 1877 613 1958 impositionem.

100 1967 275 2048 Episcopus
288 1966 473 2030 confirmans
486 1966 517 2026 in
532 1966 628 2028 aliena
642 1966 778 2038 dioecesi,
796 1966 887 2029 etiam
905 1968 1042 2032 subditos

55 2074 147 2132 suos,
161 2055 286 2117 incurrit
298 2055 528 2135 suspensionem
540 2055 557 2114 b
571 2055 795 2117 pontificalibus
815 2054 880 2134 ipso
901 2055 988 2135 jura,
1004 2076 1040 2117 ex

56 2143 181 2206 Concil.
193 2143 288 2218 Tria,
304 2161 376 2205 sess.
395 2146 425 2219 6,
444 2161 471 2204 c.
488 2146 518 2216 5,
531 2149 561 2204 et
569 2141 770 2205 declaratione
786 2145 816 2206 S.
833 2145 864 2204 G.
881 2161 930 2223 ap.
945 2143 1038 2205 Salm.

101 2243 236 2319 Perse,
255 2241 406 2322 Episcopo
426 2240 561 2302 illicitum
582 2247 647 2316 est,
670 2248 697 2302 et
719 2240 845 2321 quidem
867 2241 923 2302 sub
939 2243 1038 2322 gravi,

54 2331 181 2392 alienos
201 2329 393 2406 confirmare,
418 2329 508 2390 etiam
527 2329 559 2390 in
582 2331 636 2391 sua
659 2329 807 2404 Dioecesi;
838 2330 1041 2392 communiter

52 2427 168 2481 tamen
182 2419 247 2480 Dll.
264 2417 423 2491 admittunt
438 2416 511 2479 illud
525 2416 640 2478 licitum
654 2435 735 2492 esse,
751 2417 776 2478 si
788 2417 853 2479 talis
865 2417 961 2498 vigeat
973 2436 1041 2479 con·

53 2506 205 2570 suetudo.
222 2509 266 2568 lta
279 2508 310 2568 S.
325 2507 460 2586 Lignor,
473 2505 525 2567 lib.
542 2509 571 2579 6,
589 2509 623 2566 n⁰
633 2510 700 2580 172,
710 2506 761 2586 qui
774 2505 866 2583 addit,
880 2522 914 2567 11υ
929 2510 998 2579 173,
1008 2516 1041 2571 ut
1139 2505 1141 2509 ’

50 2595 245 2657 communius
270 2604 299 2656 rt
321 2594 523 2676 probabilius,
556 2593 637 2675 qudd
665 2594 834 2674 Episcopi,
862 2595 920 2656 nisi
955 2597 1041 2660 aliter

50 2692 199 2766 constet,
215 2685 331 2765 possint
348 2700 531 2764 presumere
548 2682 585 2744 de
606 2701 757 2746 consensu
775 2683 902 2746 aliorum
916 2687 1039 2766 Episco·
1103 2729 1107 2734 -

50 2772 261 2854 porum,quia
272 2771 415 2833 credendi
425 2776 496 2832 sunt
505 2771 584 2832 nolle
594 2789 664 2833 suas
675 2789 746 2834 oves
755 2772 864 2854 privari
877 2773 933 2835 boc
944 2793 1036 2837 sacra·

50 2867 184 2934 mento,
205 2862 277 2922 ciam
297 2859 414 2921 nullum
432 2859 661 2922 incommodum
680 2879 717 2922 ex
732 2879 768 2923 eo
787 2861 859 2942 ipsis
872 2863 1037 2943 proveniat.

50 2951 115 3012 llle
131 2966 298 3011 consensus
311 2947 454 3030 praesumi
468 2949 635 3028 praesertim
654 2963 754 3030 posset
772 2950 797 3011 si
811 2950 1038 3014 confirmandus

48 3046 144 3100 esset
158 3036 345 3098 ordinandus
359 3035 487 3098 afferens
501 3034 704 3098 dimissoriam
717 3037 763 3100 sui
777 3037 936 3100 Ordinarii.

100 3135 170 3198 Etsi
190 3135 229 3198 de
246 3135 373 3202 consilio
400 3135 437 3198 sit
462 3134 544 3214 qudd
566 3136 688 3214 jejunus
712 3137 830 3199 sillam
854 3135 1038 3200 confirmans

46 3228 159 3309 quam
184 3223 425 3296 confirmandus,
449 3231 552 3286 tamen
576 3223 643 3286 hoc'
657 3243 719 3285 non
743 3231 787 3285 est
806 3225 845 3287 de
863 3232 1035 3308 praecepto:

47 3313 254 3377 consuetudo
266 3312 347 3373 enim
364 3313 493 3374 obtinuit
506 3320 539 3374 ut
551 3311 740 3374 confirmatio
754 3314 844 3374 etiarn
865 3321 932 3396 post
946 3332 1037 3395 pran-

43 3405 151 3468 dium
164 3401 346 3463 conferatur.

102 3502 343 3564 Controvertitur
357 3502 459 3563 11111111]
475 3501 618 3580 obligatio
632 3500 822 3562 ministrandi
839 3505 1038 3567 confirmado·

44 3591 181 3658 nemin
196 3589 329 3652 Ecclesia
341 3590 380 3652 sr't
396 3589 449 3651 sub
462 3591 548 3670 praui
560 3608 567 3649 :
585 3588 637 3650 sed
656 3589 761 3651 saltem
777 3588 892 3650 videtur
905 3609 971 3654 esse
984 3593 1038 3654 sut

48 3681 145 3755 leui,
161 3679 218 3742 nisi
232 3679 333 3761 aliqua
345 3677 528 3740 rationabilis
542 3696 631 3740 causa
645 3685 776 3740 excuset.
789 3677 922 3741 Dubium
934 3689 1036 3743 aulem

45 3787 130 3834 non
152 3775 197 3831 est
217 3768 291 3848 quin
312 3767 391 3829 licite
413 3767 505 3846 possit
524 3767 690 3846 Episcopus
711 3768 742 3828 in
762 3785 816 3828 suo
840 3769 969 3829 oratorio
983 3768 1042 3830 do·
