2548 4216
207 325 265 382 326
477 333 631 379 aruncum
651 331 734 376 Junrs
756 329 905 375 canonici.

205 437 389 520 Capitulum,
407 436 477 500 sede
492 441 629 512 vacante,
649 435 727 494 intra
749 442 818 498 octo
840 433 916 506 dies,
940 432 1110 516 officialem
1134 456 1185 502 seu

214 526 366 588 Vicae-ium
375 525 568 588 constituere.
585 525 627 586 lta
640 521 814 586 communis
828 523 892 584 DD.
908 523 1071 586 sententia.

245 625 329 686 Circa
351 623 433 704 quod
457 621 625 686 notandum
648 626 693 682 est
715 638 772 682 nec
790 618 888 694 illum,
905 619 957 700 qui
979 620 1077 682 solam
1097 622 1186 704 iuris-

205 713 369 776 dictionem
384 711 582 774 voluntariam
597 708 870 778 exercerevalerel‚
884 710 1035 770 asserere
1051 709 1083 772 in
1099 729 1188 776 seusu

207 802 282 884 juris
295 801 447 864 vicarium
462 799 657 874 Generelem;
674 817 731 860 nec
748 816 832 876 eunt,
850 797 903 882 qui
920 797 1068 862 duntaxat
1092 801 1179 882 possi·

208 889 291 951 deret
319 889 537 952 contentiosam
563 887 805 967 jurisdictionem
831 903 898 947 esse
926 885 1038 970 pariter
1067 888 1183 970 proprii

207 977 321 1040 dictum
337 977 502 1038 Ollicialem
516 996 523 1036 :
539 975 610 1058 quia
623 983 729 1038 neuter
748 974 914 1056 possideret
928 974 1021 1034 modo
1041 975 1190 1055 generalia

209 1065 314 1126 saltem
338 1065 489 1128 moraliter
511 1064 678 1140 intellecto,
702 1063 943 1142 jurisdictionem
963 1063 1189 1144 Episcopalem

210 1153 262 1214 sed
275 1153 465 1215 solummodo
481 1159 608 1234 uterque
620 1151 780 1214 medietate
794 1150 874 1212 illius
892 1150 1117 1228 jurisdictionis
1137 1171 1190 1233 po-

210 1241 324 1304 tiretur.
340 1242 426 1305 Unde
438 1249 566 1324 uterque
577 1249 656 1304 esset
666 1259 770 1303 merus
780 1240 948 1320 delegatus,
962 1241 1086 1322 ipsique
1102 1242 1191 1324 appli-

209 1330 315 1392 candae
338 1330 435 1392 lorent
458 1330 672 1410 dispositiones
698 1330 786 1408 juris,
812 1347 881 1409 quae
909 1328 1107 1408 delegatum,
1134 1347 1190 1391 non

213 1421 282 1480 verd
302 1438 371 1501 quae
392 1419 543 1480 Vicarium
559 1417 737 1478 Generalem
758 1435 813 1478 seu
826 1415 993 1478 Officialem
1010 1417 1189 1499 respiciunt.

252 1518 351 1579 Potest
369 1523 469 1577 tamen
484 1515 652 1596 Episcopus
665 1514 825 1596 disponere
844 1523 879 1578 ut
896 1534 977 1578 unus
991 1516 1008 1576 e
1023 1518 1092 1580 suis
1106 1519 1191 1580 Vica-

214 1606 265 1667 riis
293 1605 462 1667 functiones
486 1604 701 1682 jurisdictionis
727 1604 904 1667 voluntariae
934 1603 1081 1685 impleat.
1111 1607 1190 1670 alteri

213 1694 426 1756 demandanda
437 1692 656 1773 jurisdictionis
675 1695 872 1758 contemtoso
890 1695 1086 1770 exercitium,
1104 1696 1192 1758 modo

215 1792 353 1862 uterque,
371 1785 402 1846 in
416 1781 547 1846 lormult
560 1781 764 1864 deputationis
778 1782 947 1846 vicariatus
968 1784 1128 1846 Generalis
1142 1804 1191 1846 seu

214 1871 422 1946 difficultatis,
448 1873 591 1952 expresse
617 1870 663 1932 vel
688 1869 902 1952 aequivalenter
924 1871 962 1933 ad
991 1874 1191 1936 exercendam

216 1959 396 2040 generaliter
407 1959 648 2038 iurisdictionem
665 1958 856 2032 instituatur,
871 1966 903 2022 ol
923 1962 1026 2024 reverl
1044 1962 1193 2042 possideat

216 2048 295 2112 hanc
308 2047 482 2128 generalem
494 2047 747 2126 jurisdictionem.
766 2050 808 2110 lta
822 2065 871 2110 res
885 2065 917 2109 se
931 2047 1113 2114 habuerunt
1123 2051 1193 2112 olim
1266 2113 1267 2122 ,

216 2137 244 2198 io
263 2137 374 2210 Gallia,
399 2148 428 2198 et
451 2136 543 2198 etiam
565 2154 648 2198 nunc
668 2153 703 2198 se
727 2135 839 2200 habent
861 2136 893 2198 in
912 2137 1068 2219 plerisque
1090 2140 1193 2202 mitem

215 2225 400 2289 llioecesibua
414 2223 532 2287 nostris.

603 2389 750 2444 Puucruu
765 2389 795 2444 ll.

444 2514 476 2555 m
493 2511 584 2554 urrann
600 2511 734 2554 amasus
749 2513 946 2556 censurarum.

254 2653 325 2710 455.
354 2645 492 2710 Officium
517 2645 628 2710 vicarii
656 2646 812 2710 Generalis
833 2666 896 2712 non
919 2649 1040 2716 videtur
1063 2654 1194 2722 extitisse

216 2745 284 2802 ante
298 2739 364 2800 xlll
377 2734 538 2812 saeculum
555 2734 695 2818 ideoque,
711 2753 768 2800 nec
781 2734 813 2798 in
827 2737 955 2801 Decreta
970 2739 1125 2820 Gratiani,
1143 2763 1193 2808 nec

217 2846 247 2887 m
258 2823 462 2886 Decretalibus
471 2824 606 2903 Gregorii
619 2825 660 2888 IX
670 2823 709 2888 dc
719 2823 769 2888 illo
782 2823 1032 2906 attellanarum
1045 2829 1194 2896 doctiores

216 2923 317 2978 tamen
338 2911 434 2994 prima
449 2910 533 2974 initia
551 2911 641 2992 hrrjus
655 2913 791 2976 muneris
806 2914 960 3000 reperiunt
981 2915 1012 2978 in
1027 2936 1096 3000 cap.
1111 2921 1194 2984 Inter

215 3013 321 3070 coetero
342 3005 400 3080 15,
415 3001 459 3066 De
478 2999 586 3084 Officio
594 2999 694 3082 judic.
712 3001 792 3080 ord„
808 3002 838 3064 in
858 3021 922 3084 quc
940 3005 1140 3074 Innocentius
1159 3013 1192 3072 lll

216 3093 340 3156 sancivit
354 3096 388 3154 ut
407 3089 548 3170 Episcopi
573 3089 652 3152 uiros
672 3088 790 3154 idoneos
808 3098 1000 3156 assumerent
1018 3112 1083 3160 non
1095 3097 1191 3162 tolum

218 3184 251 3245 t‘n
265 3178 487 3262 predicationis
499 3175 613 3260 officio,
628 3180 726 3242 verum
745 3179 837 3242 etium
855 3179 927 3244 in...
946 3185 1064 3244 cacteris
1078 3204 1146 3266 quae
1157 3185 1193 3248 ad

216 3271 341 3333 salutem
357 3267 509 3352 pertinent
530 3269 717 3328 culinaram:
742 3268 881 3349 quamvis
904 3269 987 3332 enim
1013 3271 1089 3336 nihil
1117 3277 1192 3337 clar'e

216 3359 355 3422 ostendat
368 3355 450 3440 qudd
464 3354 495 3416 lri
511 3354 573 3415 viri
586 3353 681 3416 idonei
695 3356 756 3417 sint
769 3356 818 3418 alli
837 3359 931 3439 quam
945 3359 1024 3421 meri
1040 3359 1190 3446 Delepma',

217 3465 359 3509 successu
376 3453 478 3506 tamen
495 3449 670 3524 temporum
687 3444 718 3506 in
740 3463 828 3508 veros
848 3446 983 3510 Vicarios
1004 3453 1118 3513 mutari
1142 3471 1191 3536 po

218 3541 351 3608 tuerent,
365 3540 395 3594 et
405 3535 506 3594 revera
524 3532 632 3593 mutati
646 3537 729 3594 sunt.

257 3629 291 3686 ln
309 3627 367 3688 hoc
387 3640 499 3706 puncto
518 3627 753 3708 expendendum
773 3636 819 3693 est
839 3635 873 3693 lo
895 3652 1040 3714 quaenam
1065 3657 1105 3702 ex
1130 3641 1192 3720 jure

220 3713 348 3774 debeant.
364 3733 428 3774 esse
440 3713 550 3776 Vicarii
571 3715 726 3778 Generalis
740 3719 899 3802 qualitates
909 3743 919 3798 3
931 3725 962 3784 2⁰
975 3725 993 3786 la
1005 3743 1071 3806 quc
1080 3727 1193 3792 sitcon

220 3802 401 3874 diluendum
421 3803 453 3862 3ο
470 3820 510 3862 en
524 3802 692 3883 Episcopus
708 3811 848 3870 teneatur
867 3809 924 3872 sibi
938 3829 1097 3879 assumere
1109 3819 1192 3880 ilica·
