2616 4228
195 237 233 300 28
471 246 625 292 rxexrxrx
645 243 728 290 vonis
748 241 899 291 cxxomcr.

194 368 263 412 mox
282 369 343 413 non
362 349 497 431 pervenit
521 347 558 409 ad
582 347 720 408 omnium
738 345 971 424 cognitionem?
995 349 1091 428 Ergo,
1114 363 1174 414 etc.

232 442 282 500 37.
310 461 325 498 v
347 438 459 512 Ouaerit
479 443 580 499 autem
606 434 762 516 Sylvius...
783 450 822 493 an
847 433 988 516 Episcopi
1010 443 1176 502 teneantur

195 548 210 583 a
232 529 441 610 promulgare,
456 532 506 588 aut
520 533 654 604 satagere
669 530 702 584 ut
716 521 765 582 alii
780 520 940 584 observent
953 525 1057 588 omnia
1071 529 1173 610 ponti·

196 637 211 673 o
234 615 302 678 ficia
317 623 425 678 statuta
436 617 499 695 jom
513 616 617 676 Romre
633 610 845 692 promulgata?
858 632 874 670 o

233 705 282 767 Sic
302 706 464 788 respondet
480 723 487 765 :
513 702 648 764 «Teucri
662 718 768 762 curare
784 705 816 760 ut
835 699 1035 768 observentur
1048 708 1173 786 quando

197 816 212 854 v
234 795 371 857 Pontifex
386 794 536 876 significat
550 811 582 854 se
594 791 668 852 velle
683 789 763 872 quod
781 807 833 850 sua
847 788 895 852 lex
909 789 1024 874 ubique
1039 793 1168 876 obliget,

197 905 212 942 n
236 885 324 946 etiam
345 885 458 964 absque
477 881 718 963 promulgatione
740 878 810 940 alibi
836 877 923 940 lacta.
940 881 1007 941 Non
1031 887 1175 965 tenentur

199 993 213 1028 v
235 980 336 1034 tamen
352 991 457 1033 curave
473 978 505 1034 ut
520 969 752 1052 promulgentur
763 967 835 1041 nisi,
852 967 897 1028 vel
910 969 1087 1032 mandatum
1100 991 1175 1054 pon·

198 1081 213 1117 c
236 1059 362 1122 titinium
376 1061 414 1122 ad
428 1079 480 1122 eos
491 1059 653 1140 dirigatur,
670 1057 714 1117 vel
730 1055 944 1118 rationabiliter
951 1057 1087 1136 judicent
1095 1080 1171 1141 ,pro-

199 1171 214 1206 c
236 1149 453 1229 mulgationem
469 1149 499 1210 in
510 1148 571 1210 suis
582 1146 762 1208 dioecesibus
772 1164 838 1206 esse
853 1148 1065 1210 necessariam.
1077 1150 1173 1212 Nihil-

175 1260 211 1296 ,α
233 1238 355 1299 ominus
387 1239 440 1320 qui
475 1238 549 1318 legis
574 1236 711 1297 notitiam
743 1233 856 1296 habent
883 1235 919 1295 ad
947 1254 1014 1296 eam
1045 1237 1172 1320 obligari

196 1347 211 1384 (ι
231 1327 389 1403 videntur,
406 1328 462 1388 nisi
479 1327 528 1388 illa
551 1333 669 1406 recepta
690 1341 750 1384 non
765 1322 865 1396 luerit,
880 1323 924 1384 vel
940 1342 993 1404 per
1008 1344 1070 1388 non
1082 1344 1173 1391 usum

196 1436 211 1472 a
232 1413 297 1495 ejus
317 1415 459 1497 obligatio
480 1415 611 1477 desierit.
630 1414 778 1475 Caeterlrm
798 1411 822 1473 si
843 1413 980 1474 Pontifex
1003 1433 1065 1476 non
1085 1415 1174 1497 signi·

198 1527 211 1560 «
234 1504 301 1565 licet
323 1523 388 1566 esse
411 1524 487 1588 opus
506 1505 564 1567 atta
589 1502 849 1584 promulgatione,
873 1519 972 1582 neque
995 1504 1173 1568 mandatum

196 1615 210 1648 a
231 1591 338 1676 dirigat
349 1595 385 1656 ad
394 1595 579 1670 OrdinarioS‚
595 1591 748 1674 probabile
761 1598 804 1652 est
819 1591 901 1672 quod
917 1592 973 1672 ipsi
988 1611 1049 1654 non
1064 1599 1173 1656 tenen-

196 1688 280 1744 atur
302 1683 400 1764 legem
422 1684 636 1766 promulgare,
660 1681 706 1743 vel
730 1697 836 1742 curare
862 1687 894 1741 ut
918 1681 1093 1744 observetur
1116 1683 1172 1746 nisi

196 1795 209 1827 a
233 1771 363 1834 fructum
381 1773 561 1842 notabilem,
574 1792 609 1834 ex
625 1771 691 1832 talis
706 1769 779 1851 legis
793 1769 1051 1850 promulgatione,
1066 1772 1096 1832 in
1111 1774 1174 1836 suis

195 1883 208 1914 (ι
230 1859 410 1922 dioecesibus
423 1867 621 1941 expectent.»
641 1859 685 1938 (S.
700 1860 844 1938 Liguov.,
862 1859 912 1920 lib.
928 1863 962 1936 l,
979 1871 1013 1919 n⁰
1027 1863 1091 1939 96.)

229 1951 279 2009 38.
308 1949 494 2011 «Praeterea
523 1947 816 2030 probabiliteraiunt
838 1950 962 2024 Suarez,
988 1950 1170 2030 Layinann,
1214 1931 1218 1936 ⁵

197 2060 208 2094 ι
229 2042 300 2114 etc,
316 2037 399 2119 qudd
414 2038 494 2118 leges
509 2037 681 2119 pontificiae,
698 2056 766 2118 quae
781 2035 936 2098 infirmant
950 2037 1083 2119 aliquem
1097 2057 1173 2100 con—

195 2147 209 2182 «
230 2131 359 2188 tractum
393 2131 498 2208 suapte
529 2131 634 2188 natura
662 2126 794 2189 validum
825 2127 934 2206 (prout
964 2125 1057 2189 lecit..
1086 2126 1172 2190 Bulla

194 2238 207 2270 a
229 2213 273 2275 Pii
287 2217 311 2277 V
324 2216 423 2296 quoad
432 2223 604 2278 contractus
616 2215 799 2295 censuales),
809 2215 855 2276 vel
867 2233 935 2294 quae
943 2215 1172 2295 juridictionem

194 2328 208 2360 a
228 2303 384 2382 auferunt,
398 2325 426 2368 v.
443 2325 473 2386 g.
491 2305 521 2368 in
537 2312 725 2367 sacramento
740 2304 945 2382 Poenitentiae‚
962 2305 1043 2367 circa
1056 2322 1110 2367 eos
1122 2304 1174 2368 be·

193 2417 207 2449 a
228 2393 321 2473 nigne
333 2394 521 2476 interpretari
533 2412 694 2475 possumus
702 2401 834 2454 mentem
844 2411 909 2454 esse
920 2392 1172 2474 Pontificis,qnbd

192 2505 207 2536 a
228 2483 304 2542 nolit
322 2483 463 2544 ellectum
482 2483 593 2545 babere
609 2483 665 2544 nisi
681 2487 840 2563 postquam
855 2481 967 2544 luerint
983 2483 1015 2543 in
1032 2482 1171 2546 dioecesi-

195 2593 208 2626 a
231 2571 286 2631 bus
301 2573 534 2652 promulgatae...
550 2574 958 2652 Secusautemestrespectu
970 2590 1170 2652 poenarum...

193 2681 207 2716 a
229 2659 311 2720 Sicut
324 2660 547 2722 etiamseous...
558 2660 589 2720 in
603 2659 720 2740 legibus
730 2658 914 2721 irritantibus
926 2667 1027 2722 actum
1037 2659 1173 2742 aliquem

193 2768 209 2806 v
231 2747 271 2808 ob
284 2747 437 2810 delectum
453 2748 676 2811 solemnitatis»
697 2746 740 2828 (S.
757 2748 820 2828 Lig.
842 2747 910 2830 ab).

228 2846 276 2905 39.
289 2845 412 2915 Quaeril.
426 2847 459 2906 3⁰
469 2847 515 2905 An
526 2852 560 2907 ut
569 2845 617 2906 lex
631 2844 754 2924 obliget,
767 2845 937 2925 requiratur
950 2846 1080 2928 spatium
1089 2847 1172 2912 duo-

187 2950 256 2994 rum
275 2933 428 2995 mensium
452 2933 747 3014 apromulgatlone‘l

229 3030 321 3110 Resp.
342 3031 432 3090 Juxta
449 3031 480 3092 S.
504 3031 567 3111 big.
585 3029 667 3112 (ib),
683 3037 744 3092 tres
759 3038 829 3094 sunt
847 3034 1025 3095 sententiae:
1045 3039 1074 3096 t·
1088 3041 1174 3098 tenet

188 3117 269 3201 qubd
287 3117 385 3178 statim
401 3120 417 3178 a
433 3119 675 3200 promulgatione
691 3119 738 3180 lex
754 3119 886 3201 obliget;
905 3125 936 3181 2⁸
950 3122 1033 3202 quod
1050 3124 1171 3201 statim,

185 3206 232 3269 vel
246 3207 330 3288 quasi
341 3253 348 3284 ‚
361 3206 475 3288 obliget
489 3215 651 3288 praesentes
665 3209 695 3268 in
708 3209 812 3279 Curia,
828 3209 902 3271 alios
916 3219 1016 3272 autern
1029 3219 1096 3292 post
1107 3213 1173 3276 sul·-

186 3295 294 3374 fioiens
304 3303 423 3376 tempus
431 3297 516 3375 juxta
526 3295 698 3357 distantiam
713 3297 849 3359 locorum
862 3319 869 3374 ;
884 3302 914 3360 3·
929 3300 1012 3379 quod
1026 3301 1083 3362 nisi
1096 3306 1169 3364 tem

188 3401 244 3462 pus
259 3385 276 3444 a
295 3383 360 3464 lege
375 3385 559 3464 designetur,
572 3385 647 3447 nulli
662 3385 700 3446 ab
714 3389 750 3446 eb
762 3386 934 3467 obligentur
944 3389 1002 3449 nisi
1017 3389 1174 3469 postduos

188 3489 308 3532 menses
327 3473 608 3554 apromulgatione.
633 3474 786 3553 dilegatur
806 3493 860 3555 pro
874 3477 931 3538 isto
945 3478 1096 3540 sententia
1109 3481 1172 3540 No·

187 3559 261 3621 vella
273 3559 313 3621 Ut
324 3560 509 3639 fuetoenocoe,
523 3570 552 3623 et
562 3563 687 3624 babetur
699 3565 716 3623 a
727 3564 757 3623 S.
767 3564 829 3644 ng.
842 3573 876 3626 ut
886 3565 1083 3645 probabilior;
1094 3566 1172 3629 dnm

187 3649 323 3710 econtra
340 3651 377 3708 lt.
393 3650 486 3710 tlouix
496 3658 526 3711 et
539 3653 575 3711 tt.
591 3651 629 3710 de
649 3652 690 3710 bl.
706 3652 811 3720 orione
832 3655 988 3714 sententiae
1003 3655 1168 3722 adbaerent.
