2526 4210
465 261 553 306 urana
573 261 691 307 narnus.
1006 257 1067 318 229

102 387 117 424 r
136 360 225 425 modo
238 357 425 441 principibus
444 358 639 422 saecularibus
653 358 803 442 imperare
816 381 942 443 possa...
959 370 995 426 ἓ·
1006 369 1069 431 Nec

103 448 312 513 aPontifrcem
343 451 517 524 Romanum
551 466 610 510 nec
636 447 710 526 alios
741 450 907 533 Episcopus
934 455 1074 536 accipere

104 538 266 622 «potuisse
288 535 460 597 dominium
482 536 515 597 in
539 537 720 617 provincias,
745 539 848 600 autin
872 541 971 612 urbes,
992 563 1073 624 quo·

104 652 118 690 a
137 645 258 707 cunque
267 624 355 686 titulo
366 643 417 686 eas
428 623 614 686 obtinuerint
625 645 633 700 ;
646 625 729 705 quia,
741 625 863 690 aiunt...
874 629 924 707 jus
935 630 1071 692 divinum

104 715 274 800 «prohibet
297 732 337 776 ne
362 713 480 794 gladius
508 713 672 794 spiritualis
699 720 729 776 et
755 715 872 794 gladius
900 720 1075 798 temporalis

105 829 118 866 c
138 803 226 867 simul
241 803 272 864 in
287 802 395 864 eodem
410 801 566 864 uniantur.
580 805 623 863 lta
635 812 702 884 post
716 803 898 866 Wiclelistas
911 808 1073 870 etHussta-

104 919 118 954 a
137 899 181 956 tas
193 891 361 954 Calviuistae
375 890 487 972 aliique
501 890 645 953 haeretici.

82 991 88 1006 ’
141 1003 156 1042 r
181 980 282 1042 Tertia
297 980 444 1040 sententia
465 997 572 1042 eorum
585 985 635 1040 est
655 979 706 1061 qui
728 973 878 1044 affirmant
896 983 1075 1048 Pontificem

103 1095 117 1131 c
136 1073 309 1132 Romanum
331 1067 447 1128 nullam
467 1067 536 1150 J‘urc
553 1067 655 1131 divino
673 1068 784 1132 habere
804 1077 980 1152 potestatem
995 1079 1074 1135 tom·

103 1183 117 1220 a
136 1158 273 1241 poralem
287 1156 432 1218 directam
446 1161 476 1218 et
489 1156 717 1233 immediatam,
733 1157 784 1221 sed
799 1161 918 1222 tantiam
930 1161 1074 1240 spiritua-

102 1248 197 1310 alem
226 1266 234 1308 ε
263 1253 292 1308 at
318 1244 408 1307 simul
436 1245 628 1308 contendunt·
651 1264 743 1323 eum,
770 1249 887 1311 ratione
913 1250 1075 1329 spiritualis

101 1335 310 1418 «potestatis,
336 1332 515 1396 indirectam
542 1333 653 1396 habere
679 1342 868 1415 potestatem,
897 1338 1075 1418 etquidem

101 1449 116 1484 a
137 1441 302 1499 summam,
318 1422 351 1483 in
368 1423 544 1502 temporalia
558 1422 697 1485 omnium
710 1424 884 1506 principum
900 1424 1076 1489 christiano·

101 1539 116 1573 a
138 1531 207 1575 rum
217 1519 247 1574 et
260 1509 399 1574 omnium
410 1510 546 1572 fidelium
558 1533 566 1572 ε
578 1512 683 1591 sicque
699 1511 835 1573 Pontifex
850 1513 888 1574 de
901 1513 1075 1592 hujusmodi

101 1601 263 1663 abonis...
293 1599 452 1681 disponere
474 1605 571 1679 potest
595 1599 718 1680 quando
745 1598 862 1662 bonum
890 1602 1078 1683 Reipublicae
1115 1673 1122 1682 ,

100 1689 302 1771 «spiritualis
330 1687 386 1748 sibi
413 1687 583 1748 commissae
611 1687 641 1746 id
666 1687 817 1767 postulare
842 1687 1073 1755 videram...

100 1806 116 1839 a
137 1777 340 1841 Bellarminus
354 1793 425 1839 cum
439 1773 506 1838 aliis
520 1774 657 1856 pluribus
668 1775 855 1856 theologis...

142 1889 158 1928 a
182 1867 295 1943 (laerta
315 1867 500 1927 sententia...
516 1871 599 1927 tenet
623 1864 802 1928 Pontificem
820 1871 992 1931 Romanurn
1011 1871 1076 1933 nul·

100 1982 115 2016 «
138 1955 212 2032 lam,
227 1956 295 2034 jure
309 1953 430 2030 divino,
446 1953 557 2014 habere
574 1958 751 2035 potestatem
763 1954 907 2018 directam
926 1977 982 2020 nec
997 1959 1075 2022 indi-

99 2070 116 2104 (ι
137 2051 264 2118 rectam,
281 2042 319 2105 ad
333 2061 458 2104 sensum
471 2041 659 2118 Bellarmini,
675 2042 706 2104 in
720 2046 898 2124 temporalia
910 2065 1016 2126 regum
1026 2055 1077 2110 aut

99 2133 270 2196 «aliorum
308 2130 552 2193 christianorum.
589 2131 791 2192 Nihilominus
828 2135 947 2213 patroni
986 2135 1078 2213 hujus

100 2247 115 2282 a
138 2220 298 2284 sententiae
320 2219 424 2281 volunt
444 2218 529 2280 illum
551 2218 758 2298 plenissimam
774 2219 885 2282 habere
900 2228 1076 2302 potestatem

99 2335 115 2372 a
137 2309 326 2390 spiritualem
341 2308 373 2368 in
388 2307 561 2388 principes,
576 2307 651 2370 sicut
666 2308 697 2368 in
719 2307 871 2389 simplices
892 2310 1005 2388 fideles,
1025 2331 1091 2374 eos

99 2425 114 2460 e
137 2400 267 2470 docere,
284 2397 435 2476 corripere
450 2402 479 2458 et
493 2395 592 2476 poenis
611 2395 818 2476 spiritualibus
831 2399 962 2478 plectere
976 2418 1074 2479 posse,

98 2494 231 2568 «atque
258 2485 349 2548 dubia
371 2484 409 2546 ad
432 2483 649 2546 conscientiam
679 2483 801 2546 illorum
826 2493 857 2547 et
887 2487 1078 2550 subditorum

98 2575 296 2639 «attinentia
319 2572 482 2655 apostolica
501 2573 677 2635 auctoritate
700 2573 825 2636 solvere.
851 2595 866 2633 a
898 2576 947 2638 Sic
972 2577 1077 2640 saltem

94 2664 245 2730 Gallicani
267 2660 497 2724 moderatissimi
519 2661 592 2742 qui,
616 2661 660 2723 sic
681 2661 842 2724 tribuendo
866 2666 954 2746 Papae
979 2675 1078 2746 potes-

93 2761 192 2818 tatem
213 2751 347 2814 solvendi
368 2751 471 2812 omnia
485 2749 577 2812 dubia
596 2749 634 2812 ad
653 2751 868 2814 conscientiam
885 2753 1075 2835 pertinentia,

93 2842 272 2907 necessario
293 2840 348 2922 ipsi
364 2840 501 2901 tribuunt
521 2843 701 2920 potestatem
715 2839 892 2903 indirectam
913 2842 945 2904 in
965 2850 1072 2925 tempo

91 2933 159 2995 rale
171 2953 180 3009 ;
210 2930 268 2992 nisi
292 2929 394 2992 dicant
412 2927 589 3010 temporalia
614 2946 772 3009 nunquam
793 2935 927 3010 spectare
948 2931 985 2992 ad
1003 2951 1077 2994 con·
1188 2937 1216 3015 Ἰ

90 3019 278 3093 scientiam,
309 3017 391 3099 quod
421 3015 577 3078 manifeste
604 3016 1079 3082 esttatsum.81rntautematit

90 3108 258 3185 Gallicani,
274 3105 441 3188 praesertim
457 3103 698 3180 Parlamentarii,
713 3105 765 3184 qui
777 3104 888 3167 dictam
900 3113 1079 3187 potestatem

89 3196 236 3274 solvendi
253 3193 355 3257 omnia
373 3193 466 3254 dubia
483 3193 649 3274 temporale
673 3193 863 3273 respicientia
885 3211 947 3254 non
968 3213 1077 3258 conce·

88 3290 187 3364 dunt.
215 3284 315 3346 Prima
340 3283 489 3344 sententia
516 3281 555 3344 ab
582 3281 647 3362 ipso
681 3282 864 3344 Bellarmino
891 3281 1078 3348 solidissimis

63 3369 268 3441 ¹rationibus
294 3370 486 3447 confutatum
518 3369 652 3433 secunda
685 3371 723 3431 ab
753 3370 895 3433 omatibus
924 3371 1078 3438 catholicis

81 3464 228 3530 ¹habetur
242 3479 304 3523 non
317 3459 435 3521 tantum
447 3463 482 3520 ut
495 3457 585 3536 falsa,
601 3456 653 3519 sed
668 3459 757 3520 etiam
773 3465 806 3520 ut
820 3458 978 3538 haeretica;
993 3463 1078 3526 tertia

80 3563 120 3619 et
136 3559 249 3636 quarta
264 3553 526 3614 controvertuntur
541 3546 709 3609 Gallicanos
723 3547 801 3609 inter
811 3553 841 3609 et
854 3549 1084 3631 caeterostheo·-

85 3643 196 3728 logos.
1038 3687 1041 3693 s

57 3765 80 3812 r·
133 3746 211 3808 361.
234 3743 273 3808 Ut
295 3739 406 3804 melitis
426 3741 487 3801 tota
505 3739 709 3802 controversia
732 3737 889 3816 clarescat,
913 3739 1044 3802 dicendu
