2616 4228
210 259 253 316 50
483 269 634 312 aruncum
654 267 736 312 suuis
758 267 906 313 canonici.

189 439 191 445 Ι
217 389 232 425 0
252 365 459 428 consentire...
475 371 552 438 Quot
562 372 663 428 autern
678 371 762 427 actus
775 365 954 426 contrarii...
971 363 1001 424 in
1016 362 1192 444 hocrequi-

217 463 359 517 urantur
391 464 424 516 ut
450 461 608 516 censeatur
635 455 776 534 princeps
803 454 892 514 tacite
918 457 1075 513 revoctsse
1105 471 1212 514 suatur

218 565 233 602 n
254 542 377 624 legem?
394 543 426 604 ld
442 543 596 616 indubio,
612 541 769 623 prudentis
778 541 887 622 judicis
901 541 1042 615 arbitrio,
1059 545 1194 620 spectata

218 633 378 694 «materia
404 633 477 712 legis
502 632 629 712 aliisque
656 629 908 702 circumstantiis,
935 631 991 690 orit
1017 628 1193 708 dijudican-

217 743 234 780 0
254 721 339 784 dum.
355 743 371 780 0
389 720 554 798 (Reiffenst.
569 719 620 780 lib.
637 722 666 795 0,
681 722 712 795 4,
729 717 768 778 ni·
781 720 818 779 93
834 723 864 778 et
875 720 939 795 95.)

254 813 303 871 99.
321 809 367 870 Ad
380 809 584 870 inducendam
596 807 666 870 vcrd
679 805 930 869 consuetudinem
945 825 997 886 per
1006 824 1194 868 consensum

214 897 339 978 deputem
359 917 413 960 seu
433 917 485 978 per
500 896 776 978 praescriptionem,
797 895 844 957 vei
858 896 957 975 agitur
970 895 1009 956 de
1024 902 1192 958 consuetu·

213 986 286 1046 dine
299 995 412 1066 proter
419 987 487 1065 jus,
503 985 549 1047 vel
562 985 600 1046 de
613 983 834 1046 consuetudine
847 992 950 1044 contro
957 983 1010 1064 jus
1023 1003 1030 1045 :
1045 985 1076 1044 in
1093 983 1194 1064 primo

218 1091 301 1150 casu,
314 1074 423 1136 sufficit
431 1074 625 1136 decennium.
634 1072 675 1134 lta
687 1073 889 1134 communiter
897 1080 1001 1133 contra
1016 1072 1193 1148 00000000,

212 1161 270 1242 qui
282 1161 387 1224 dicunt
400 1163 628 1225 diuturnitatem
641 1163 786 1242 temporis
800 1162 928 1242 relinqui
939 1161 1052 1238 iudicio
1063 1162 1195 1242 pruden-

217 1251 281 1309 tum
297 1252 339 1325 (S.
364 1251 499 1332 Lignor.‚
515 1250 565 1312 tib.
592 1255 624 1330 t,
644 1253 715 1325 107,
735 1251 794 1324 lii).
811 1250 897 1310 Ratio
917 1257 961 1310 est
981 1249 1051 1328 quia
1072 1249 1103 1308 in
1125 1250 1195 1328 jure

217 1336 327 1399 dicitur
342 1341 545 1401 revocandum
560 1357 625 1400 esse
638 1338 785 1420 quidquid
794 1346 894 1398 contra
908 1337 1024 1417 tanqum
1038 1348 1194 1398 consuetu-

214 1423 316 1486 dinem
338 1427 391 1508 fiet
410 1428 493 1504 (Dist.
517 1431 573 1504 ta,
597 1446 665 1488 can.
681 1433 698 1488 ‘t
713 1430 744 1506 ¹).
763 1426 854 1506 Atqui
875 1427 905 1487 in
919 1427 986 1506 Jure
1000 1427 1107 1487 decem
1121 1429 1193 1488 anni

215 1516 495 1597 vocanturtonpum
512 1523 632 1596 tempus.
650 1517 741 1595 Ergo,
756 1521 813 1577 etc.

259 1605 328 1666 000.
351 1606 385 1666 10
400 1605 534 1667 secundo
551 1623 639 1678 casu,
653 1605 677 1664 si
691 1610 797 1684 agatur
806 1603 844 1664 de
857 1601 1079 1664 consuetudine
1089 1612 1194 1664 contro

210 1689 278 1772 jus,
292 1699 353 1753 tres
365 1700 437 1753 sunt
449 1694 605 1754 sententiae
617 1711 624 1752 :
638 1692 743 1753 Primo
757 1691 829 1753 dicit
840 1691 977 1752 sufficere
989 1691 1192 1754 decennium:

216 1781 290 1860 quia
304 1781 361 1842 hoc
375 1788 496 1860 ternpus
510 1781 618 1842 suflicit
632 1785 737 1842 contra
751 1779 849 1860 legem
864 1779 997 1855 civilem,
1013 1788 1044 1840 et
1057 1780 1195 1858 specialis

220 1886 283 1929 non
306 1875 351 1929 est
368 1869 523 1948 dispositio
533 1867 610 1946 juris
623 1868 655 1928 in
676 1869 861 1930 contrarium
881 1885 937 1948 pro
952 1868 1017 1948 tege
1034 1869 1193 1930 canonice.

219 1957 332 2017 Revera
353 1961 392 2019 00
406 1957 478 2016 anni
502 1957 698 2037 requiruntur
712 1955 750 2016 ad
766 1955 986 2035 praescribenda
1001 1955 1079 2016 bona
1093 1956 1194 2018 ecole-

219 2043 336 2105 siastica
349 2045 418 2106 :sed
434 2047 479 2107 lex
494 2051 609 2106 nonest
623 2045 750 2106 bonum.
763 2046 793 2106 Si
804 2048 878 2105 Rota
887 2043 1019 2124 requirat
1031 2047 1070 2106 00
1084 2062 1193 2122 annos,

219 2131 367 2194 hocvenit
380 2134 450 2212 quia
461 2133 541 2213 apud
551 2151 618 2193 eam
632 2151 752 2214 semper
766 2134 865 2213 agitur
876 2131 915 2194 de
928 2132 1102 2212 praejudicio
1116 2135 1194 2194 tertii

216 2221 716 2301 mwmmmfflmm
858 2291 859 2294 Ἴ

258 2309 391 2370 Secunda
406 2309 563 2388 distinguit
579 2328 586 2368 :
602 2310 728 2390 requirit
740 2309 865 2390 quidem
886 2311 925 2371 00
939 2326 1036 2370 annos
1050 2327 1106 2388 pro
1120 2329 1194 2373 con·

217 2399 378 2460 suetudine
393 2406 497 2460 contra
510 2399 607 2478 tegern
618 2406 787 2479 receptam,
804 2399 875 2478 quia
889 2401 907 2458 0
916 2399 983 2476 jure
995 2398 1145 2462 canonico
1158 2419 1194 2462 ex

217 2485 521 2566 capuccinorum
534 2487 870 2567 Proescript.‚statuitur
885 2486 966 2547 bona
978 2488 1120 2549 Ecclesiae
1133 2507 1193 2551 non

218 2575 373 2655 praescribi
388 2575 445 2634 nisi
461 2593 514 2655 per
524 2579 564 2634 00
575 2593 672 2635 annos
686 2593 693 2634 :
707 2575 760 2636 sed
769 2575 841 2636 dicit
851 2575 987 2636 sufficere
996 2576 1192 2652 decennium,

217 2664 245 2724 si
259 2663 306 2725 lex
321 2663 455 2723 nondum
471 2663 508 2722 sit
521 2669 652 2742 recepta,
665 2663 735 2744 quia
749 2671 821 2726 tuno
835 2682 897 2726 non
912 2665 1116 2745 prescribitur
1127 2685 1195 2728 con·

220 2757 265 2812 tre
285 2751 401 2832 legem,
417 2751 469 2812 sed
493 2751 656 2832 impeditur
675 2753 794 2815 tantum
809 2753 991 2814 introductio
1006 2753 1090 2832 tegis.
1107 2755 1195 2818 Certe

220 2846 320 2902 autem
335 2839 471 2902 sufficere
491 2840 676 2902 decennium
691 2841 813 2922 quando
834 2844 881 2903 lex
902 2859 963 2903 non
987 2841 1043 2903 init
1056 2851 1192 2924 recepta,

220 2927 348 2989 affirmat
361 2932 392 2990 0.
407 2930 527 3009 Liguor.
542 2937 609 3008 post
635 2929 782 3004 disemo,
798 2930 850 2991 lib.
868 2933 898 3006 t,
915 2941 949 2990 0ο
964 2933 1031 2992 tae.

262 3016 363 3078 Tertio
378 3017 451 3078 dicit
470 3035 590 3097 semper
613 3019 726 3098 requiri
746 3022 787 3080 00
806 3036 903 3080 annos
919 3038 927 3079 ε
943 3021 1015 3100 quia
1036 3019 1129 3082 etiarn
1148 3021 1194 3084 lex

221 3122 283 3167 non
306 3114 426 3186 recepta
445 3107 505 3168 vim
526 3106 616 3168 habet
637 3106 807 3187 obligandi,
829 3112 860 3175 et
879 3107 957 3170 Bato
979 3127 1102 3170 romono
1116 3109 1193 3173 hanc

220 3191 358 3276 ‘regulam
372 3213 491 3275 semper
506 3195 655 3256 observat.

261 3287 330 3346 tot.
354 3287 396 3344 Ex
415 3283 462 3345 his
476 3283 610 3364 sequitur
625 3286 655 3343 0ο
676 3284 763 3346 Gertd
776 3284 889 3365 requiri
903 3284 1086 3348 decennium
1104 3285 1193 3369 (con-

252 3456 260 3484 *
277 3453 342 3504 unu
362 3455 467 3504 hahetur
487 3455 512 3505 in
530 3457 595 3522 jure,
610 3455 658 3505 trina
676 3455 796 3508 canonico
811 3457 885 3524 quina
902 3457 976 3520 civiti,
992 3474 1041 3525 quo
1054 3463 1193 3526 expressius

222 3523 398 3576 determinetur
415 3535 512 3590 tenipus
528 3527 673 3592 requisitum
691 3528 722 3578 ad
739 3530 947 3594 prescriptionem
965 3532 1192 3590 consuetudinum

219 3596 287 3646 unde
306 3596 377 3647 Gard.
397 3596 514 3656 Gousset,
536 3599 690 3663 disposition,
710 3605 775 3657 etc..
794 3612 824 3648 n⁰
839 3602 896 3658 375.
915 3601 1042 3651 concludit
1053 3603 1085 3652 ad
1096 3601 1193 3670 judices

222 3672 388 3783 puppetenus
406 3669 529 3732 pertinere
539 3669 651 3733 judicare
663 3673 746 3719 istrum
758 3670 868 3736 legitime
883 3673 914 3722 sit
925 3674 1066 3738 prescripta
1083 3689 1192 3728 consue·

234 3752 247 3782 u
268 3752 292 3794 o,
306 3751 352 3785 000
365 3753 404 3785 00.

681 4183 719 4209 ἦ.
941 4099 942 4104 t
1028 4061 1287 4210 ῆς.-.
