2562 4224
186 240 245 302 {ld
463 243 614 290 curruum
634 244 717 290 ruurs
737 245 886 292 cruorum,

231 375 247 412 u
266 355 348 414 lnter
356 366 408 411 eos
418 343 591 428 quicitandi
603 350 780 406 sunt...non
790 345 1061 428 comprehenditur
1071 349 1178 406 rector

193 465 209 503 α
230 437 368 502 henelicii
389 432 514 498 uniendi
530 451 538 493 ε
554 449 625 494 nam
644 433 716 494 chm
736 433 810 495 unio
825 453 916 498 suum
940 435 1085 497 effectum
1108 449 1180 494 non

194 529 367 591 ohabitura
384 525 421 586 sit
443 521 501 584 nisi
522 527 589 602 post
609 521 675 598 eius
694 527 823 582 mortem
843 521 913 600 (nisi
931 522 1002 585 velit
1014 518 1182 582 'beneticio

195 641 211 679 o
231 614 426 693 renuntiare),
443 610 563 674 nullum
576 609 605 670 ei
619 609 805 673 damnum...
819 611 958 674 infertur.

236 728 251 766 u
271 708 348 767 Item
373 720 434 763 non
456 698 619 780 requiritur
638 708 804 762 consensus
825 701 956 782 plebis»
975 699 1108 780 (Rouix,
1136 697 1169 758 D

192 795 344 865 Peracto,
361 811 392 872 p.
409 789 491 872 286).
509 787 816 852 brumetonam.
841 789 928 870 (sess.
951 792 1003 865 hl,
1019 805 1089 868 cap.
1116 785 1155 868 ὅ)

193 886 266 946 unio
288 881 353 942 lieri
376 879 466 940 debet
486 876 554 952 sine
572 875 758 958 praejudicio
778 877 985 940 obtinentium.
1012 878 1047 937 ln
1079 874 1165 936 Galli

194 970 356 1052 requiritur
373 983 541 1028 consensus
562 964 707 1027 Gubernii
724 967 829 1044 :juxta
853 967 936 1028 enirn
951 962 1175 1026 Concordatun

195 1061 284 1136 1801,
304 1053 598 1135 circumscriptiones
619 1053 831 1134 parochiarum
851 1057 868 1117 h
888 1053 1040 1118 Gubernio
1063 1069 1186 1134 appro-

194 1146 303 1209 bandae
317 1149 398 1206 sunt.

236 1238 305 1298 229.
329 1231 433 1305 Quoad
450 1235 625 1314 potestatem
640 1231 861 1312 Episcoporum
875 1233 955 1294 circa
969 1230 1119 1305 unioneS,
1140 1232 1190 1292 sic

198 1323 286 1385 habet
308 1321 475 1384 Concilium
498 1319 634 1382 Trident.
660 1321 744 1396 (sess
767 1325 822 1398 hl,
847 1339 913 1402 cap.
935 1319 969 1401 5)
991 1339 999 1380 :
1021 1320 1191 1382 «Possint

203 1411 395 1492 «Episcopi,
420 1409 510 1472 etiam
535 1415 681 1490 tanquam
708 1409 888 1490 Apostolicae
914 1407 1000 1471 Sedis
1027 1407 1189 1486 delegati,

203 1500 322 1579 «juxta
352 1499 481 1562 lormam
500 1497 601 1580 juris,
625 1497 691 1559 sine
714 1504 815 1559 tamen
838 1495 1016 1580 praejudicio
1035 1495 1192 1560 obtinen-

203 1611 218 1647 α
239 1590 332 1663 tium,
350 1587 447 1650 lacere
466 1587 596 1649 uniones
609 1593 770 1666 perpetuas
792 1603 1055 1667 quarumcumque
1074 1586 1191 1649 Eccle-

205 1699 220 1736 (ι
240 1678 352 1740 siarum
368 1675 584 1757 parochialium
599 1679 629 1736 et
643 1675 880 1756 baptismalium,
896 1683 925 1738 et
940 1674 1070 1736 aliorum
1086 1674 1193 1739 bene·

205 1787 219 1822 «
240 1765 380 1828 liciorum
397 1770 571 1826 curatorum
594 1761 639 1824 vel
660 1781 722 1824 non
743 1770 939 1840 curatorum,
956 1781 1029 1825 cum
1049 1764 1191 1841 curatis,

206 1859 364 1934 «propter
387 1870 493 1914 earum
517 1857 738 1932 paupertatem,
764 1853 848 1915 etin
876 1853 993 1915 caeteris
1017 1852 1145 1915 casibus
1173 1856 1194 1914 h

205 1965 220 2000 u
239 1943 307 2021 jure
317 1939 616 2022 permissis,etiamsi
626 1940 712 2002 dictae
722 1941 858 2004 ecclesiae
867 1941 913 2002 vel
924 1940 1070 2002 beneficia
1080 1949 1194 2004 essent

205 2054 221 2090 u
242 2031 419 2110 generaliter
432 2030 478 2091 vel
493 2027 661 2109 specialiter
676 2035 841 2106 reservata,
857 2037 908 2092 aut
920 2030 1194 2113 qualitercumque

206 2119 389 2182 calfacta.»

241 2213 275 2272 ln
290 2210 424 2272 sessione
438 2209 509 2271 verd
523 2211 573 2282 rt,
589 2226 656 2289 cap.
675 2211 723 2287 13,
740 2208 783 2270 sic
797 2210 898 2272 statuit
915 2229 922 2270 :
943 2209 1116 2270 «Ecclesia,
1133 2229 1195 2292 pa·

205 2321 220 2356 o
241 2299 387 2362 rochiales
404 2297 592 2359 monasteriis
610 2296 854 2379 quibuscumque
875 2302 927 2360 aut
950 2297 1105 2376 tubanis,
1133 2317 1196 2364 seu

206 2386 459 2468 «Dignitatibus,
488 2385 550 2448 sive
575 2385 746 2466 praebcndis
769 2386 902 2449 ecclesiae
928 2385 1114 2448 Cathedralis
1143 2391 1195 2451 vel

206 2499 221 2533 o
241 2476 423 2557 collegiata,
440 2474 501 2537 sive
515 2473 581 2535 aliis
595 2473 750 2536 beneficiis
764 2475 971 2557 simplicibus,
986 2481 1038 2536 aut
1051 2473 1197 2558 hnqpi'u·

208 2563 321 2626 «libus
335 2563 485 2626 militiisve
500 2581 561 2624 non
577 2561 763 2626 uniantur.»
878 2601 879 2604 =
1043 2574 1047 2583 ’

242 2652 316 2714 Inde
329 2652 463 2715 Ferraris
476 2649 576 2730 (ibid,
593 2660 625 2711 n⁰
642 2651 690 2730 5t)
706 2651 860 2714 concludit
874 2651 956 2734 qudd
978 2671 1070 2714 onon
1085 2657 1198 2732 potest

207 2762 223 2800 u
242 2741 410 2823 Episcopus
430 2739 517 2802 unire
530 2739 687 2802 ecclesiam
704 2739 908 2822 parochialem
924 2742 1061 2822 Capitulo
1074 2743 1195 2807 Gathe-

208 2852 223 2888 «
243 2829 333 2892 dralis
348 2830 388 2892 ob
403 2829 580 2892 tenuitatem
593 2829 829 2892 canonicatuum
849 2835 881 2893 et
895 2829 935 2893 oh
953 2829 1194 2912 difficultatem,

208 2941 223 2978 o
243 2919 304 2982 sive
321 2917 593 3000 impossibilitatem
608 2917 697 2980 etiam
715 2918 840 2980 uniendi
855 2919 1003 2982 beneficia
1015 2917 1174 2999 simplicia
1194 2967 1201 2989 .

208 3031 223 3068 ι
244 3015 274 3071 et
287 3008 326 3071 ob
341 3009 372 3070 id
383 3007 466 3090 qudd
481 3025 543 3068 non
557 3007 663 3068 deceat
676 3025 783 3069 eorum
799 3027 960 3070 numerum
977 3009 1084 3082 nrinui,
1095 3007 1185 3086 juxt.

208 3121 223 3158 u
244 3103 377 3160 mentem
392 3097 519 3172 Concil,
536 3115 603 3176 cap.
621 3099 670 3172 t5,
686 3113 760 3158 sess.
776 3100 825 3171 at,
840 3098 883 3160 De
895 3098 1030 3180 Reform.
1043 3097 1091 3160 Sic
1103 3099 1193 3162 retes

156 3257 161 3264 ,
207 3208 224 3246 a
243 3192 316 3250 runt
328 3186 465 3249 decisum
482 3185 515 3246 in
533 3187 594 3247 und
617 3181 830 3262 Alexandrina,
844 3189 884 3248 30
902 3187 1109 3264 lldartis'lhllli
1130 3189 1173 3250 nt

208 3297 224 3336 s
243 3276 342 3340 don...
358 3282 388 3339 et
402 3274 608 3356 Ventriglia.»

243 3365 323 3439 lmd‚
345 3365 431 3444 juxta
446 3363 592 3425 Clement.
609 3361 803 3424 Vdecretum
826 3363 858 3425 in
882 3365 996 3428 concil.
1016 3367 1192 3430 Viennensi

208 3450 313 3530 latunr,
327 3453 409 3514 nulla
421 3452 547 3515 ccclesia
559 3449 639 3514 uniri
654 3458 750 3530 potest
764 3451 874 3516 Menace
885 3455 1047 3536 episcopali
1059 3465 1112 3517 out
1125 3459 1194 3542 ipsa

209 3539 359 3622 Capitale.
379 3541 495 3614 «Quod
517 3541 542 3604 si
565 3539 755 3620 Episcopus,
774 3543 820 3603 sui
835 3543 925 3604 etiarn
947 3545 1076 3626 Capituli
1095 3565 1194 3614 aece-

210 3629 334 3691 rdente
355 3647 520 3702 consensu,
546 3629 654 3692 Mensae
673 3647 733 3690 suae
746 3630 791 3692 vel
811 3631 870 3712 ipsi
885 3633 1027 3716 Capitale
1050 3636 1195 3718 aliquam

176 3783 178 3786 ,
206 3735 228 3776 ι
245 3716 364 3780 duxerit
385 3718 541 3779 ecclesiam
558 3718 739 3791 uniendam,
755 3718 815 3781 hoc
829 3722 947 3784 irritum
966 3741 1032 3786 esse
1046 3725 1196 3791 dererni-

1035 3839 1057 3876 4„
