2562 4224
176 329 178 334 ’
199 311 255 368 460
467 315 618 360 4444444444
638 313 721 360 roais
741 314 894 359 cauomcr.
920 284 925 288 ’

194 418 263 475 darn
289 411 513 476 conditionibus
535 429 612 493 quas
633 409 735 472 videre
752 415 798 472 est
815 427 865 492 ap
883 409 1040 474 lteiffenst.
1058 401 1165 492 (tint,

195 499 559 581 tit.9,.n¹·looetseq).
636 547 639 553 ,

238 611 254 649 a
273 589 356 651 Licet
367 588 467 651 clerici
483 587 605 669 propria
618 587 794 649 auctoritate
807 592 962 667 nequeant
974 586 1056 648 inter
1067 603 1103 649 ae
1116 587 1166 650 be-

199 677 343 740 rnelicia
376 696 430 740 sua
453 683 679 759 permutare..,
707 674 789 740 licite
823 674 1021 737 nibilominus
1047 685 1170 754 possunt

200 787 215 824 r
234 765 325 828 iidem
341 766 420 827 inter
434 783 466 826 se
482 771 609 826 tractare
625 769 656 825 et
668 762 831 824 convenire
845 762 883 824 de
896 763 1121 844 permutatione
1133 762 1171 824 fa·

201 876 216 914 u
236 853 362 931 cienda,
378 853 403 915 si
426 853 484 916 erit
500 869 657 914 accessura
680 852 841 914 auctoritas
859 851 1035 932 superioris.
1055 871 1071 910 4
1090 851 1169 930 (Reii

197 943 299 1014 least,
313 940 369 1017 ila,
383 950 416 1002 n·
431 941 515 1022 lot.)

128 1079 131 1085 .
238 1030 296 1091 Sed
311 1028 493 1091 renuntiatio
506 1027 582 1090 lacta
594 1028 626 1090 in
640 1028 773 1091 levorem
787 1027 864 1090 tertii
878 1075 887 1104 ,
902 1028 927 1090 si
939 1027 992 1090 liat
1005 1045 1078 1090 cum
1090 1034 1174 1110 pacto

200 1120 230 1182 iu
258 1135 366 1179 manus
388 1118 549 1198 Episcopi,
564 1123 625 1178 est
651 1117 833 1191 simoniaea;
856 1134 943 1179 secus
967 1117 992 1177 si
1016 1135 1079 1178 non
1102 1117 1173 1178 adsit

201 1211 322 1287 pactum
336 1211 366 1267 et
379 1205 454 1267 liber
465 1205 503 1268 sit
514 1204 681 1286 Episcopus
692 1251 700 1282 ,
713 1204 768 1266 etsi
781 1205 938 1285 resignans
951 1223 1043 1266 suum
1057 1205 1172 1267 deside·

202 1296 279 1356 rium
294 1293 376 1375 quod
390 1300 478 1356 certae
492 1311 628 1374 persona
642 1292 813 1355 conteratur
827 1293 1010 1355 beneficium
1025 1294 1175 1374 Episcopo

191 1383 380 1444 manifestet.
398 1385 443 1443 An
458 1389 577 1455 autern,
601 1383 821 1461 permutatione
835 1388 938 1462 postea
957 1381 1102 1444 effectum
1117 1400 1176 1444 non

203 1470 341 1546 habente,
353 1473 468 1552 possint
481 1477 687 1551 permutantes
701 1471 819 1550 propria
830 1469 1006 1532 auctoritate
1015 1471 1052 1532 ad
1061 1489 1117 1532 sua
1127 1471 1174 1532 be-

204 1559 310 1622 neficia
319 1559 428 1635 redire,
440 1559 680 1622 controvertitur.
692 1559 767 1620 Vide
783 1561 814 1621 S.
831 1559 967 1638 Liguor.,
980 1558 1031 1619 lib.
1048 1562 1079 1636 3,
1088 1563 1128 1621 ’49
1146 1559 1176 1620 in

204 1648 275 1712 fruc.
291 1648 527 1710 Controvertitur
540 1647 645 1719 etiarn,
660 1665 698 1708 an
713 1646 789 1708 iacta
802 1646 1004 1726 resignatione
1021 1647 1055 1708 in
1069 1666 1179 1710 manus

204 1736 344 1818 Episcopi
362 1754 431 1798 cum
446 1735 619 1799 conditione
639 1734 670 1796 in
686 1733 818 1797 favorem
837 1735 933 1809 tertii,
948 1735 1042 1815 possit
1058 1736 1178 1817 Episco

205 1842 262 1904 pus
288 1823 444 1886 admittere
472 1822 733 1904 resignationem,
759 1823 932 1886 conditione
958 1824 1080 1903 rejecta.
1104 1823 1179 1885 Vide

205 1915 236 1974 S.
253 1913 389 1990 Lignea,
404 1911 456 1974 lib.
471 1915 502 1988 3,
516 1916 566 1974 84.

246 2001 350 2060 Plures
368 2007 468 2064 autem
486 2007 557 2064 sunt
578 2019 667 2064 casus
684 2001 714 2062 in
733 1999 844 2082 quibus
860 2018 898 2062 ex
920 2000 983 2063 sold
1004 2003 1180 2063 auctoritate

207 2088 367 2169 Episcopi,
391 2089 555 2168 beneficia,
574 2091 680 2152 saltem
702 2088 904 2172 probabiliter,
924 2088 1032 2150 dimitti
1055 2098 1179 2170 possunt

206 2195 277 2240 curn
291 2177 482 2258 impositione
496 2178 652 2260 pensionis
665 2179 697 2239 in
710 2178 836 2259 gratiam
850 2177 1041 2258 resignantiS,
1057 2197 1179 2260 nempe,

206 2287 234 2329 v.
250 2285 295 2347 g.,
316 2284 353 2327 ne
370 2274 522 2328 ronraneat
540 2267 605 2328 sine
621 2265 771 2328 alimentis
788 2266 900 2347 quibus
917 2273 996 2346 eget,
1010 2265 1051 2327 ob
1066 2267 1180 2330 bonurn

208 2355 347 2438 pacis,ut
359 2355 394 2415 lis
408 2355 539 2431 liniatur,
556 2363 613 2432 etc.
630 2356 666 2417 V.
683 2357 714 2417 S.
730 2355 809 2436 big,
826 2354 876 2415 lib.
891 2357 921 2430 3,
933 2359 984 2431 44,
999 2357 1111 2432 78-80,
1122 2363 1176 2419 etc.

246 2447 315 2506 993.
329 2475 368 2490 -
382 2447 413 2504 30
427 2447 453 2504 Α
471 2443 601 2524 legitimo
615 2443 780 2526 superiore
793 2442 970 2524 acceptando
982 2450 1039 2519 est,
1055 2449 1089 2506 ut
1099 2463 1172 2507 cons

208 2536 251 2594 tat
263 2548 298 2592 ex
316 2550 384 2610 cap.
400 2530 438 2592 Si
451 2532 506 2612 qui
519 2533 600 2607 card,
621 2539 652 2594 et
667 2551 733 2614 cap.
756 2531 794 2594 st
811 2531 878 2613 pois
887 2531 1040 2614 presbyter
1053 2537 1082 2604 7,
1099 2553 1129 2616 q.
1142 2538 1154 2597 l
1169 2556 1179 2611 ;

204 2636 295 2682 ¹secus
307 2619 468 2699 resignatio
483 2637 543 2684 non
553 2629 596 2682 est
604 2621 786 2702 valida,cap.
800 2619 870 2683 Non
878 2628 1007 2702 oportet,
1023 2625 1055 2698 ’4,
1068 2641 1099 2702 q.
1109 2627 1122 2684 4
1128 2643 1137 2699 ;
1152 2630 1180 2685 ot
1263 2661 1264 2672 .

209 2707 251 2768 sic
273 2708 448 2768 renuntians
470 2714 568 2788 potest
589 2710 730 2792 compelli
755 2709 793 2770 ad
816 2710 1093 2771 reassumendum:
1113 2730 1176 2792 cap.

209 2794 352 2857 Admonet
364 2801 404 2872 4,
419 2795 463 2857 De
477 2800 662 2873 renuntiat.;
678 2797 749 2878 quia
764 2816 819 2877 por
839 2797 1075 2878 acceptationem
1093 2799 1176 2862 offici

154 2892 160 2899 “
209 2889 238 2944 et
251 2882 511 2946 confirmationem
533 2894 635 2948 ruanet
648 2887 718 2967 quis
732 2887 868 2948 ecclcsiae
882 2885 1030 2966 alligatus,
1046 2906 1116 2968 quae
1129 2888 1180 2950 de-

210 2973 385 3034 trimentum
401 2981 567 3054 pateretur,
586 2977 611 3036 si
629 2974 752 3038 cuilibet
765 2994 821 3058 pro
836 2975 935 3050 libitu,
952 2975 1093 3038 veniente
1112 2978 1182 3059 lupo

210 3067 259 3122 aut
277 3061 405 3122 instante
422 3062 632 3143 tribulatione,
646 3063 740 3126 instar
759 3064 955 3139 mercenarii,
979 3064 1082 3128 liceret
1100 3067 1181 3130 auiu-

210 3167 279 3230 gcre
293 3157 321 3212 ct
334 3150 461 3212 creditas
475 3151 530 3213 sibi
544 3170 616 3216 oves
628 3152 850 3234 derelinquere.

249 3238 377 3310 Quidem
390 3247 491 3302 tamen
505 3258 593 3303 casus
607 3247 678 3304 sunt
688 3241 874 3322 excipiendi;
890 3241 1050 3306 videlicet:

250 3331 280 3388 40
303 3329 333 3389 S.
350 3328 485 3391 Pontifex
500 3329 634 3410 eoquod
652 3348 714 3392 non
731 3330 840 3394 babeat
852 3332 1040 3412 superiorem
1055 3331 1181 3416 (capt

210 3414 254 3476 De
267 3425 385 3477 renunt.
391 3419 446 3496 ,in
461 3419 519 3496 6⁰;)

249 3507 281 3563 90
301 3507 357 3576 Qui
371 3513 413 3567 est
436 3505 560 3605 quidem
579 3507 691 3569 electus
711 3507 755 3569 vel
772 3507 963 3588 nominatus,
978 3508 1032 3572 sed
1046 3510 1183 3572 nondum

210 3599 252 3650 est
267 3593 472 3669 confirmatus,
486 3594 557 3674 quia
572 3595 709 3658 nondum
723 3602 768 3658 est
781 3596 909 3674 ligatus3

227 3766 232 3775 Ι
250 3680 358 3824 30119444
370 3682 522 3778 renuntiat
537 3681 684 3750 benelicio
696 3688 765 3751 verb
780 3685 954 3766 litigiosam
967 3683 1182 3749 lacoremalto

212 3783 271 3826 nus
296 3777 444 3846 trigonus,
