2526 4210
199 206 259 262 all
477 213 630 258 assurum
652 215 734 261 runis
754 201 902 260 canorum.

243 320 272 375 l·
294 311 437 385 Parocbi,
454 319 486 374 ul
497 313 560 392 ¹jam
574 313 706 376 diximus
721 313 818 396 (all),
835 319 905 376 sunt
919 313 1037 374 tantbm
1053 314 1175 380 institu-

200 402 291 464 tionis
301 401 520 475 ecclesiasticae,
533 420 589 463 neo
599 409 668 464 ante
678 411 820 484 quartum
831 401 974 462 saeculum
987 401 1175 469 exstiterunt.

201 493 281 570 Ergo
304 490 372 569 jure
394 487 495 550 divino
524 507 585 551 non
613 489 725 554 habent
751 509 857 554 curam
884 489 1095 556 immediatam
1120 494 1177 556 ani·

201 596 334 641 marum.

241 668 273 728 2⁶
298 668 420 728 Constat
440 666 663 732 confessionam
684 669 834 752 Episcopo
859 667 908 730 uel
930 665 1024 748 ipsius
1043 667 1178 750 delegato

200 754 329 833 saetam,
345 754 437 816 invito
454 754 522 816 licet
535 758 686 837 parocho,
701 775 767 820 esse
780 755 927 829 validam,
943 754 1034 816 eliam
1051 756 1178 819 Pascha·
1254 825 1255 828 Ἴ

201 843 240 905 tis
252 849 409 925 tempore3
425 843 477 905 sod
500 843 558 908 hoc
577 846 722 930 supponit
740 843 944 908 immediatam
959 861 1026 904 esse
1040 844 1177 928 Episcopi

202 932 451 996 iurisdictionem.
466 935 558 1013 Ergo,
574 941 633 997 eto.

241 1023 276 1081 In
296 1019 447 1082 clement:
464 1021 603 1096 Dudum,
624 1023 738 1085 Concil.
759 1020 941 1083 Viennensis
958 1019 1098 1084 dicitur:
1120 1025 1178 1084 aln

207 1132 222 1166 ιι
242 1106 385 1170 Ecclesiis
398 1107 631 1188 parochialibus,
642 1110 747 1173 iratres
758 1107 991 1190 (mendicantes)
1010 1110 1179 1172 nullatenus

205 1221 221 1252 ιι
242 1195 373 1258 audeant
384 1195 548 1276 praedicare
563 1197 620 1260 nisi
635 1201 651 1260 b
666 1197 875 1280 paroecialibus
889 1196 1100 1260 sacerdotibus
1114 1199 1180 1259 invi·
1255 1199 1256 1210 ¹

207 1307 222 1342 ιι
243 1284 312 1361 lati,
329 1291 358 1345 el
371 1284 408 1345 de
419 1302 525 1346 eorum
537 1285 776 1368 beneplacito...,
793 1285 849 1348 nisi
865 1285 1035 1365 Episcopus
1045 1287 1092 1348 vel
1103 1287 1179 1349 Prae·

205 1396 222 1432 ι
241 1372 321 1434 latus
335 1373 471 1452 superior
482 1393 534 1454 per
549 1375 672 1436 eosdem
684 1374 790 1436 iratres
804 1373 958 1455 praedicari
975 1375 1147 1437 mandaret.
1162 1397 1174 1431 ι

242 1465 275 1524 3ο
295 1463 330 1523 In
352 1461 486 1524 Comitiis
512 1462 589 1525 Cleri
615 1464 781 1540 Gallicani,
809 1480 890 1524 anno
920 1465 1010 1539 lodo,
1036 1470 1189 1526 statutum·

204 1551 278 1614 luit:

247 1662 263 1700 ιι
283 1640 482 1702 L'assembloc
496 1659 513 1702 a
528 1641 628 1704 rosolu
641 1641 679 1704 de
697 1639 771 1703 loire
786 1639 946 1729 enseigner
959 1657 1021 1701 anx
1037 1639 1178 1705 fidblcs...

207 1753 222 1786 ιι
244 1747 304 1810 que
319 1730 384 1791 leur
395 1729 561 1810 principale
573 1729 708 1792 fonction
723 1728 789 1808 (des
800 1727 952 1809 Eaeques)
963 1729 1046 1789 olant
1057 1729 1133 1790 celle
1145 1729 1180 1788 de

208 1842 222 1872 ιι
244 1816 371 1896 procher
387 1817 415 1878 la
432 1818 533 1898 parole
548 1817 585 1880 de
599 1819 697 1893 Dieu,
714 1818 750 1880 ils
759 1817 786 1879 le
799 1825 930 1898 pensent
944 1816 1020 1878 faire
1032 1819 1136 1897 quand
1149 1819 1181 1878 ils

207 1927 222 1960 ιι
244 1905 381 1976 veulent‚
397 1912 427 1966 et
440 1906 631 1969 administren
648 1907 692 1969 les
710 1914 911 1981 sacremenm,
925 1907 1028 1966 mome
1041 1905 1082 1968 de
1094 1907 1180 1988 poni·
1257 1979 1258 1982 Ἴ

209 2016 223 2047 ιι
244 1998 348 2069 tenca,
362 2001 390 2054 et
406 1994 540 2055 cole'brer
558 1995 601 2057 les
615 1995 764 2077 mariages
779 1995 855 2056 dans
869 1999 968 2056 toules
981 1993 1025 2054 les
1036 1994 1182 2073 paroisses
1257 1991 1258 1994 ’

208 2105 223 2137 ιι
245 2087 275 2144 et
291 2081 400 2163 dglisos
423 2082 461 2144 de
485 2082 565 2144 leurs
585 2082 739 2160 dioceses,
759 2084 817 2145 soit
832 2101 884 2164 par
898 2083 1110 2160 eux-memes,
1131 2083 1183 2146 soit

210 2195 223 2226 ιι
246 2189 299 2252 par·
324 2189 401 2234 ceux
419 2171 509 2253 qu’ils
531 2171 696 2234 choisiront
714 2179 743 2234 et
759 2173 848 2253 qu’ils
867 2179 1085 2234 commeltront
1108 2192 1183 2254 pour

209 2283 224 2314 «
243 2278 293 2322 ces
311 2259 480 2338 fonctions,
501 2261 601 2322 mdme
622 2279 692 2322 sans
713 2260 740 2322 le
760 2267 990 2323 consentemenl
1006 2259 1062 2322 des
1076 2262 1182 2338 eures,

209 2375 222 2402 ιι
245 2349 394 2429 lorsqn’ils
416 2349 444 2410 le
463 2351 604 2430 jugarent
624 2348 808 2411 convenable
828 2355 859 2410 et
878 2348 950 2410 utile
972 2366 1011 2410 au
1034 2349 1115 2411 salut
1132 2350 1183 2412 des

209 2464 222 2494 ιι
246 2439 347 2514 ames,
363 2455 483 2499 comme
497 2445 589 2518 ayant
605 2437 672 2517 plus
690 2437 728 2498 de
744 2437 869 2517 pouroir
889 2443 917 2497 et
931 2435 1094 2500 d'autorite'
1108 2437 1183 2499 dans

210 2551 225 2584 ιι
246 2527 289 2588 les
302 2526 449 2605 paroisses
462 2543 522 2606 que
536 2525 579 2587 les
592 2525 681 2588 oure's
695 2529 806 2589 meme.
820 2546 836 2584 u
855 2525 1013 2587 Me'moires
1025 2524 1069 2586 du
1078 2525 1181 2608 clcrpe',

246 2702 350 2764 Plures
364 2701 584 2783 propositiones
597 2709 746 2784 excerptae
760 2704 778 2765 d
791 2702 914 2784 praelato
928 2701 1006 2764 libro
1018 2722 1027 2764 τ
1038 2705 1182 2768 Pouooirs

208 2792 244 2854 da
259 2790 392 2873 premier
405 2799 432 2852 et
445 2789 485 2852 do
499 2791 602 2853 second
614 2791 718 2862 ordre,
737 2792 888 2853 damnatae
905 2790 1061 2854 luerunta
1077 2794 1182 2858 Facul-

207 2887 266 2941 lale
284 2878 460 2951 prusiensi,
479 2897 561 2942 anno
581 2884 658 2943 1735
673 2927 681 2957 ‚
698 2897 827 2960 quarum
844 2883 903 2970 '34¹
916 2881 960 2942 sic
978 2880 1094 2943 habet:
1116 2884 1183 2944 «Le

212 2967 367 3032 aconcile
378 2967 416 3029 de
430 2971 540 3031 Trerrte
553 2968 602 3030 n'a
617 2987 670 3048 pas
683 2967 728 3029 dit
741 2986 801 3048 que
814 2969 957 3049 l’llvoque
975 2970 1054 3030 avait
1068 2970 1136 3051 plus
1148 2969 1183 3032 de

212 3083 226 3116 ιι
248 3062 405 3139 puisscnce
424 3075 503 3138 pour
522 3056 784 3118 l’administration
803 3057 857 3120 des
877 3066 1063 3119 sacrements
1077 3076 1138 3138 que
1158 3059 1180 3120 le

213 3171 226 3206 ιι
248 3147 321 3210 curo
334 3147 444 3209 meme.
459 3167 475 3206 a
491 3177 530 3193 -
548 3147 651 3206 nllaec
666 3145 843 3225 propositio,
858 3145 959 3226 inquit
973 3146 1125 3221 Facultas,
1142 3148 1179 3211 eal

213 3259 227 3294 ιι
247 3235 336 3316 salso,
346 3231 383 3295 de
388 3233 511 3315 juribus
524 3233 741 3314 Episcoporum
754 3231 926 3304 detrahens,
940 3239 970 3295 et
984 3233 1137 3296 intellecta
1149 3252 1184 3296 eo

213 3348 227 3381 ιι
249 3342 340 3386 sensu
354 3321 436 3403 quod
449 3321 614 3403 Episcopus
629 3339 684 3402 per
695 3339 727 3382 se
740 3339 802 3382 non
819 3321 912 3402 possit
926 3322 1032 3384 munia
1041 3321 1186 3404 parocho

214 3435 228 3470 a
251 3429 318 3474 rum
330 3411 362 3472 in
376 3410 509 3491 qualibet
522 3408 663 3490 parocbia
676 3409 730 3472 sibi
746 3409 866 3472 subdito
880 3427 1033 3488 exercere,
1047 3419 1089 3473 est
1098 3411 1186 3475 licere

214 3510 346 3563 ritca.»

250 3591 283 3647 ln
306 3586 513 3667 probationem
540 3592 641 3667 posset
669 3587 759 3649 etiam
787 3586 909 3670 allegari
933 3587 1048 3651 Concil.
1076 3587 1183 3666 mid,
1258 3667 1259 3674 ἵ

211 3693 282 3736 sess.
299 3679 337 3733 al
352 3721 357 3740 .
375 3694 401 3735 o.
420 3681 446 3744 l,
469 3675 508 3738 De
521 3675 660 3754 reform„
676 3675 874 3740 ubidicitur:
895 3698 909 3735 r
925 3678 980 3748 Oui
993 3679 1078 3740 aliter
1092 3679 1185 3760 quim
