2616 4228
487 273 577 316 utrm·
600 274 785 318 anamulata.
1084 273 1121 324 tr

190 391 205 425 a
228 370 417 433 Gubernium
433 369 614 447 Reipublicae
624 368 812 445 recognoscit
822 369 1008 448 Religionem
1020 373 1120 436 Catho

149 479 165 515 a
187 458 279 519 licam
297 506 305 533 ,
325 459 551 538 apostolicam,
575 459 765 532 Romanam,
783 475 849 516 cam
865 477 930 517 esse
945 460 1122 539 religionem

148 569 164 604 a
185 565 280 627 quam
295 548 384 627 longe
400 547 530 607 maxima
548 565 617 627 pars
630 545 741 607 civium
763 545 926 607 Gallicanas
939 549 1121 629 Reipublicae

150 657 166 693 u
188 635 359 714 profitetur.

191 754 207 790 a
228 735 259 794 S.
278 734 414 795 Pontifex
435 735 498 814 pari
519 732 610 796 modo
628 732 815 812 recognoscit
834 733 972 794 eamdem
989 736 1120 814 Religio·

146 843 164 879 a
186 840 279 896 nem,
306 825 468 883 maximam
487 823 645 884 utilitatem
661 821 889 902 maximumque
904 821 997 884 decus
1017 842 1121 903 perce·

146 932 164 967 a
185 907 283 989 pisse,
307 918 337 972 et
352 911 408 972 lmc
428 929 551 992 quoque
574 910 737 991 praestolari
758 929 795 971 ex
816 910 962 972 catholico
982 911 1068 973 cultu
1089 913 1120 974 in

145 1019 162 1055 a
184 998 279 1058 Gallia
294 1000 470 1073 constituto,
489 1018 544 1060 nec
559 1018 621 1060 nou
635 1017 673 1060 ex
684 998 826 1081 peculiari
841 1000 907 1078 ejus
921 998 1118 1078 professione.

144 1108 162 1143 <r
186 1105 280 1166 qnam
295 1086 406 1148 faciunt
420 1088 603 1168 Reipublicae
617 1088 772 1148 Consules.

188 1207 205 1243 a
226 1187 298 1247 Haec
312 1187 383 1247 cirm
398 1187 437 1247 ita
451 1188 524 1259 sint,
541 1192 631 1266 atque
645 1185 786 1264 utrinque
800 1185 969 1266 recognita,
985 1185 1023 1247 ad
1037 1186 1120 1248 Reli·

147 1297 162 1330 «
183 1273 1118 1356 gionisbonum,internaequetranquillitatisconservationem,

148 1388 162 1418 c
182 1381 301 1444 eaquae
316 1371 486 1444 sequuntur
498 1365 575 1426 inter
590 1365 670 1445 ipsos
684 1371 831 1425 conventa
845 1370 916 1424 sunt
931 1382 940 1424 ε

186 1479 204 1516 a
225 1460 289 1519 Art.
308 1463 336 1520 l.
354 1459 469 1539 Religio
483 1460 650 1533 catholica,
667 1459 854 1540 apostolica,
870 1462 1015 1536 Romana,
1028 1460 1123 1522 tibere

144 1569 159 1604 «
182 1545 215 1606 in
232 1546 326 1607 Gallia
340 1547 537 1609 exercebitur.
553 1548 658 1610 Cultus
671 1547 810 1628 publicus
822 1550 892 1620 erit,
908 1547 1008 1608 habita
1020 1555 1122 1608 tantan

143 1659 159 1693 a
182 1637 300 1696 ratione
315 1637 540 1698 ordinationum
555 1635 655 1717 quoad
673 1635 823 1715 politiam,
839 1653 914 1713 quas
932 1635 1119 1696 Gubernium

140 1750 155 1778 a
180 1742 239 1805 pro
253 1723 373 1804 publica
386 1725 599 1805 tranquillitate
612 1723 796 1786 necessarias
809 1723 999 1784 existimabit.

185 1843 203 1880 u
224 1823 289 1884 Art.
301 1827 330 1883 2.
344 1825 391 1883 db
401 1823 572 1903 Apostolictt
583 1822 670 1900 Sede,
680 1821 794 1884 collatis
804 1840 873 1883 cum
885 1822 997 1884 Gallico
1008 1823 1119 1884 Guber-

144 1933 159 2058 ἶ
182 1911 403 2062 pcipstppppplriis
426 1913 509 1974 novis
524 1911 636 1975 linibus
650 1911 813 1974 Galliarum
826 1911 972 1974 dioeceses
985 1912 1118 1973 circum-

184 2119 202 2157 α
223 2101 288 2160 Art.
303 2102 333 2162 3.
351 2101 381 2161 S.
399 2099 534 2161 Pontifex
548 2100 718 2163 titularibus
732 2100 951 2163 Gallicanarum
966 2099 1119 2161 &elesta-

143 2210 157 2246 ι
177 2206 250 2249 rum
265 2188 421 2269 Episcopis
441 2189 623 2268 significabit
640 2207 672 2252 se
691 2189 799 2265 abiis,
822 2208 877 2270 pro
898 2189 980 2249 bono
995 2188 1076 2268 pacis
1090 2195 1119 2248 et

141 2299 157 2335 c
180 2277 318 2352 unitatis,
333 2278 436 2338 omnia
446 2278 591 2340 sacrificia
601 2277 689 2340 firma
701 2277 811 2339 fiducia
824 2284 995 2357 expectare,
1008 2293 1044 2336 eo
1056 2294 1121 2336 non

140 2388 157 2426 a
178 2372 307 2446 excepto
316 2367 398 2446 qubd
413 2367 491 2447 ipsas
501 2385 570 2429 suas
581 2367 765 2448 episcopales
775 2367 861 2428 sedes
871 2367 1034 2445 resignent.

185 2471 287 2531 alltc
308 2469 476 2531 hortatione
502 2469 671 2550 praemisst,
701 2471 725 2532 si
748 2470 821 2531 huic
832 2468 1006 2546 sacrificio,
1035 2471 1118 2550 quod

141 2582 156 2620 ι
178 2559 323 2622 Ecclesiae
338 2559 451 2621 bonum
466 2560 569 2639 exigit,
585 2577 713 2623 renuere
731 2559 787 2641 ipsi
804 2559 913 2620 vellent
927 2557 1003 2636 (fieri
1018 2558 1049 2619 id
1062 2577 1116 2621 au·

143 2671 157 2708 a
179 2655 243 2711 tem
267 2666 355 2730 posse
368 2650 399 2710 S.
423 2649 560 2710 Pontifex
575 2666 630 2710 suo
649 2667 711 2710 non
725 2655 844 2730 reputat
861 2649 989 2726 animo),
1005 2648 1116 2728 guber-

140 2737 297 2799 «nationi
320 2737 541 2798 Gallicanarum
564 2737 768 2800 Ecclesiarum
794 2755 879 2798 novae
902 2737 1116 2817 circumscrip-
1190 2785 1192 2790 .

138 2850 155 2888 a
178 2826 270 2888 tionis
283 2825 321 2887 de
336 2827 421 2888 noris
441 2824 609 2887 titularibus
624 2825 845 2907 providebitur,
861 2844 898 2888 co
912 2827 965 2906 qui
980 2826 1117 2907 sequitur

137 2937 155 2976 r
178 2915 282 2978 modo.

181 3039 198 3078 a
219 3019 283 3080 Art.
306 3021 337 3080 tl.
360 3018 473 3080 Consul
494 3018 614 3080 Primus
635 3017 796 3081 Gallicanae
816 3017 1018 3099 Reipublicae,
1038 3021 1115 3084 intra

137 3131 154 3168 a
174 3114 238 3168 tres
251 3124 371 3169 menses
385 3109 437 3187 qui
452 3107 727 3188 promulgationem
741 3109 967 3170 constitutionis
982 3111 1114 3189 Aposto-

137 3219 154 3256 α
176 3196 244 3258 licae
262 3205 503 3276 consequentur,
528 3196 775 3277 archiepiscopos
798 3203 828 3257 et
848 3197 1012 3276 Episcopos
1030 3216 1115 3262 norae

137 3309 152 3345 r
176 3285 467 3366 circumscriptionis
488 3285 668 3347 dioecesibus
693 3285 900 3365 praeficiendos
925 3286 1094 3348 nominabit
1102 3309 1113 3364 ;

137 3395 155 3434 a
177 3375 209 3437 S.
227 3373 363 3436 Pontifex
378 3374 595 3435 institutionem
607 3375 785 3436 canonicam
799 3374 880 3434 dabit
891 3373 974 3454 juxta
990 3375 1113 3456 formas,

137 3484 154 3524 c
176 3463 299 3525 relative
313 3462 352 3524 ad
367 3463 493 3540 Gallias,
508 3469 577 3524 ante
591 3463 747 3544 regiminis
764 3465 1034 3526 commutationem
1051 3475 1113 3528 sta-

143 3573 157 3612 ι
178 3557 269 3614 tutas.

181 3681 198 3719 u
220 3660 284 3720 Art.
295 3662 326 3721 5.
341 3661 416 3720 Item
428 3658 540 3720 Consul
553 3659 672 3722 Primus
683 3660 721 3721 ad
732 3660 924 3742 Episcopales
937 3662 1113 3740 Sadasara

141 3747 209 3812 tin
236 3755 393 3828 posterum
418 3748 608 3820 vacaverint,
631 3766 725 3811 novos
747 3751 855 3812 Antisti
923 3751 1111 3814 nominabit.
