2616 4228
202 246 244 300 aa
473 247 619 292 scansam
641 246 723 290 torris
743 243 890 288 canumet.

199 355 315 416 siarum
332 365 513 412 consensum
536 345 766 424 denegaverint,
783 362 881 422 ¹quem
904 343 942 402 de
968 341 1046 408 lucto
1069 345 1174 405 revera

195 440 427 518 denegaverunt
439 436 569 515 primlun
580 436 629 506 36,
645 432 697 492 sed
712 430 833 502 tandem
847 436 866 492 l
881 430 999 492 tantlrrn
1009 428 1182 510 Episcopis,

197 533 333 608 qnorum
361 523 549 604 oppositione
579 539 639 582 non
672 519 829 594 obstante,
856 519 955 598 reipsa
983 525 1086 580 lamen
1113 518 1175 580 vim

200 613 307 674 lralruit
328 611 591 690 circumscriptiotr
610 611 641 670 S.
660 607 738 680 Sede
750 607 887 680 decreta,
905 607 942 666 itit
958 606 1052 685 utqui
1069 606 1175 674 noluc-

206 708 275 762 runt
284 700 310 762 ei
321 701 511 778 acquiescere
523 697 613 758 habiti
625 695 733 758 luerint
744 695 935 770 schismatici,
947 693 1042 756 etsub
1052 695 1178 762 nomine
1288 717 1289 722 ¹

202 788 346 852 Parvula
358 787 500 850 Ecclesiae
515 786 675 866 reprobati.
692 787 787 864 Ergo,
803 792 860 844 etc.

245 889 296 946 25.
318 886 527 945 Coaomanruu
542 883 565 942 l.
587 913 624 926 -
644 881 729 958 Erpa
740 887 851 960 potest,
872 879 900 940 si
919 879 1009 954 uelit,
1029 880 1179 941 Romanus

207 971 351 1052 Pontifex
371 969 483 1050 lepidus
498 969 558 1030 suis
576 968 722 1030 uniuersos
743 968 838 1048 lipare
852 967 944 1048 adque
963 969 1178 1048 Episcoporum

202 1060 411 1142 acceptatione.
426 1059 477 1118 Est
492 1064 595 1118 contra
608 1057 791 1118 Febronium
803 1103 810 1133 ,
823 1057 1028 1128 Quesnellium
1043 1063 1072 1118 ct
1085 1073 1178 1136 quos-

204 1148 277 1210 dcm
292 1147 465 1227 gallicanos.

250 1244 396 1304 Probatur
426 1241 530 1302 iisdem
559 1241 764 1302 monumentis
792 1258 827 1302 aa
849 1243 1019 1322 superiores
1041 1243 1179 1324 proposi·

204 1337 316 1394 tiones.
333 1330 451 1392 Etenim
467 1329 590 1409 quaudo
602 1329 735 1391 Christus
749 1329 830 1390 dedit
849 1331 936 1390 Petro
952 1331 1063 1409 ligandi
1080 1337 1179 1411 potes·

205 1427 317 1495 tatem,
340 1437 401 1480 non
419 1436 487 1479 eam
505 1417 587 1480 dedit
605 1418 662 1480 sub
675 1417 848 1480 conditione
867 1419 948 1498 qudd
972 1421 1178 1480 consentirent

128 1583 131 1590 Ι
204 1507 309 1568 caeteri
326 1507 470 1587 Apostoli.

250 1593 371 1666 Probari
387 1613 484 1684 potest
497 1606 652 1688 speciatim
662 1623 698 1666 ex
707 1604 840 1666 Concilio
853 1606 914 1664 Vlll
926 1605 1132 1682 (eromenion,
1148 1605 1180 1666 in

207 1711 273 1773 ouo
281 1700 325 1754 est
339 1691 484 1772 professio
497 1693 566 1754 fidei
581 1711 738 1774 perquam
754 1692 932 1774 reprobandi
953 1692 1181 1755 declarabantur

213 1780 287 1842 Sedr'
305 1779 483 1859 Apostolicoe
502 1799 558 1840 oon
578 1781 782 1841 consentientes
799 1799 806 1839 :
825 1780 877 1842 sed
893 1782 1031 1861 Episcopi
1047 1782 1100 1862 (rui
1119 1800 1180 1843 non

205 1873 402 1948 acceptarent
416 1867 497 1946 leges
511 1869 690 1948 pontificias,
701 1887 773 1930 casu
784 1887 845 1948 quo
855 1875 974 1948 urgeret
988 1872 1018 1930 S.
1033 1870 1180 1950 Pontifex,

210 1973 275 2017 non
290 1961 391 2026 essent
404 1957 627 2018 consentientes
642 1957 711 2017 Sedi
728 1959 917 2037 Apostolieac.
932 1959 1025 2038 Ergo,
1042 1965 1100 2021 etc.

254 2055 399 2115 Praeterea
415 2053 521 2115 eadem
531 2054 670 2135 synodus
681 2055 800 2134 agnovit
811 2053 1182 2138 Papaeexclnsivdcompe-

208 2147 276 2204 »lere
287 2141 338 2221 jus
351 2141 544 2222 dispensandi
557 2143 635 2203 circa
647 2161 780 2204 canones
797 2161 804 2203 :
820 2143 871 2203 sed
886 2144 910 2204 si
931 2145 1086 2224 Episcopis
1105 2153 1183 2208 esset

215 2227 329 2290 licitum
345 2229 426 2308 leges
439 2230 652 2290 ecclesiasticas
666 2231 781 2310 lntegrt
796 2231 937 2311 rejicere,
961 2236 977 2290 a
998 2232 1109 2294 fortiori
1126 2235 1183 2298 ittts

209 2320 453 2398 competeretjus
468 2318 531 2380 illas
542 2320 661 2380 nonnisi
673 2339 709 2379 ex
721 2329 802 2396 parte
813 2321 991 2400 accipiendi,
1005 2339 1075 2383 cum
1090 2323 1181 2386 lacul-

224 2413 274 2466 ate
288 2407 395 2468 abillis
411 2408 562 2468 relaxandi
580 2426 632 2488 per
646 2407 911 2488 dispensationem.
929 2412 1019 2489 Ergo,
1035 2419 1093 2474 eto.

255 2504 412 2574 Quomodo
432 2505 555 2565 tandem
575 2507 773 2584 explicaretur
789 2507 947 2586 plenitudo
966 2510 1183 2588 Jurisdiotionis

216 2592 246 2666 S.
264 2591 417 2652 Pontilicis
432 2593 461 2651 in
478 2594 677 2654 universalem
693 2593 879 2672 Ecclesiam,
904 2597 928 2657 si
954 2616 1006 2678 pter
1020 2617 1089 2660 suas
1104 2599 1183 2682 leges

212 2697 277 2740 non
287 2687 385 2758 posset
399 2679 532 2760 obligare
543 2681 599 2741 nisi
611 2689 675 2762 post
687 2683 920 2762 acceptationem
936 2704 1039 2746 earum
1050 2688 1182 2768 abEpis-

210 2768 324 2847 copis?

256 2863 385 2942 oojteies
401 2884 408 2924 :
425 2865 537 2927 Saltem
556 2867 612 2928 sub
628 2867 720 2929 tinent
734 2871 834 2932 saeculi
850 2873 959 2934 decimi
976 2877 1071 2956 quarti
1087 2877 1182 2938 intro·

210 2952 324 3014 ductus
338 2959 382 3014 est
396 2971 478 3028 mos,
488 2955 567 3034 apud
582 2957 697 3036 aliquas
712 2967 825 3038 gentos,
839 2969 870 3022 ut
886 2963 1091 3024 Romanorum
1108 2965 1184 3026 l‘on-

209 3041 331 3101 tilicum
359 3043 588 3104 constitutiones
609 3063 672 3105 non
698 3050 767 3107 ante
787 3049 844 3108 rim
867 3049 1018 3130 obligandi
1040 3051 1183 3116 haberent

214 3131 308 3210 ·t‚'udtrr
321 3129 358 3190 dc
373 3130 429 3191 illis
442 3131 580 3212 Episcopi
596 3143 822 3212 cognoscerent.

256 3237 345 3316 Resp.
361 3237 412 3298 llle
428 3255 493 3297 mos
507 3239 655 3300 introduci
679 3243 770 3322 coepit
790 3249 924 3324 tempore
945 3248 1066 3328 majoris
1089 3249 1182 3312 soliis·

208 3325 316 3396 matis,
332 3323 408 3387 sacto
424 3326 579 3405 ipsiusmet
590 3327 701 3389 Urbani
713 3332 761 3405 Vl,
778 3334 829 3412 qui
841 3333 883 3394 sic
895 3335 987 3396 uoluit
997 3337 1143 3416 impedire
1153 3340 1181 3400 in

167 3483 171 3491 Ι
216 3411 399 3484 quibusnam
416 3415 488 3476 locis
502 3434 563 3478 snat
577 3417 770 3494 obedientiae,
791 3423 1000 3485 executionem
1018 3425 1181 3508 litterarum

214 3515 342 3561 suorum
356 3504 587 3582 competitorum
601 3525 608 3565 :
620 3505 685 3568 haec
699 3509 853 3570 concessio
865 3518 965 3590 postea
979 3511 1033 3574 luit
1049 3523 1181 3578 revocata

214 3591 230 3650 d
243 3588 454 3663 BonilaciolX3
465 3611 555 3672 quam
566 3597 787 3658 revocationem
796 3600 983 3662 conllrmarit
993 3604 1138 3666 Martinus
1147 3607 1179 3666 V.

215 3676 359 3737 Attamen
374 3679 541 3740 lllorandcr
553 3683 591 3741 Vl
605 3685 751 3744 concessit
768 3687 957 3749 Fordinando
972 3692 996 3748 V
1011 3698 1041 3751 et
1054 3692 1184 3754 lsabellae
