2548 4216
454 342 541 387 arnan
562 345 679 390 antuus.
996 329 1053 386 367

122 445 186 506 504.
212 442 335 514 Quaerit.
358 444 389 503 6ο
414 442 460 501 An
481 443 498 504 a
518 441 641 505 decreto
664 443 823 526 Episcopi,
847 441 1053 520 coadjutorem

85 533 209 616 parocho
223 529 402 611 imponenti
418 529 507 592 liceat
522 532 697 610 appellaret

121 632 206 709 Resp.
223 629 298 690 Cum
314 627 505 688 distinctione
523 646 529 686 :
549 631 578 688 l⁰
594 632 617 688 Α
637 629 758 691 decreto
777 629 982 707 coadjutorem
1000 651 1053 712 pa-

84 717 171 780 rocho
181 715 346 797 imponenti
358 715 397 775 ob
409 733 531 777 causam
541 717 722 778 infirmitatis
736 719 827 778 animi
845 727 896 778 aut
908 720 1052 800 corporis,

84 807 150 869 licet
163 805 313 886 appellare
328 803 419 865 etiam
435 803 472 864 ad
487 803 628 866 effectum
644 806 868 888 suspensivum,
886 809 956 887 quia
973 807 1054 869 nulla

83 894 139 971 lex,
155 893 184 954 in
198 894 249 954 tali
264 912 353 964 casu,
369 892 464 973 privat
480 889 629 956 heneticio
644 894 817 974 hujusmodi
832 897 1051 976 appellationis

81 1018 121 1030 -
133 986 164 1044 2⁰
179 983 203 1042 A
218 981 337 1056 decreto
355 981 522 1062 imponenti
541 983 671 1062 parocho
687 984 892 1062 coadjutorem
907 986 946 1046 oh
962 987 1053 1065 impa-

82 1071 163 1134 ritr‘oe
174 1089 305 1143 causam,
322 1070 391 1132 licet
401 1068 525 1150 quidem
535 1073 625 1133 ctiam
637 1073 799 1153 appellare,
816 1073 867 1134 sed
879 1074 914 1134 ad
930 1073 1054 1136 devolu-

81 1162 175 1222 tirum
198 1160 339 1221 eflectum
360 1158 516 1231 duntaxat,
533 1162 604 1241 quia
620 1179 673 1241 per
695 1162 860 1223 clausulam
880 1167 941 1243 qua
961 1162 1054 1224 utitur

80 1248 219 1328 Synodus
232 1247 406 1309 Tridentino
419 1247 485 1310 loco
499 1268 589 1330 supra
602 1251 711 1324 citato,
728 1251 904 1332 quacumque
918 1251 1054 1332 appella-

79 1338 308 1410 hosammont,
332 1336 466 1399 aufertur
486 1338 645 1420 appellatio
669 1341 700 1400 in
725 1343 900 1420 suspensivo
923 1343 1052 1414 tantiam,

79 1445 142 1488 non
158 1426 228 1487 rerd
242 1427 272 1486 in
287 1424 467 1504 devotatio,
483 1432 517 1488 ut
530 1445 637 1488 omnes
651 1428 833 1489 concedunt.

120 1527 189 1586 505.
207 1523 328 1594 Quaerit.
342 1528 373 1584 7⁰
389 1521 466 1594 Quid
482 1524 575 1603 possit
589 1529 619 1584 et
633 1523 670 1584 ad
690 1524 762 1605 quid
777 1531 916 1586 teneatur
930 1521 1052 1606 parochi

77 1613 259 1692 coadjutor?
275 1611 400 1674 -Vide
414 1617 552 1672 nostrum
567 1612 718 1689 Manuale,
736 1621 769 1672 n⁰
785 1615 872 1675 1342.

520 1780 535 1862 5
563 1783 630 1844 lV.·

224 1905 268 1968 De
283 1905 484 1989 parochorum
499 1905 623 1986 juribus
642 1916 670 1969 at
688 1908 907 1990 praerogativis.

97 2083 119 2139 i.
132 2113 168 2124 -
181 2078 221 2138 DE
239 2092 307 2137 Jllllss
326 2093 509 2137 rtaocttoauu
528 2094 680 2138 NOllllNhNDl
700 2095 733 2135 ΕΤ
753 2094 893 2137 auovuttut
911 2093 1037 2136 VlCARlOS

392 2175 443 2217 SEU
463 2173 654 2218 ceanturoass
674 2173 752 2216 SUOS.

119 2301 192 2362 506.
215 2297 271 2359 llic
293 2301 398 2376 agetur
421 2297 458 2357 de
477 2295 609 2372 vicariis,
634 2296 686 2376 qui
708 2295 889 2376 deputantur
910 2296 948 2357 ad
968 2297 1055 2360 auxi·

75 2387 217 2450 liandurn
233 2385 380 2466 parocho,
399 2404 460 2445 non
477 2403 513 2446 ex
531 2403 566 2446 eo
580 2385 661 2465 qudd
681 2384 706 2444 is
728 2385 766 2445 sit
779 2383 918 2446 intirmus
933 2391 984 2445 aut
997 2386 1055 2446 im-

75 2477 207 2560 peritus,
224 2475 275 2534 sed
290 2473 372 2555 qudd
393 2474 432 2534 ita
453 2490 632 2534 numerosus
650 2473 687 2534 sit
713 2475 841 2553 populus
856 2479 888 2533 ut
908 2473 1057 2553 parochus

75 2567 169 2627 istius
184 2563 359 2642 indigentiae
371 2561 517 2642 spirituali
536 2579 597 2621 non
613 2562 709 2623 valeat
723 2563 805 2622 solus
820 2562 985 2642 providere.

118 2660 250 2734 Quidam
272 2664 419 2732 auctores,
450 2677 580 2740 quorum
606 2659 758 2739 praecipue
785 2660 913 2739 (tergm,
942 2661 972 2720 in
1000 2680 1056 2724 suo

74 2770 175 2834 opere
200 2751 319 2831 Defensa
332 2749 379 2811 dea
397 2747 492 2810 droits
509 2747 558 2810 des
576 2748 724 2830 Eudoses,
741 2747 913 2829 hujusmodi
931 2750 1056 2812 vicario·

73 2859 151 2905 rum
188 2840 428 2901 nominationem
460 2839 616 2920 Episcopis
651 2839 813 2900 vindicant.
849 2839 1056 2902 communiter

72 2931 153 2994 verd
171 2928 340 2990 Canonistae
358 2927 439 2989 illam
458 2927 597 3008 parochis
614 2927 761 3001 tribuunt,
782 2927 971 2988 validissimis
992 2927 1055 2988 sulti

71 3018 256 3082 momentis.
278 3015 423 3077 Analecta
445 3023 547 3076 tamen
571 3015 725 3095 excipiunt
746 3023 865 3074 ouranos
884 3015 1057 3076 amovihiles

69 3110 172 3189 (sept.
190 3109 277 3182 l855‚
294 3107 352 3167 col.
371 3105 461 3185 ldld)
476 3111 505 3166 et
523 3103 638 3164 dictum
651 3104 700 3180 jus
714 3109 867 3162 reservant
879 3101 1007 3182 parocho
1025 3103 1056 3164 r'n

68 3195 195 3259 habita.
210 3227 247 3240 -
263 3195 312 3256 Sic
331 3201 432 3254 autem
452 3192 596 3273 probatur
613 3189 787 3252 communis
811 3191 873 3252 [tlt.
897 3191 1055 3253 sententia.

114 3295 154 3356 ln
169 3310 237 3374 cap.
253 3296 285 3367 l,
306 3308 379 3353 sess.
396 3293 432 3353 tl
449 3291 540 3352 Conc.
560 3287 641 3350 Trid.
663 3291 706 3350 stc
724 3287 833 3369 legitur
850 3305 857 3347 ε
877 3288 1057 3368 «Episcopi,

67 3405 84 3439 a
114 3380 212 3444 etiam
227 3388 374 3460 tanquam
399 3377 577 3460 apostolicae
595 3377 680 3438 Sedis
694 3377 849 3458 Delegati‚
865 3375 895 3437 in
916 3376 1058 3439 omnibus

67 3493 84 3526 r
114 3469 255 3532 ecclesiis
270 3467 503 3550 parochialibus,
518 3467 565 3528 vel
580 3465 819 3546 baptismalibus,
835 3465 866 3525 in
880 3465 992 3546 quibus
1003 3484 1057 3546 po·
1135 3525 1143 3541 x

68 3581 86 3615 a
114 3559 216 3640 putus
225 3557 264 3619 ita
280 3573 460 3620 numerosus
478 3555 535 3632 sit,
551 3561 585 3618 ut
600 3571 679 3617 unus
694 3560 792 3616 rector
808 3571 869 3616 non
884 3554 978 3636 possit
992 3555 1058 3617 sul-

68 3669 89 3707 «
112 3647 211 3709 licere
233 3645 440 3708 ecclesiasticis
463 3643 659 3707 sacramentis
682 3642 887 3704 ministrandis
911 3649 941 3704 et
964 3644 1057 3707 cultui

69 3761 88 3796 a
112 3737 223 3798 divino
245 3734 428 3817 peragendo,
457 3741 565 3816 capent
591 3741 714 3794 rectores
739 3733 785 3794 vel
814 3733 888 3795 alios
915 3732 954 3794 ad
981 3749 1058 3812 quos

67 3848 87 3885 ι
111 3825 263 3906 pertinet,
286 3823 344 3886 sibi
363 3829 405 3886 tot
428 3823 596 3886 sacerdotes
620 3821 658 3878 ad
679 3821 738 3884 hoc
759 3839 873 3887 munus
894 3821 1060 3900 adjungere
