2616 4228
197 293 236 352 48
470 308 620 352 aaauaura
641 311 723 353 sums
744 307 892 354 caronam.

238 407 269 463 l⁰
290 404 460 466 Consensus
473 424 636 487 expressus,
651 403 723 468 satis
736 403 926 485 intelligitur,
942 409 971 466 et
987 403 1025 466 de
1039 422 1077 466 eo
1089 408 1174 467 nulla

197 488 356 554 difficultas
370 493 482 556 moveri
497 500 603 576 potest.
1031 539 1033 546 ν

237 583 286 643 92.
310 585 342 642 2⁰
368 582 488 644 Tacitus
499 600 667 647 consensus
675 581 778 646 locum
786 579 877 644 habet
889 581 1012 662 quando
1021 580 1173 657 Pontifex,

197 667 326 732 videndo
345 672 615 749 consuetudinem,
636 690 699 734 non
717 668 912 745 contradicit,
927 669 1066 751 quamvis
1083 687 1174 731 com-

196 757 287 820 mode
301 761 465 824 reclamare
476 768 585 842 posset.
599 761 706 826 Merito
715 759 797 822 euim
813 765 887 821 tunc
897 759 1092 840 praesumitur
1101 776 1174 820 con-

196 847 325 924 sentire,
349 850 375 912 si
395 849 578 912 rationabilis
602 851 640 914 sit
659 848 846 913 consuetudo
863 855 893 910 et
914 851 1116 927 cognoscatur
1135 847 1174 908 ah

195 934 272 1015 ipso.
288 939 331 998 lta
344 955 461 1000 omnes.
473 942 555 1000 -ln
566 939 671 1002 eadem
681 937 855 1019 hypothesi,
870 935 894 998 si
906 935 1059 998 dubitetur
1068 941 1173 999 utrum

196 1026 384 1088 consuetudo
400 1027 437 1088 sit
451 1027 655 1105 rationabilia,
675 1026 814 1089 concludi
831 1025 961 1106 legitime
975 1031 1074 1104 potest
1089 1024 1172 1086 illam

196 1128 262 1174 csse
273 1113 482 1177 rationabilem
495 1135 532 1178 ea
545 1135 582 1178 eo
592 1115 673 1197 quhd
685 1120 782 1176 taceat
792 1114 939 1178 Pontifex.
949 1113 980 1175 Si
990 1113 1076 1174 enirn
1088 1112 1173 1175 illam

196 1197 431 1265 irrationabilem
443 1204 601 1282 judicaret,
617 1205 698 1266 certe
707 1201 938 1277 contradiceret,
949 1203 1022 1264 edm
1031 1220 1068 1262 ex
1077 1201 1174 1284 hypo

183 1287 273 1350 thesi
291 1290 376 1354 facild
397 1293 492 1373 possit
510 1293 683 1354 reclamare.
704 1292 733 1352 Si
752 1292 821 1352 aerd
839 1291 974 1352 Pontifex
992 1291 1174 1355 destituatur

196 1379 410 1442 commoditate
426 1381 622 1458 reclamandi,
634 1389 707 1442 tunc
720 1380 859 1442 concludi
870 1381 974 1460 nequit
988 1378 1090 1459 ipsum
1103 1380 1174 1443 idad

152 1493 154 1500 ⁴
195 1464 284 1528 silere
297 1469 369 1547 quia
381 1470 542 1551 acquiescit
551 1469 762 1532 consuetudini
772 1478 872 1528 contra
886 1469 996 1548 legem:
1013 1469 1085 1530 ciam
1095 1469 1174 1532 ratio

195 1551 290 1633 ipsius
303 1558 412 1620 silentii
423 1559 462 1620 sit
476 1559 575 1620 forsan
590 1559 680 1619 timor
692 1558 813 1635 majoris
826 1557 998 1618 detrimenti
1013 1557 1121 1620 orituri
1134 1577 1173 1620 ex

195 1640 290 1722 ipsius
301 1645 511 1710 reclamatione
527 1667 534 1708 :
551 1649 673 1728 nempe,
684 1646 783 1708 forsan
793 1646 839 1708 vel
851 1645 1021 1707 schismatis
1034 1665 1072 1706 ex
1087 1653 1174 1727 parte

195 1731 318 1811 populi,
334 1735 381 1796 vel
401 1736 618 1815 persecutionis
635 1754 671 1797 ex
688 1741 772 1815 parte
793 1737 977 1816 potentium,
996 1734 1171 1813 curiarum,

195 1819 469 1898 parlaruentorum‚
490 1830 566 1900 etc.;
591 1843 628 1886 ex
648 1842 709 1904 quo
729 1823 761 1883 sn
780 1831 813 1886 ut
831 1823 938 1886 deheat
958 1830 1031 1884 tunc
1052 1843 1175 1888 servare

195 1907 330 1988 prudera
354 1910 516 1973 silentium.
541 1914 575 1974 ln
598 1911 656 1973 hoc
681 1930 753 1992 ergo
776 1930 867 1987 casu,
893 1912 1083 1974 consuetudo
1108 1932 1173 1976 non

195 1997 360 2074 praesentiit
375 2007 480 2060 contra
495 2001 684 2081 lepem,ci1m
699 2000 850 2080 legislator
863 2000 1034 2062 censendus
1043 2001 1082 2062 sit
1095 2002 1174 2066 velle

193 2100 279 2159 suam
299 2086 396 2168 legem
412 2107 476 2148 esse
491 2088 666 2150 servandam
682 2089 804 2169 quando
822 2089 956 2170 legitime
978 2089 1058 2151 illius
1076 2090 1173 2154 abro-

194 2172 307 2249 gationi
336 2193 394 2234 :aon
412 2182 507 2256 potest
529 2178 668 2257 [transumi
688 2177 877 2255 consentire3
893 2177 964 2238 hinc
975 2197 1002 2238 v.
1020 2197 1065 2258 g.,
1081 2197 1174 2245 exeo

193 2261 274 2340 qudd
287 2281 341 2342 pcr
357 2265 486 2326 niulfum
498 2272 618 2341 tempus
632 2265 744 2326 siluerit
757 2312 765 2340 ,
782 2285 843 2326 non
856 2265 926 2327 ided
938 2267 968 2328 S.
984 2267 1079 2328 Sedes
1092 2287 1172 2332 cen-

192 2361 274 2412 setur
292 2370 481 2414 consensrssc
501 2355 658 2415 mutationi
679 2353 818 2414 Breviarii
837 2361 865 2414 et
882 2355 1009 2416 Missalis
1023 2355 1068 2416 Pii
1083 2359 1121 2434 V,
1138 2365 1173 2422 ut

192 2441 347 2520 respondit
363 2444 394 2504 S.
419 2443 474 2504 ltit.
491 2443 615 2523 Congu,
633 2447 671 2502 l0
683 2443 812 2518 januarii
828 2447 916 2521 1852,
933 2445 969 2506 D.
983 2445 1096 2523 Lottin,
1113 2449 1172 2512 Ce-

192 2529 372 2589 nomanensi
388 2531 551 2592 Canopico.

231 2617 280 2676 93.
308 2637 325 2674 a
344 2617 450 2678 Merito
471 2623 572 2680 huten
592 2619 704 2696 (tunc),
725 2617 765 2678 ait
779 2617 810 2680 [l.
828 2620 945 2696 Bouix,
960 2619 995 2683 dc
1008 2623 1171 2709 Princip„

195 2723 211 2760 a
231 2722 261 2784 p.
278 2706 352 2780 356,
369 2706 510 2785 praesumi
525 2711 623 2787 potest
640 2703 774 2766 Pontifex
794 2709 964 2771 consentire
984 2716 1019 2771 ut
1036 2729 1172 2796 suspen·

195 2813 210 2850 a
230 2791 317 2854 datur
333 2793 475 2873 obligatio
487 2795 579 2876 legis,
593 2794 691 2856 donec
705 2801 838 2856 mentem
856 2815 942 2859 suam
956 2795 1052 2862 libere
1068 2806 1171 2868 mani-

195 2900 210 2939 a
231 2880 337 2944 testare
352 2885 454 2962 possit.
471 2904 486 2941 a

238 2963 247 2974 “
307 2992 322 3030 a
343 2971 374 3032 Si
389 2971 570 3048 desuetudo,
586 2971 685 3054 inquit
701 2975 732 3036 S.
747 2974 867 3055 Liguor.
882 2974 961 3052 (libr.
979 2980 1065 3054 l,n⁰
1089 2986 1170 3062 139,

193 3059 305 3122 «Lim.
328 3060 393 3142 3⁰),
413 3061 552 3123 nondhm
574 3060 614 3123 sit
633 3064 826 3144 praescripta,
852 3066 952 3126 caeteri
975 3071 1080 3131 tamen
1104 3091 1169 3136 nou

192 3154 369 3212 «tenentur
388 3149 426 3212 ad
448 3150 546 3231 legem
570 3167 578 3212 ι
605 3168 675 3212 nam
703 3153 895 3233 praesumitur
917 3153 1061 3238 princeps
1085 3162 1169 3225 nolle

191 3236 285 3302 «hoe
307 3238 441 3321 obligare
461 3239 499 3301 ad
520 3239 740 3302 obseruandum
762 3240 844 3321 quod
863 3259 925 3304 non
945 3247 1026 3306 esta
1051 3251 1169 3328 maJ'ore

180 3321 206 3388 'a
227 3335 311 3411 parte
326 3335 525 3412 receptum.»
552 3331 595 3391 lta
606 3328 696 3391 etiam
713 3329 856 3405 Billuart,
877 3329 913 3392 de
926 3331 1020 3409 Just,
1036 3335 1112 3400 diss.
1129 3345 1165 3415 l,

186 3427 241 3482 art.
265 3422 299 3492 3,
325 3419 340 3499 5
362 3422 380 3481 8
404 3421 436 3482 in
463 3419 550 3496 fiue3
574 3417 662 3481 dard.
689 3419 832 3494 Goussct,
861 3420 1061 3502 depositiva,
1089 3433 1166 3509 etc,

186 3508 435 3582 u⁰tO3,etolt'bi.

224 3600 274 3658 94.
298 3598 359 3658 Nec
380 3597 469 3678 objici
490 3597 568 3661 valet
590 3595 705 3657 dictum
728 3598 759 3658 S.
785 3598 944 3675 Augustini
968 3618 975 3660 :
1000 3600 1073 3676 Qaoe
1094 3617 1166 3666 sant

185 3693 287 3747 contra
305 3684 388 3746 donor
402 3705 506 3761 mores,
518 3705 569 3746 aec
582 3684 669 3764 facit,
685 3703 737 3746 nec
751 3692 827 3746 toret
841 3685 976 3748 Ecclesia
987 3708 998 3748 :
1010 3691 1083 3770 quia
1101 3713 1166 3756 nou

186 3774 255 3836 lded
277 3779 354 3834 tacet
375 3774 506 3834 Ecclesia
525 3773 607 3849 qudd
629 3775 659 3832 S.
681 3772 773 3832 Sedes
792 3774 890 3847 palam
914 3794 974 3836 non
996 3779 1165 3855 reclamet,
