2526 4210
180 262 238 320 ata
453 268 606 315 cucusum
627 269 709 314 aunrs
730 265 877 313 amorrei.

185 392 200 430 c
220 369 326 430 Christi
338 370 475 432 Vicarius
492 388 583 451 super
595 387 703 431 omnes
719 367 811 430 totius
832 363 941 428 mundi
955 365 1111 430 Ecclesias
1123 369 1156 431 ab

186 457 446 538 ‹ipsoChristo
438 477 470 521 m
492 457 584 520 Beato
607 461 695 520 Petro
716 455 928 530 institutusn3
943 458 1004 516 eta
1027 457 1155 520 Concilio

184 547 402 608 constantiensi
410 565 568 628 ,sequens
582 546 712 609 Wiclelli
730 543 920 627 propositio:
939 546 1047 606 «Non
1069 547 1157 608 estda

189 657 204 720 a
226 635 401 698 necessitate
414 635 517 697 salutis
530 635 654 698 credere
667 636 836 696 Romanam
851 631 1020 694 Ecclesiam
1033 651 1101 696 esse
1113 635 1159 696 Su·

184 728 205 786 tr
225 741 361 806 premam
383 724 459 785 inter
482 724 555 786 alias
574 723 734 786 Ecclesiae.
750 743 766 781 a
783 721 865 801 Ergo
885 721 1015 782 omnind
1037 721 1160 784 creden-

187 812 261 876 dum
281 819 326 874 est
340 815 511 874 ltomanum
528 811 703 874 Pontificem
722 811 793 873 vere
807 809 987 872 successisse
1005 811 1112 887 Petro,
1134 813 1161 873 in

187 901 353 964 Primatum
362 901 579 980 iurisdictionis
593 919 683 982 super
696 905 788 962 totam
799 898 977 960 Ecclesiam.

228 1014 272 1074 Ex
286 1012 332 1073 lris
347 1013 482 1092 sequitur
496 1014 633 1094 regimen
648 1010 791 1074 Ecclesiae
804 1029 869 1072 esse
887 1011 1125 1088 monarchiam,
1136 1011 1160 1072 id

190 1108 234 1164 est
248 1100 306 1162 tale
321 1101 403 1182 quod
417 1121 496 1163 uuus
511 1103 542 1162 in
561 1105 597 1164 ea
616 1117 790 1181 supremam
808 1098 917 1160 habeat
939 1101 1160 1173 auctoritatem

190 1195 220 1252 et
234 1188 292 1250 hoc
305 1187 343 1250 de
356 1189 415 1250 lide
429 1195 474 1251 est
487 1189 679 1264 habendum,
696 1190 780 1268 juxta
799 1187 958 1268 ipsammet
979 1188 1162 1250 Facultatern

190 1278 408 1355 parisiensem,
430 1297 497 1359 quaa
517 1283 694 1359 sequentem
708 1276 799 1338 Marci
822 1274 944 1338 antonii
964 1277 1010 1336 De
1030 1277 1163 1338 Dominis

187 1365 428 1446 propositionem
440 1367 591 1428 damnavit
607 1386 614 1426 :
635 1363 844 1427 aMonarchiae
858 1363 990 1426 formam
1002 1383 1068 1424 non
1079 1364 1164 1426 fuisse

170 1503 175 1510 .
196 1477 209 1511 ι
232 1453 437 1516 immediatea
454 1455 570 1516 Christo
588 1453 778 1516 institutam:
801 1453 862 1514 lacae
873 1453 1053 1533 propositio,
1073 1452 1164 1534 inquil

171 1587 172 1592 ,
196 1564 210 1597 a
232 1542 384 1616 Facultas,
397 1551 440 1603 est
455 1543 603 1618 heretica,
624 1541 825 1619 schismatica,
842 1541 964 1602 ordinis
986 1540 1166 1604 hierarchici

197 1652 211 1686 a
231 1638 260 1692 et
270 1631 354 1711 pacis
369 1630 512 1692 Ecclesiae
525 1631 701 1693 subversiaa.
724 1652 739 1689 n

232 1746 301 1805 339.
325 1743 463 1805 Diximus
476 1743 510 1804 de
524 1743 583 1826 fide
611 1762 668 1805 esse
687 1741 839 1805 Summum
861 1742 1039 1824 Pontificem
1064 1743 1166 1807 lactere

189 1831 260 1908 jare
273 1830 373 1893 divino
388 1833 558 1895 Primatum
564 1831 787 1913 jurisdictionis
800 1832 831 1889 in
846 1837 938 1891 totam
951 1831 983 1891 E
984 1831 1136 1896 eclesiam.

233 1935 327 2014 Objici
343 1944 439 2018 potest
457 1938 550 2018 qudd,
568 1937 622 1999 etsi
636 1937 701 1999 haec
718 1936 882 2018 propositio
897 1943 931 1998 ut
949 1937 1119 2000 certissima
1132 1942 1167 2002 sit

193 2023 341 2101 habenda,
359 2033 480 2107 propter
492 2032 671 2107 argumenta
684 2027 776 2106 supra
789 2025 875 2086 allata
883 2030 915 2086 et
924 2025 1019 2086 multa
1030 2027 1089 2088 alia
1101 2047 1165 2110 quaa

194 2112 300 2175 adduci
323 2113 354 2174 in
377 2114 586 2196 probationem
610 2115 794 2196 potuissent,
823 2120 955 2176 attamen
979 2113 1083 2176 halreri
1106 2136 1166 2178 non

195 2201 299 2266 debeat
311 2209 454 2282 tanquam
469 2203 507 2263 de
521 2202 579 2264 lide
592 2202 719 2264 :adhoc
733 2203 815 2264 enim
828 2203 1033 2283 requireretur
1046 2205 1165 2283 quoda

193 2291 256 2352 Deo
267 2309 320 2352 seu
331 2290 457 2364 Christe,
475 2291 669 2352 constitutum
684 2290 788 2354 luisset
802 2291 973 2352 Romanum
990 2292 1163 2357 Pontificem

193 2377 303 2441 debere
317 2398 382 2440 esse
397 2379 475 2440 Petri
499 2398 704 2441 successorem
723 2399 730 2441 :
751 2380 842 2460 porrd
860 2379 918 2441 hoc
934 2383 951 2440 a
966 2379 1084 2443 Christo
1106 2403 1163 2446 non

194 2467 250 2530 luit
263 2467 515 2542 determinatum,
533 2469 584 2529 sed
604 2468 701 2529 soldm
712 2469 730 2529 a
742 2471 830 2530 Petro
842 2467 907 2549 qui,
923 2468 947 2529 si
963 2487 1085 2552 semper
1105 2476 1162 2534 rln·
1247 2463 1248 2512 l

194 2555 312 2617 tiochiae
331 2557 474 2629 sedisset,
501 2557 664 2638 Episcopus
685 2557 890 2619 Antiochenus
913 2558 954 2618 illi
976 2558 1112 2640 legitime
1133 2560 1162 2624 in

195 2645 377 2724 Supremam
389 2643 600 2706 Pontificatum
612 2645 815 2707 successisset.
831 2646 922 2726 Erga,
936 2654 993 2709 etc.

233 2755 312 2820 Huic
325 2755 484 2836 objectioni
499 2755 658 2838 dupliciter
672 2756 832 2838 respondet
847 2757 990 2820 Melchicr
1012 2761 1095 2825 Cano
1110 2762 1162 2845 (ne

197 2844 383 2924 loatlaectap.
401 2845 450 2906 lib.
466 2849 496 2916 a,
514 2864 580 2926 cap.
596 2846 645 2927 8):
656 2845 868 2927 t⁰inquit,dici
882 2853 980 2928 potest
993 2851 1162 2914 Romanum

195 2933 371 2997 Pontificem
384 2953 422 2995 en
435 2933 538 2995 diuini
557 2934 743 2996 institutione
760 2934 851 3016 faisse
867 2937 953 3000 Petri
971 2937 1003 2998 im
1023 2940 1163 3002 Ecclesiae

196 3023 286 3086 tatius
299 3024 485 3106 Pontificum
508 3043 705 3086 successorem.
722 3025 785 3086 Nec
800 3025 962 3086 verisimile
980 3027 1078 3105 litut,
1101 3047 1162 3092 rem

194 3114 256 3176 tim
268 3113 465 3176 necessariam
474 3113 511 3174 ad
522 3113 662 3176 Ecclesiae
671 3113 814 3175 unitatem
826 3114 1053 3194 continendam,
1066 3117 1161 3181 Chris·

194 3207 244 3266 tus
262 3203 411 3265 Dominus
430 3203 580 3283 Apostolis
599 3203 662 3266 suis
675 3221 736 3264 non
752 3202 899 3266 revelarit.

190 3344 196 3359 ι
234 3309 266 3369 2⁰
287 3306 349 3367 Etsi
364 3324 400 3366 ex
416 3305 480 3367 solo
497 3324 552 3367 sno
566 3305 688 3368 arbitrio
706 3307 812 3368 Petrus
824 3308 927 3368 Roma.
941 3307 1062 3383 sederit,
1077 3316 1109 3374 et
1124 3311 1160 3378 ibi

192 3401 398 3458 commoratus
412 3393 501 3456 luerit
514 3412 610 3474 usque
623 3393 661 3454 ad
676 3400 816 3471 mortem,
826 3394 929 3476 sicque
938 3395 1032 3477 ipsius
1042 3399 1162 3463 Succos

196 3500 245 3548 sor
260 3483 291 3544 in
307 3485 442 3545 Romana
453 3482 530 3545 Sede
543 3483 706 3565 primatum
719 3481 751 3544 in
762 3488 856 3544 totam
866 3483 1031 3546 Ecclesiam
1049 3486 1160 3551 habue-

196 3573 246 3648 rit,
264 3588 325 3633 non
335 3570 404 3634 ided
418 3571 590 3653 negandum
604 3571 641 3632 de
653 3571 712 3634 lide
726 3589 791 3634 esse
803 3574 974 3636 Romanum
984 3576 1161 3640 Pontificem

196 3659 307 3722 habere
333 3659 489 3740 praelatum
514 3660 698 3735 Primatum;
723 3678 807 3739 nam,
830 3660 930 3742 inquit
952 3661 1033 3724 idern
1058 3665 1158 3745 Cano,

198 3747 354 3812 sciendum
372 3765 462 3810 anon
476 3746 548 3810 illud
561 3747 652 3810 modd
665 3747 703 3812 ad
716 3748 884 3812 doctrinam
898 3749 1076 3814 catholicam
1095 3771 1160 3825 per·
