2590 4214
200 284 266 342 llll
480 286 631 331 anausoni
653 285 736 330 runis
756 284 904 332 orsosrcr.

247 396 276 457 Si
292 393 434 454 delictum
449 393 526 451 esset
541 383 712 466 publicum,
734 380 786 443 sed
799 385 932 464 populus
947 387 1105 466 ignoraret
1119 385 1185 446 inde

209 483 289 546 nasci
305 479 574 559 irregularitatem,
592 479 675 553 pulal
695 470 790 538 Collel
804 490 891 552 posse
909 482 986 536 tunc
1000 475 1186 555 Episcopum

202 574 381 652 dispensare
391 589 402 638 ,·
423 565 452 627 id
467 567 588 626 eaorrtra
603 560 669 622 lieri
685 578 746 621 non
763 578 851 640 posse
873 561 912 623 ab
931 563 1098 643 Episcopo,
1120 579 1186 642 pro-

209 661 338 722 baliiliirs
352 660 472 718 tonatur
489 671 526 714 ex
542 648 651 712 llened.
670 647 757 722 XlV;
774 648 844 727 quia
861 650 955 712 Cone.
972 651 1111 712 Trident.
1129 669 1185 712 nou

185 801 188 834 =.
210 749 341 829 loquitur
356 745 392 806 de
407 737 676 822 irregularitalibus
690 735 836 814 occultis,
852 737 905 800 sed
924 739 963 800 de
979 740 1183 820 irregularita-

184 913 186 918 .
207 838 288 899 tibus
301 854 338 896 ex
354 833 463 894 delicto
481 826 602 890 occulto
616 823 874 906 provenientibus,
889 829 1005 908 etquis
1019 847 1107 890 error
1117 829 1187 905 juris

211 923 353 1006 praesumi
365 939 427 982 non
440 917 538 980 debet.

226 1087 228 1094 Α
252 1017 317 1075 Non
330 1018 430 1074 aulem
446 1011 542 1087 potest
556 1001 740 1086 dispensatio
752 1001 816 1062 dari
826 1001 864 1063 ab
875 1004 1028 1086 Episcopo
1038 1006 1063 1066 si
1079 1005 1187 1085 irregu-

211 1104 313 1164 laritas
327 1097 485 1180 proveniat
498 1112 533 1154 er.
550 1091 713 1154 homicidio
729 1090 842 1152 directe
861 1098 890 1152 el
909 1093 940 1153 in
955 1112 988 1154 se
1011 1094 1121 1168 volito,
1139 1095 1188 1154 alsi

209 1190 340 1253 occulto.
357 1182 530 1264 -lssoncit
542 1180 639 1256 trid,
655 1197 729 1242 sess.
741 1183 791 1252 El,
808 1197 835 1240 c.
852 1181 897 1260 6.)

251 1280 284 1339 ln
298 1275 408 1357 quibus
422 1270 540 1334 casibus
555 1269 722 1349 Episcopus
737 1274 835 1349 potest
849 1269 913 1332 aliis
932 1269 1190 1352 dispensationem

209 1365 390 1439 concedere,
414 1361 505 1424 eliam
521 1375 625 1420 secum
647 1357 821 1436 dispensare
844 1357 938 1436 valet,
960 1361 1056 1422 alium
1080 1359 1190 1422 adhoc

207 1453 393 1536 delegando.

129 1609 133 1616 ,
257 1545 435 1624 Dispensare
459 1542 557 1619 polest
580 1537 748 1616 Episcopus
773 1555 865 1616 super
886 1536 1007 1599 delectu
1033 1538 1190 1614 natalium,

216 1632 316 1715 quoad
339 1627 544 1709 receptionem
570 1624 713 1688 ordinum
739 1626 894 1688 minorum
920 1625 1082 1688 duntaxat.
1114 1627 1192 1688 ldem

214 1723 314 1783 ualent
323 1717 492 1800 Capitulum
505 1721 536 1776 et
547 1713 683 1775 Vicarius
696 1713 883 1794 capitularis,
897 1713 975 1776 Sede
986 1721 1126 1777 vacante.
1138 1715 1192 1777 Sed

221 1809 355 1870 Vioarius
372 1803 527 1868 Generalis
541 1803 655 1880 indiget
669 1801 791 1882 speciali
806 1799 844 1862 ad
859 1802 916 1864 lroc
929 1801 1135 1881 delegatione.

259 1897 346 1958 Solus
363 1901 464 1956 autem
479 1895 559 1972 Papa
571 1892 611 1968 (el
624 1890 676 1970 qui
689 1890 727 1950 ab
741 1908 778 1952 eo
792 1890 902 1971 accipit
915 1890 973 1951 hoc
987 1889 1193 1972 privilegium}

219 1991 315 2067 polest
329 1983 502 2061 dispensare
522 1997 612 2060 super
629 1978 695 2039 aliis
711 1977 981 2058 irregularitatibus
1004 1997 1042 2040 ex
1062 1979 1193 2042 delectu.

260 2076 306 2133 dn
326 2079 426 2132 auteur
444 2070 611 2148 Episcopus
630 2065 723 2146 possit
740 2065 915 2147 dispensare
934 2067 965 2127 in
988 2065 1196 2148 irregularita-

214 2161 299 2224 libus
321 2163 372 2238 (et
398 2154 668 2238 suspensionibus)
694 2154 818 2216 occultis
843 2171 915 2216 cum
938 2172 995 2216 suo
1023 2155 1149 2219 subdito
1169 2160 1197 2218 in

213 2250 317 2311 aliena
330 2247 452 2310 dioecesi
467 2249 614 2306 exstante.
631 2241 706 2304 Vide
719 2241 856 2304 decisum
872 2244 903 2304 in
918 2249 1022 2304 nostro
1036 2243 1196 2324 Maenali,

222 2343 359 2400 n01777.

261 2426 347 2488 Haud
372 2442 458 2506 posse
484 2421 647 2503 Episcopos
674 2420 849 2502 dispensare
877 2438 969 2501 super
991 2420 1199 2503 irregularita-

218 2517 301 2578 tibus
312 2531 383 2575 curri
393 2509 752 2594 peregrinisdeclaralum
763 2508 981 2589 tutatoregor.
992 2512 1072 2586 xllt,
1085 2513 1199 2575 etiamsi
1281 2505 1282 2512 '

222 2605 369 2666 Praetores
382 2597 428 2663 vel
443 2598 551 2661 medici
564 2597 675 2660 ibidem
687 2603 873 2660 exercerent.
953 2663 956 2668 ,

263 2692 294 2754 Si
310 2699 410 2751 tamen
431 2687 582 2770 peregrini
601 2685 711 2748 alicubi
731 2692 832 2748 essent
847 2703 918 2747 cum
933 2685 1039 2749 animo
1056 2690 1199 2752 manendi

223 2800 277 2863 per
291 2779 438 2855 urajorem
452 2777 523 2838 anni
537 2776 756 2856 partem,juxta
771 2774 904 2855 plurium
918 2776 1117 2854 sententiam,
1133 2797 1199 2841 curu

222 2870 261 2931 iis
274 2875 347 2930 lunc
360 2871 461 2947 posset
475 2864 513 2925 ab
529 2863 695 2926 Ordinariis
708 2861 876 2943 dispensari
894 2880 986 2943 super
998 2864 1199 2947 irregularita-
1280 2855 1281 2886 l

224 2958 323 3028 tibus,
343 2955 418 3017 volis
433 2961 461 3015 et
473 2954 549 3015 aliis.

265 3045 342 3119 Quid
369 3043 488 3106 valeant
512 3041 628 3104 Praelati
655 3041 809 3123 regulares
836 3040 915 3102 eirca
943 3039 1199 3123 dispensationem

223 3133 490 3216 irregularitatum,
505 3129 573 3193 vide
586 3128 641 3206 ib„
658 3141 692 3192 n⁰
707 3133 794 3193 lits.

258 3217 1199 3302 luxtaS‚Congr.Concilii‚occultumcenserinondeberetquod

227 3311 345 3394 probari
359 3316 459 3390 posset
472 3325 526 3388 per
540 3305 617 3368 duos
631 3314 682 3369 aut
694 3312 755 3369 tres
769 3313 875 3368 testes:
891 3304 987 3382 unde,
1004 3308 1047 3369 ait
1061 3310 1200 3372 Strernler
1279 3305 1280 3318 ¹

224 3401 297 3482 (Des
305 3399 408 3482 palaea
421 3397 532 3472 eccles,
546 3415 576 3475 p.
588 3398 676 3458 oasa
677 3411 701 3476 ),
715 3393 883 3476 Episcopus
895 3412 956 3456 non
967 3402 1068 3476 polest
1083 3398 1200 3478 dispen-

199 3508 293 3577 jsare
318 3489 399 3549 circa
427 3483 659 3564 irregularitates
681 3483 893 3564 provenientes
920 3500 958 3544 ex
982 3482 1099 3548 delicto
1126 3484 1201 3566 quod

225 3581 325 3656 potest
339 3573 459 3656 probari
472 3590 574 3636 coram
593 3571 699 3634 Judice
714 3571 925 3633 ecclesiastico.
943 3572 1088 3634 Attamen
1103 3581 1201 3636 aucto·

228 3680 278 3725 res
301 3663 503 3723 communiter
523 3661 647 3735 dicunt,
672 3660 752 3741 apud
772 3659 802 3722 S.
823 3659 946 3740 Liguor.
973 3656 1040 3738 (lib.
1062 3665 1101 3734 6,
1117 3661 1200 3742 593),

225 3749 312 3829 subd
324 3749 467 3809 occultum
482 3749 509 3809 id
525 3751 563 3809 sit
576 3748 659 3830 quod
678 3766 739 3811 non
751 3755 796 3812 est
808 3747 969 3817 notorium,
983 3754 1014 3808 sl
1028 3749 1132 3830 aliqua
1146 3758 1201 3812 ter·
