2526 4210
132 365 137 372 .
161 307 220 366 258
450 323 602 371 clausura
622 322 705 368 suats
727 323 876 370 canonici.

554 483 702 551 CAPUT
727 483 775 548 ΙΙ.

173 631 219 680 1)ss
252 636 510 700 rurnrnncnrs,
537 633 747 680 Pnlntnrlutis
773 631 816 678 nr
840 607 1154 678 arnmoeomr‘nma.

180 872 331 950 occupant
343 863 532 939 Patriarehae‚
549 863 695 926 Primates
709 869 738 925 et
752 859 985 942 Metropolitaui.

506 991 621 1052 l.-lie
639 1003 831 1049 rnrnrsncms.

219 1117 289 1178 391.
312 1110 491 1175 Patrierchae
510 1116 581 1173 sunt
607 1110 747 1192 Episcopi
768 1110 821 1192 qui
840 1115 996 1191 praesunt,
1019 1127 1084 1173 non
1107 1109 1154 1171 uni

182 1201 309 1266 Dioecesi
324 1202 441 1264 tantum
455 1200 502 1263 rel
517 1198 704 1272 Provinciae,
721 1197 774 1260 sed
789 1198 926 1280 pluribus
940 1198 1118 1261 Provinciiis
1129 1205 1158 1258 et

183 1289 379 1370 Regiouibus.

222 1380 344 1442 Illorum
369 1378 455 1459 origo
481 1377 615 1439 dimanat
638 1375 676 1440 ab
699 1377 860 1457 Apostolis.
889 1375 1031 1438 Nominis
1058 1381 1156 1438 tame'n

185 1469 361 1531 Patriarehaa
382 1469 478 1548 prime
497 1466 612 1528 mentio
635 1467 768 1528 occurrit
787 1468 819 1527 in
840 1464 974 1526 Concilio
995 1464 1157 1526 Chalcedo-

184 1559 270 1620 nensi
285 1559 316 1620 in
330 1576 391 1639 quo
406 1573 485 1635 saepe
495 1555 694 1617 acclamatum
707 1552 762 1616 luit
778 1575 786 1616 ι
802 1553 998 1616 sanctissimo
1012 1563 1041 1615 et
1050 1551 1158 1616 Beona

184 1649 256 1708 simo
267 1645 431 1709 universati
442 1643 561 1726 Mopuoe
573 1643 675 1704 Romae
688 1642 880 1706 Putee'oreleoe
894 1641 999 1704 Leoni.

225 1736 336 1798 Praeter
352 1737 522 1794 Romanum
542 1731 736 1808 Pontificem,
751 1731 883 1794 duorum
897 1732 1015 1792 tantum
1031 1732 1157 1796 aliorum

186 1822 424 1885 Patriareharum
452 1820 591 1883 meminit
621 1819 762 1899 Synodus
789 1821 936 1895 Nicaena,
967 1820 1159 1882 Alexandrini

187 1929 296 1991 nempe
308 1917 337 1971 et
351 1907 546 1984 Antiocheni3
561 1908 622 1970 duo
637 1909 762 1990 insuper
774 1909 823 1970 alii
836 1908 963 1970 adhunc
977 1908 1159 1990 Dignitatem

187 1999 271 2062 luere
300 2008 403 2080 posteo
436 1997 558 2073 evecti,
586 1997 725 2059 videlicet
759 1997 1110 2077 constantinopolitanus
1133 2005 1160 2058 et

187 2088 477 2169 Hierosolymitanus
489 2087 642 2167 Episcopi.

230 2177 451 2240 Alexandrinus
460 2174 630 2236 Patriarehe
643 2179 769 2254 praeerat
782 2175 924 2255 AEgypto,
933 2175 1037 2256 Lybiae
1050 2184 1082 2240 at
1091 2178 1162 2240 Pen.

189 2264 298 2349 tapuli;
316 2264 524 2327 antiochenus
544 2263 677 2344 primum
697 2263 751 2324 toti
772 2263 906 2337 Orienti,
924 2265 1082 2328 Romanus
1095 2269 1163 2329 vcro

189 2357 243 2418 tuti
257 2354 421 2418 occidenti.
439 2356 581 2414 Detrectas
595 2356 667 2412 sunt
682 2357 785 2431 postea
803 2350 821 2412 a
838 2351 1043 2415 Patriarchatu
1060 2357 1161 2416 Antio·

190 2445 288 2508 chenu
310 2452 370 2505 tres
398 2442 578 2514 Palestinae,
602 2446 636 2500 ut
660 2438 865 2502 tribuerentur
891 2441 1164 2522 Hierosolymitauo

190 2532 387 2608 Patriarchae;
414 2527 745 2608 Constantinopolitano
769 2528 841 2590 verd
863 2536 934 2589 sunt
956 2530 1080 2594 tributae
1105 2539 1163 2593 tres

191 2621 330 2701 regiones
343 2639 395 2684 seu
411 2619 578 2693 dioeceses,
594 2616 716 2677 Pontica
730 2634 852 2696 nempe,
868 2617 976 2679 Asiana
986 2627 1016 2680 et
1026 2622 1160 2683 Thracia.

231 2709 357 2771 Nonnisi
380 2707 553 2770 auctoritate
574 2708 605 2768 S.
629 2704 715 2766 Sedis
734 2705 858 2766 instituti
874 2704 958 2767 luere
975 2707 1017 2768 illi
1037 2709 1162 2771 Patriae-

192 2797 267 2872 chae,
284 2815 353 2878 quae
368 2795 457 2858 etiam
470 2795 608 2856 ordinem
632 2793 710 2854 inter
727 2792 808 2872 ipsos
822 2793 1003 2855 servandum
1021 2796 1162 2860 determi-

192 2887 283 2965 navit,
299 2893 332 2950 ut
345 2886 444 2947 videre
456 2891 500 2946 est
514 2885 544 2946 in
554 2901 621 2965 cap.
637 2881 784 2962 Antiqua,
800 2879 843 2943 De
855 2881 1059 2965 privilegiis:
1080 2889 1163 2948 «An

196 2975 315 3058 ntique
342 2973 585 3037 Patrtarcharum
614 2970 738 3032 Sedium
774 2970 927 3052 privilegia
960 2982 1161 3048 renovantes,

197 3086 212 3124 r
232 3066 335 3128 sancta
349 3061 508 3126 universali
522 3059 638 3142 synodo
659 3057 769 3139 (Later.
786 3059 836 3139 IV)
851 3059 1058 3140 approbante,
1073 3063 1165 3126 sanci·

197 3177 213 3214 a
232 3173 321 3230 mus,
337 3155 378 3215 ait
391 3151 585 3214 Innocentius
598 3151 636 3209 111
649 3194 657 3224 ‚
674 3154 706 3208 ut
721 3153 785 3227 post
798 3149 968 3209 Romanam
986 3151 1162 3227 Ecclesiam,

197 3265 212 3301 u
232 3261 322 3325 quae,
341 3242 518 3322 disponente
537 3238 667 3299 Domino
681 3253 772 3316 super
788 3253 895 3310 omnes
914 3236 989 3298 alias
1007 3240 1165 3303 ordinario

197 3355 212 3390 u
233 3331 386 3413 potestatis
405 3329 522 3390 obtinet
541 3325 765 3406 Principatum‚
785 3329 888 3406 utpote
904 3326 1000 3386 Mater
1014 3329 1167 3391 universo

198 3443 212 3477 u
234 3439 302 3484 rum
323 3419 432 3482 Christi
451 3415 585 3478 fidelium
607 3419 636 3475 et
654 3413 810 3494 Magistra,
834 3413 1164 3497 Constantinopolitano

199 3533 212 3564 u
233 3511 382 3591 primum,
403 3503 603 3569 Alexandrina
618 3501 804 3574 secundum,
818 3500 1006 3564 Antiocheno
1026 3505 1162 3579 tertium,

199 3623 212 3652 u
234 3596 504 3676 Hierosolymitaua
517 3598 661 3674 quartum
671 3591 773 3654 locum
783 3588 937 3670 obtineat,
950 3594 1068 3656 serrata
1080 3593 1166 3656 cuili-

199 3707 214 3744 ι
233 3685 286 3748 bet
299 3685 418 3766 proprie
433 3681 586 3763 dignitate.
601 3699 617 3739 e

234 3775 366 3835 Potestas
381 3772 617 3833 Patriarcharum
636 3765 668 3829 in
685 3767 890 3848 Metropolitas
909 3776 955 3830 est
976 3768 1038 3832 ferd
1058 3768 1164 3834 eadem
