2548 4216
488 249 574 296 mum
596 249 715 296 333133.
1032 235 1089 293 371

114 373 134 412 a
156 351 238 414 iilius
255 350 323 431 pagi
338 350 469 430 parocho
484 358 529 413 est
542 349 718 431 baptizanda
735 367 742 408 ε
763 351 970 410 verumtamen
993 345 1017 407 si
1044 345 1092 408 ille

115 462 135 502 a
156 459 252 521 pagus
268 441 374 518 pariam
394 439 517 501 distaret
530 441 546 500 1
561 458 639 520 pago
653 437 796 519 proprio,
812 457 839 499 v.
857 457 900 518 g.,
916 435 1033 497 duabus
1046 434 1092 496 vel

117 549 136 586 3
156 528 253 589 tribus
276 527 374 602 horis,
396 533 492 607 potest
512 528 652 608 baptizari
677 526 777 606 proies
800 525 890 587 ctiam
913 525 944 585 in
968 524 1093 586 ecclesio

116 637 135 675 3
156 617 223 679 suh.
239 639 254 675 u
273 619 316 678 Ita
331 619 362 678 S.
377 617 499 696 Liguor.
514 615 578 698 (tib.
595 620 625 692 6,
643 617 675 675 n⁰
691 615 772 698 111).

157 718 269 777 511-
284 721 317 777 2⁰
333 713 432 792 Quoad
445 715 634 778 Paenitentia
647 721 860 776 sacromentum
876 732 887 772 .·
902 712 929 771 31
944 709 1033 771 oflicii
1047 711 1092 786 sui

115 802 268 884 parochus
276 803 516 882 J'urisdictionem
531 803 594 884 sori
607 803 720 865 iuteraa'
734 803 824 863 hahet
838 801 870 862 iu
881 799 933 862 suci
941 797 1092 880 parochio,

115 897 152 954 ut
173 891 323 972 colligitur
337 913 375 954 ex
390 893 502 954 Concil.
516 892 650 954 Trident.
664 891 748 972 (sess.
761 893 810 966 13,
818 909 883 970 cap.
896 892 944 960 15,
955 887 1000 948 De
1008 885 1093 968 ref.);

114 996 187 1042 eam
199 986 301 1042 tamen
317 981 406 1043 habet
420 981 642 1062 dependentem
655 980 692 1041 ah
705 979 861 1040 Ordinario
877 976 976 1058 quoad
991 976 1094 1055 cuipa-

116 1086 189 1130 rum
210 1071 462 1139 reservationem
490 1069 627 1131 33113131
651 1067 785 1150 1391113131
808 1066 894 1128 cuceri
921 1085 979 1126 333
1004 1072 1096 1144 potest
1159 1144 1161 1150 y

113 1176 239 1240 prorsam
259 1159 377 1240 auferri
396 1167 448 1220 out
468 1156 538 1220 odeo
560 1158 660 1218 minui
677 1165 712 1218 31
732 1156 795 1238 sere
815 1156 913 1217 a'ooaa's
933 1161 1083 1215 remaneat

118 1245 234 1307 Bened.
252 1250 327 1321 XIV,
344 1249 386 1309 De
400 1247 490 1330 Sym,
505 1247 555 1307 lib.
573 1251 603 1320 5,
620 1265 686 1326 cap.
704 1251 733 1320 -1,
749 1255 782 1306 30
796 1248 825 1306 3.

160 1342 298 1405 Diximus
312 1346 345 1405 13
357 1345 499 1426 parochio
513 1345 565 1406 331
579 1347 710 1420 1331133,
723 1344 850 1424 proinde
865 1343 945 1404 illam
954 1341 1080 1422 iurisdic

118 1431 235 1492 tionem
250 1451 310 1493 333
325 1432 414 1495 habet
428 1433 578 1514 parochus
593 1433 624 1493 13
639 1435 700 1494 tota
720 1433 840 1494 dioecesi
854 1453 860 1506 ;
878 1431 929 1492 sed
950 1437 1046 1511 potest
1063 1430 1095 1491 13

119 1519 177 1582 sut
190 1521 316 1582 ecclesia
330 1522 528 1602 parochianos
543 1521 663 1582 alterius
684 1521 832 1602 parochiae
853 1520 1005 1581 absolvere
1024 1519 1094 1580 abs-

119 1625 182 1690 quo
197 1608 316 1671 licentio
329 1611 449 1691 speciali
465 1610 509 1691 (S.
526 1611 557 1672 G.
574 1611 679 1687 Cone,
695 1613 732 1671 25
745 1610 811 1688 Jun.
827 1611 925 1686 1639).

162 1716 326 1788 Quaesitum
342 1717 397 1779 fuit
416 1720 493 1779 cho
508 1718 603 1778 curati
617 1717 708 1778 33133
722 1715 878 1790 dioecesis,
895 1713 987 1775 vocati
1003 1716 1019 1776 a
1039 1734 1095 1796 pa-

65 1803 69 1811 '
122 1827 140 1864 a
162 1805 376 1868 rochisaiieuae
386 1805 694 1887 dioecesis‚possintin
705 1806 754 1866 ilia
767 1802 1095 1880 331133333133313333,

124 1916 140 1952 c
160 1895 221 1956 thm
237 1913 362 1957 suorum
377 1895 565 1956 subditorum
579 1897 671 1976 quam
683 1895 867 1970 alienorum,
885 1893 997 1974 absque
1008 1893 1098 1956 liceo-

124 2005 139 2038 «
162 1981 202 2044 tia
215 1984 356 2064 Episcopi
369 1985 438 2045 loci.
454 1985 484 2046 S.
497 1985 606 2065 Congr.
624 1986 715 2046 Cone.
731 1982 901 2064 rescripsit:
916 1983 1098 2064 affirmatio&

124 2095 139 2128 3
161 2071 423 2152 praemodicus,
445 2073 577 2153 caputio&
591 2073 688 2154 quood
709 2073 837 2154 reliquos
862 2095 875 2130 u
901 2073 948 2148 113
970 2074 1097 2133 Poema-

119 2160 234 2235 aiensi,
250 2163 268 2222 3
283 2159 421 2222 decemb.
440 2163 538 2240 1707).
554 2160 763 2222 Confessiones
778 2178 850 2240 ergo
865 2177 989 2220 suorum
1005 2177 1096 2240 paro-

119 2249 300 2312 chianorum
313 2249 463 2330 parochus
477 2256 573 2332 potest
587 2249 700 2329 ubique
712 2247 826 2310 audire.
842 2249 884 2308 Ita
898 2265 1015 2308 omnes.

161 2355 216 2418 Jus
230 2362 332 2416 autem
346 2373 408 2416 333
423 2354 513 2417 habet
525 2354 673 2435 parochus
688 2360 719 2416 ut
735 2353 803 2432 sihi,
814 2360 950 2434 tempore
968 2353 1096 2417 Pascha·

120 2441 161 2506 tis
174 2449 225 2505 aut
246 2443 375 2504 instante
390 2443 494 2504 mortis
512 2443 660 2524 periculo,
677 2442 850 2523 parochiani
871 2440 980 2504 faciant
998 2460 1096 2504 sacra·

119 2531 284 2594 mentalem
299 2530 540 2606 confessionem
561 2531 613 2593 sed
632 2532 679 2592 cui
699 2531 849 2592 volueriut
871 2548 907 2592 ex
927 2530 1098 2611 approbatis

82 2630 88 2636 ·
119 2620 305 2702 presbyteris
319 2620 381 2682 sive
395 2620 582 2700 regularibus
597 2619 657 2682 sire
672 2619 866 2692 saecularibus
881 2621 1016 2681 comitari
1032 2636 1098 2702 pos

118 2713 202 2770 suot.
220 2708 382 2788 Regulares
396 2715 511 2784 autem,
530 2709 582 2790 qui
604 2707 797 2770 infirmorum
817 2708 1021 2772 confessiones
1043 2727 1097 2772 au-

116 2795 257 2871 dierunt,
273 2795 385 2858 dehent
398 2795 435 2857 de
450 2814 486 2858 eo
498 2796 663 2877 parochum
678 2798 838 2858 certiorem
849 2796 947 2860 facere
966 2815 975 2858 τ
991 2797 1098 2860 sufficit

118 2889 197 2948 tunc
210 2885 380 2948 certioratio
394 2886 640 2967 perscripturum
655 2886 736 2968 apud
748 2887 849 2968 ipsum
870 2887 1026 2948 infirmum
1050 2905 1097 2949 re-

119 2973 236 3036 lictam.
250 2974 375 3038 constit.
391 2973 539 3058 Supremo
554 2974 715 3038 Clementis
728 2977 770 3052 X,
788 2978 822 3037 11
835 2975 913 3054 junii
928 2979 1018 3037 1670.

161 3087 232 3148 1113.
255 3082 377 3157 Quaerit.
393 3086 501 3148 Utrum
512 3083 661 3164 parochus
675 3085 694 3146 h
706 3081 769 3144 suis
779 3082 970 3164 parochianis
982 3082 1093 3146 Eucha-

119 3171 236 3236 ristiam
250 3173 282 3235 13
295 3172 438 3235 Paschate
452 3172 663 3254 poscentibus,
676 3171 728 3252 ius
742 3170 849 3232 haheat
862 3170 1002 3250 exigendi
1016 3172 1098 3252 quod

117 3261 352 3434 pprippbpsttppdaot
364 3261 583 3324 attestationem
595 3259 633 3323 de
647 3257 724 3322 iacit
737 3258 927 3324 confessione
940 3259 1029 3321 alicui
1041 3278 1097 3344 ap·
1113 3368 1123 3404 r·

158 3460 249 3540 Resp.
275 3461 340 3522 Hoc
363 3460 495 3542 generali
518 3459 638 3524 decreto
661 3461 877 3544 praescripsisse
900 3463 930 3526 S.
957 3462 1097 3528 Carolum

118 3548 339 3626 Borromeum;
366 3549 419 3611 sed
441 3549 605 3612 dicendum
628 3551 796 3631 parochum
817 3551 847 3612 id
871 3553 991 3634 exigere
1017 3552 1095 3616 haud

115 3653 219 3720 posse,
234 3637 259 3698 si
274 3637 347 3699 nihil
361 3637 399 3700 de
414 3638 469 3702 hoc
484 3657 516 3701 re
528 3639 661 3702 statuerit
676 3640 863 3720 ordinarius,
876 3643 932 3704 nisi
948 3660 984 3704 cx
999 3644 1095 3722 gravi·

115 3725 175 3786 hus
185 3725 351 3789 rationibus
360 3727 561 3809 suspicaretur
569 3747 630 3791 uon
640 3747 704 3791 esse
715 3729 900 3792 credendum
914 3731 1095 3811 parochiano
