2526 4210
171 238 229 299 202
442 254 596 318 clausurn
615 249 698 316 ranis
718 248 867 294 ennomus.

174 349 345 414 saecularem
356 355 487 433 pertinet
496 360 653 437 protegere
661 349 828 414 Ecclesiam
837 354 1040 429 etprocurare
1051 348 1147 412 obser·

189 438 321 500 ationem
340 440 443 522 legum
460 442 685 506 canonicarum.
709 439 788 517 Ergo
806 437 844 498 ad
859 437 941 518 ipsos
955 436 1029 499 licet
1042 457 1148 500 recur-

170 526 257 600 iere,
281 529 402 608 quando
425 529 599 612 hujusmodi
621 529 703 609 leges
723 525 762 587 ab
782 524 917 608 ipsismet
936 527 1152 607 Superioribus

172 614 380 679 ecelesiasticis
395 618 611 700 inlringurtur.
1116 693 1122 700 ,

211 705 300 785 Resp.
326 707 471 789 Negando
496 723 689 787 consequens
705 709 736 766 et
758 701 1008 782 consequentiam
1028 722 1038 780 ;
1058 723 1099 767 ex
1117 723 1152 769 eo

173 791 254 872 quod
281 793 363 856 enim
390 795 542 876 principes
567 791 721 856 christiani
746 797 775 854 et
800 790 996 870 magistratus
1020 791 1060 853 ab
1081 793 1152 876 ipsis

173 881 343 959 constituti,
366 891 525 946 teneantur
547 882 714 946 Ecclesiam
740 877 841 950 tueri,
866 885 894 940 et
923 877 1020 959 ipsius
1048 881 1153 964 legum

173 967 412 1032 observationem
427 990 605 1054 procurare,
625 969 753 1032 minime
768 967 903 1048 sequitur
918 968 1002 1048 quod
1018 970 1058 1031 nd
1073 973 1154 1052 ipsos

176 1056 260 1118 liceat
271 1077 438 1137 recurrere,
449 1060 571 1142 quando
583 1059 665 1140 leges
676 1055 885 1121 ecclesiasticae
897 1063 927 1117 et
940 1074 1077 1120 canones
1092 1079 1153 1120 nou

175 1143 371 1209 observantur
398 1150 415 1210 a
444 1147 657 1229 Superioribus
684 1151 715 1208 et
738 1143 892 1224 judicibus
920 1143 1151 1224 ecclesiasticis;

176 1233 287 1313 quippe
307 1234 440 1316 ipsaemet
464 1237 546 1318 loges
564 1235 706 1298 Ecclesia
721 1241 752 1296 et
764 1250 897 1296 canones
915 1231 1095 1311 hujusmodi
1110 1255 1154 1298 re

176 1337 298 1384 cursum
317 1325 495 1404 probibent,
516 1325 717 1404 sanciuntque
733 1328 766 1386 ut
792 1327 864 1384 tuno
884 1321 986 1400 potius
1004 1321 1153 1387 habeatur

177 1425 315 1474 recursus
341 1412 379 1475 ad
408 1414 539 1477 tribunal
564 1406 802 1476 ecclesiasticum
827 1409 939 1490 gradus
964 1413 1150 1492 superioris:

176 1496 309 1579 alioquin
324 1501 437 1564 lactum
456 1509 536 1565 esset
548 1503 585 1563 de
601 1499 836 1581 independentit
851 1505 880 1560 et
897 1499 1033 1562 libertate
1047 1502 1152 1565 Eccle-

177 1586 237 1650 siae.
254 1589 383 1652 Proinde
401 1609 440 1654 err
457 1609 494 1653 eo
508 1590 590 1673 quod
605 1589 763 1672 'principes
783 1587 936 1650 christiani
952 1589 1014 1650 sint
1032 1597 1151 1671 protec-

178 1681 256 1739 tores
276 1685 305 1740 et
325 1679 497 1742 defensores
517 1679 659 1742 Ecclesiae
679 1697 714 1741 ac
735 1677 830 1759 ipsius
843 1675 963 1756 legum,
978 1676 1040 1741 hoc
1056 1699 1151 1743 unum

177 1767 312 1845 sequitur
326 1769 407 1848 quod
419 1787 583 1850 procurare
597 1768 726 1830 debeant
738 1773 772 1828 ut
786 1765 845 1826 illae
858 1766 1056 1830 observentur
1066 1771 1151 1848 juxta

178 1853 319 1932 placitum
335 1858 532 1938 Superiorum
546 1856 836 1928 ecelesiasticorum,
852 1859 881 1916 et
898 1853 930 1915 lu
944 1873 1016 1918 casu
1032 1857 1151 1922 illarum

177 1941 360 2020 violationis,
382 1951 415 2008 ut
435 1945 627 2009 interioribus
648 1945 724 2006 liber
747 1945 784 2006 sit
801 1961 942 2005 recursus
962 1943 1001 2006 ad
1020 1964 1073 2009 eos
1096 1951 1151 2011 Su·

178 2031 395 2115 perimmuni,
409 2034 493 2116 juxta
510 2053 660 2109 canones,
675 2033 785 2098 talibus
799 2032 1027 2096 infractionibus
1040 2037 1151 2100 mederi

179 2119 302 2184 valent:
327 2123 481 2204 alioquin,
510 2123 535 2186 si
562 2123 636 2206 quid
664 2121 741 2184 ultra
769 2119 867 2183 lacere
891 2121 1057 2202 voluerint,
1080 2125 1152 2188 nibil

177 2207 259 2270 aliud
275 2211 331 2273 erit
354 2214 446 2294 quam
469 2211 613 2294 sacrilege
633 2211 788 2274 thuribulo
809 2227 935 2273 manum
957 2211 1105 2293 adjicere,
1124 2224 1152 2278 et

175 2298 415 2378 jurisdictionem
429 2301 500 2364 solis
512 2302 658 2364 ministris
671 2299 813 2363 Ecclesiae
824 2301 842 2361 a
854 2298 971 2362 Christo
981 2301 1150 2367 attributam

177 2388 387 2453 damnabiliter
401 2409 557 2471 usurpare.
657 2420 659 2424 ·

217 2476 312 2557 Objic.
327 2483 360 2541 2⁰
378 2479 599 2560 Magistratibus
620 2478 758 2542 civilibus
772 2477 904 2541 maxime
921 2477 1070 2544 incumbit
1082 2483 1151 2546 sub·

177 2563 270 2642 jactos
283 2575 388 2632 contra
397 2568 457 2630 vim
472 2573 503 2629 et
515 2567 743 2650 oppressionem
758 2566 931 2630 defendere.
943 2570 1025 2650 Ergo
1041 2571 1066 2632 si
1081 2571 1151 2654 ipsis

177 2654 314 2736 superior
329 2657 548 2720 ecclesiasticus
567 2658 709 2736 injuriam
727 2656 849 2728 inferat,
873 2656 917 2719 las
937 2657 994 2719 erit
1007 2677 1152 2741 oppresso

184 2742 214 2806 sd
226 2745 396 2826 principem
410 2751 462 2808 aut
473 2745 681 2827 magistratum
693 2746 730 2808 ab
740 2763 777 2808 eo
788 2745 958 2808 institutum
972 2747 1151 2832 confugere,

177 2835 294 2916 quitali
313 2835 431 2914 injuriae
445 2835 612 2898 remedium
627 2843 833 2918 opportunum
847 2835 960 2897 afferat.
976 2839 1074 2918 Ergo,
1092 2849 1148 2903 etc.
1254 2833 1255 2910 ᾗ

216 2926 306 3006 Resp.
323 2924 417 2987 Debet
434 2924 558 3006 quidem
577 2925 718 3006 princeps
735 2929 767 2987 et
786 2923 881 3005 ipsius
896 2925 1021 2988 nomine
1041 2931 1149 3010 magis·
1254 2943 1255 2962 ¹

177 3019 288 3090 uatus,
307 3013 457 3093 subjectos
476 3013 553 3075 tueri
570 3020 674 3076 contra
691 3013 754 3076 vim
776 3021 806 3076 et
828 3013 1082 3094 oppressionem,
1099 3019 1150 3081 sed

177 3103 215 3166 ita
229 3111 330 3167 tamen
347 3110 456 3166 utnon
470 3109 593 3182 usurpet
613 3101 854 3180 Jurisdictlonem
873 3102 1038 3181 Ecclesiae,
1056 3125 1148 3188 quam

176 3193 471 3273 independentema
501 3183 635 3274 saecffl'ari
663 3197 806 3271 potestate
832 3190 965 3255 Christus
992 3192 1151 3274 instituit;

176 3284 266 3364 porro
280 3283 317 3361 si,
331 3281 363 3344 in
382 3280 504 3364 negotio
517 3277 730 3357 ecclesiastico,
742 3279 882 3362 princeps
895 3287 947 3343 aut
958 3281 1152 3362 magistratus

176 3371 360 3452 appellantes
385 3371 403 3432 a
427 3369 529 3448 jndice
556 3367 758 3431 ecclesiastico
777 3369 970 3450 susciperet,
991 3371 1149 3452 manifesti

177 3468 334 3542 usurparet
348 3458 587 3539 jurisdictionem
615 3455 710 3539 ipsius
725 3457 886 3534 Ecclesiae,
906 3463 940 3520 ut
956 3465 1049 3540 patet.
1069 3463 1146 3544 Ergo

175 3558 280 3612 contra
293 3547 520 3630 oppressionem
534 3544 647 3628 iniquas
658 3546 824 3620 sententiae,
836 3547 977 3629 princeps
986 3566 1051 3611 non
1065 3549 1145 3613 aliter

175 3639 265 3701 debet
278 3646 435 3719 protegere
453 3655 523 3700 suos
540 3635 691 3715 subjectos
711 3637 802 3716 quam
821 3635 1010 3716 procurando
1023 3645 1060 3700 ut
1075 3658 1147 3702 sen-

178 3727 267 3785 tentia
287 3727 499 3786 reformatoria
518 3723 621 3798 iudice
633 3730 824 3796 competente
839 3724 1051 3790 ecclesiastico.
1069 3729 1145 3812 Diri·
