2562 4224
461 287 567 332 exeun
589 289 705 334 antuus.
1044 283 1085 338 att

102 411 117 440 a
141 385 334 446 concedendi
350 392 508 462 potestates
536 385 729 465 praedicandi,
741 387 939 451 absotrrnuta
955 393 1083 470 peccatis

101 497 116 528 o
140 473 207 533 sive
221 476 239 533 a
253 474 409 546 cornutis,
427 473 464 534 ad
479 475 577 536 lorum
592 482 750 535 externum
770 478 912 554 pertinet;
933 482 1005 560 quia
1019 482 1084 544 haee

103 585 118 618 a
145 562 179 620 in
197 561 311 621 tionum
327 563 553 624 communitatis
566 563 678 624 directe
690 563 828 626 refertur.
845 589 860 623 o

142 651 207 710 tt]
244 651 390 734 Diuiditur
418 657 449 712 2⁰
472 651 504 712 in
529 650 729 714 Universalem
755 673 823 732 ouae
848 655 931 717 nullo
953 664 1085 720 arctatur

99 736 217 810 limite,
237 757 292 798 nec
317 739 417 818 quoad
441 758 600 821 personas,
624 758 680 801 nee
695 742 795 820 quoad
818 743 896 816 loca,
913 763 969 806 uec
983 746 1082 826 quoad

99 827 270 887 materias:
288 829 355 888 tatis
377 828 434 890 luit
422 828 618 906 tiarisdictio
638 829 862 909 Apostolorum
879 839 907 892 et
922 835 1083 896 nunctatis

98 921 146 976 est
158 915 331 994 iurisdictio
346 919 463 978 Summi
479 917 708 978 Pontificis—
728 921 761 978 In
784 920 856 980 Part
859 921 1000 983 rralarem
1014 943 1083 1004 quae

98 1003 298 1083 restringitur
312 1007 413 1086 aliquo
427 1025 464 1068 ex
478 1007 537 1068 illis
550 1006 646 1068 tribus
667 1007 777 1082 modis,
794 1029 904 1092 nerupe
921 1012 977 1074 vet.
983 1013 1083 1093 quoad

99 1111 270 1173 personas,
285 1095 328 1154 rol
343 1095 443 1174 quoad
457 1095 533 1171 loca,
549 1095 595 1156 vel
606 1096 705 1176 quoad
716 1099 864 1159 materiis.

142 1186 218 1244 165.
247 1184 392 1244 Dividitur
406 1186 459 1246 3⁰
453 1204 484 1246 m
499 1183 699 1246 uoluntariam
713 1192 742 1246 et
760 1188 965 1249 contentiosam
984 1207 1037 1251 seu
1052 1189 1083 1252 iu

98 1270 363 1354 eatrajudicialem
376 1273 598 1355 ctjadlrialem.
617 1274 808 1350 Voluntaria,
823 1278 989 1356 quaeetiam
998 1297 1083 1341 voca·

99 1369 152 1422 tur
169 1360 426 1442 ertrajadz'cialls,
442 1363 491 1424 illa
504 1371 547 1425 est
560 1381 651 1442 quam
667 1365 803 1444 superior
817 1384 957 1428 exercere
973 1373 1081 1448 potest,
1126 1415 1128 1421 .

98 1449 197 1514 etiam
212 1468 284 1529 erpa
300 1451 423 1526 invitos,
443 1451 557 1532 absque
571 1450 673 1512 formis
688 1471 742 1532 pro
760 1453 910 1530 judiciisa
926 1457 994 1532 jure
1007 1475 1082 1535 pree·

98 1537 202 1619 ceptis
218 1558 225 1597 :
243 1539 273 1598 in
289 1542 324 1599 ea
339 1539 503 1602 includitur
517 1546 646 1621 potestas
661 1559 804 1602 censuras
825 1543 938 1603 terendi
952 1546 1083 1622 extraju·

99 1626 267 1689 diciaiiter.
285 1661 322 1674 -
336 1627 522 1692 contentiosa
542 1629 612 1691 verd
626 1647 678 1689 seu
687 1627 852 1709 judicialis
873 1630 922 1690 illa
945 1639 1000 1708 est,
1015 1651 1083 1714 quae

98 1720 190 1794 juxta
205 1715 318 1777 formas
333 1735 387 1798 pro
399 1718 517 1796 judiciis
532 1720 548 1778 a
561 1718 628 1796 jure
643 1717 832 1797 praescriptas
844 1727 1009 1782 exercetur.

142 1806 338 1866 Contentiosa
352 1807 539 1884 jurisdictio,
565 1814 647 1867 extra
667 1807 852 1868 territorium
875 1809 991 1871 Praelati
1014 1828 1084 1873 eam

99 1899 286 1964 exercentis,
303 1914 363 1956 non
376 1903 472 1976 potest
486 1895 567 1958 licite
586 1914 643 1958 nee
657 1895 753 1958 valide
773 1897 920 1970 exerceri,
939 1899 1086 1978 quietate

99 1985 284 2046 exercitium
297 1985 361 2045 siae
373 1986 497 2066 strepitu
509 1985 573 2047 fieri
584 1985 699 2066 nequitu.
711 1988 753 2046 Ita
767 2004 833 2066 cap.
849 1985 888 2048 Ut
899 1987 1079 2066 animarum,

99 2072 137 2135 de
150 2071 267 2148 const,
284 2074 313 2134 in
328 2079 371 2148 6⁰,
387 2076 417 2135 in
435 2093 496 2156 quo
510 2074 619 2136 dieitur
636 2093 643 2134 :
659 2075 763 2136 Ecetra
776 2075 1022 2159 territoriumjus
1034 2077 1084 2139 di·

99 2162 183 2224 reati
195 2163 318 2243 impune
331 2183 390 2224 aaa
398 2173 541 2245 paretur.¹
550 2199 590 2210 -
604 2163 780 2225 Voluntaria
793 2165 866 2226 verd
880 2174 977 2245 potest
990 2167 1081 2229 etiam

99 2257 190 2313 extra
201 2253 385 2313 territorium
400 2253 531 2314 exerceri
548 2299 555 2328 ,
576 2252 633 2314 nisi
647 2252 849 2315 ministerium
867 2253 983 2315 ordinis
998 2255 1083 2336 Epis·

77 2394 81 2403 .
98 2339 219 2421 aopalis
232 2341 330 2418 exigat
350 2349 383 2403 ut
397 2341 476 2402 intra
493 2340 646 2404 diaecesim
668 2348 863 2417 exerceatur,
883 2343 1081 2422 quemadmo-

98 2429 177 2492 dum
201 2432 390 2509 eontingeret
408 2431 433 2491 si
458 2429 642 2491 Pontidealie
664 2436 893 2505 exercerentur,
917 2430 958 2504 si,
980 2449 1008 2490 v.
1034 2451 1080 2512 g.,

98 2527 292 2579 sacramenta
305 2518 425 2580 Ordinis
440 2525 470 2580 et
486 2517 730 2580 confirmationis
749 2517 923 2580 dioecesano
936 2536 992 2580 suo
1011 2537 1084 2582 eou-

98 2607 197 2670 ferret
210 2608 388 2688 Episcopus.
1054 2631 1059 2641 ·

141 2699 213 2756 ¹66.
240 2697 383 2758 Dividitur
396 2703 427 2758 4⁰
439 2699 471 2760 in
481 2696 668 2760 ordinariam
682 2700 712 2757 et
724 2695 895 2777 delepotam.
915 2697 1084 2762 Ordiaarr‘a

104 2784 255 2847 liciturea
269 2805 337 2866 quae
347 2787 448 2864 alicui,
462 2789 529 2866 Jure
539 2784 677 2867 proprio,
692 2785 808 2846 ratione
822 2785 912 2847 officii
923 2791 975 2848 aut
984 2785 1013 2848 di
1021 2789 1086 2867 gni·

99 2875 171 2938 tutis
185 2892 267 2948 suae,
293 2895 329 2936 ox
344 2876 427 2957 lege,
448 2874 679 2950 consuetudine,
694 2879 747 2936 aut
762 2874 916 2956 privilegia
930 2876 992 2936 vim
1011 2875 1085 2958 legis

97 2962 246 3032 habente,
263 2967 407 3044 competit
423 2984 430 3026 :
449 2965 516 3026 talis
530 2971 574 3026 est
591 2961 759 3040 jurisdictio
774 2963 915 3041 Pernam,
930 2963 1085 3026 Poeniten·

97 3052 196 3122 tiarii,
216 3053 375 3134 Episcopi,
398 3053 542 3135 Capituli,
573 3050 716 3125 Abbatis,
742 3052 773 3112 S;
800 3052 955 3114 Pontifieis
973 3053 1005 3112 in
1024 3057 1082 3114 toto

99 3140 244 3204 Ecclesia.
265 3143 374 3222 trgati,
390 3151 447 3206 etc.
464 3143 519 3216 Oui
534 3139 691 3224 possident
702 3139 945 3241 iurisdictionem
959 3139 1079 3201 ordina·

98 3229 176 3292 riam
191 3230 223 3290 in
243 3230 308 3293 loro
326 3239 451 3294 externo
473 3239 544 3294 sunt
567 3228 737 3305 Ordinarii3
753 3247 815 3309 quo
836 3228 958 3290 nomine
972 3245 1071 3291 voean

99 3323 148 3380 tur
163 3337 225 3380 non
247 3323 345 3382 sotum
370 3321 529 3402 Episcopi,
551 3318 604 3382 sed
624 3335 731 3380 earum
746 3317 855 3378 Vicarii
875 3314 1037 3378 Generales
1055 3334 1087 3378 e

98 3407 232 3478 Praelati,
254 3410 306 3488 qui
329 3410 359 3471 in
378 3411 467 3471 certis
486 3409 560 3472 loeis
571 3406 813 3509 Jurisdietionem
827 3404 925 3485 quasi·
926 3405 1084 3488 episcope·
1069 3423 1090 3456 -t

97 3503 158 3558 tem
172 3515 280 3558 exerce
285 3506 326 3560 nt
343 3499 402 3560 Sed
414 3498 498 3561 dicto
513 3496 636 3560 nomine
650 3513 712 3556 non
727 3493 924 3574 designantur
939 3496 1076 3572 Parochi,

96 3584 248 3666 quianon
266 3586 376 3648 halent
385 3582 650 3666 jurisdictionem
642 3601 673 3643 m
688 3581 824 3643 forot
773 3589 824 3641 ert
825 3601 906 3644 erno.
923 3583 960 3644 V.
983 3584 1072 3646 Cone.

95 3673 249 3746 uident„
273 3694 345 3738 sese.
366 3680 425 3752 24,
448 3696 474 3738 c.
499 3681 531 3752 t,
553 3673 587 3737 de
601 3673 733 3752 Reform.
751 3671 895 3747 matrim„
911 3671 962 3733 ubi
975 3673 1078 3734 Pare·

96 3761 166 3824 elius
178 3763 376 3842 distinguitur
390 3766 428 3826 ab
442 3765 599 3825 Ordinario
614 3761 735 3841 proprie
749 3760 840 3821 dicto.
