2526 4210
496 294 581 338 crum
602 293 718 338 rernos.
1034 282 1090 339 dol

118 420 134 452 ι
157 393 222 456 rint
233 411 276 465 se,
289 393 384 472 mopis
397 389 602 452 consuetudine
614 391 701 471 quom
715 389 917 472 dispositionis
932 390 1097 454 Dominicis

118 505 136 543 o
159 481 292 556 veritate,
304 474 484 562 presbyteris
496 498 553 540 osse
565 479 703 560 majoros,
719 483 749 540 et
762 479 794 538 in
814 479 968 541 communi
984 480 1093 542 debere

120 591 137 631 a
160 569 327 632 Ecclesiam
343 585 463 647 regere,
484 567 634 628 imitantes
654 569 795 646 Moysen,
810 565 862 648 qui
883 568 955 629 clrnt
972 565 1096 630 eruerer

119 679 138 720 c
159 658 243 720 solus
258 674 386 738 praeesse
403 655 515 736 populo
529 654 636 730 lsrael,
652 657 692 716 70
706 654 810 734 elegit,
826 672 897 715 oum
917 654 1027 734 quibus
1044 675 1094 735 po

121 769 138 806 o
160 746 267 827 pulum
281 743 470 823 judicaret.»
491 743 636 804 Eamdem
652 743 821 804 doctrinam
841 740 873 804 S.
893 743 1102 823 Hieronymus

118 833 256 898 defendit
269 833 301 894 in
315 831 418 894 snaed
430 830 735 910 Evagriumepistolrl.

161 923 252 1001 Resp.
276 925 307 981 1ο
329 921 449 982 Certum
470 926 514 980 est
535 921 568 980 S.
592 921 811 999 Hieronymum
829 917 909 980 clare
926 917 1096 981 distinxisse

119 1008 200 1088 inter
211 1010 395 1089 Episcopum
410 1013 440 1069 et
454 1007 663 1088 presbyterum
680 1027 687 1068 ε
705 1007 735 1067 in
750 1007 813 1087 ipsa
827 1007 909 1068 enim
922 1005 1045 1087 epistolii
1059 1006 1096 1067 ad

119 1099 285 1178 Evagrium
299 1097 342 1158 sic
356 1097 396 1158 ait
412 1114 420 1156 ε
438 1095 543 1167 «Ouid
564 1095 646 1156 enim
662 1093 744 1173 facil,
764 1095 884 1176 exceptet
899 1093 1094 1170 ordinatione,

122 1208 139 1243 o
161 1185 330 1266 Episcopus
348 1183 430 1265 quod
448 1183 603 1266 presbyter
622 1201 684 1244 non
705 1183 844 1245 laciali»
862 1219 901 1233 -
916 1186 995 1263 Ergo
1013 1184 1114 1262 juxta·

118 1273 153 1336 S.
177 1275 352 1350 Hectorem,
370 1272 525 1354 presbyter
546 1291 607 1333 non
627 1277 725 1352 potest
744 1271 843 1334 facere
863 1271 1098 1348 ordinationem.

118 1359 175 1423 sed
192 1361 274 1424 solus
288 1361 372 1422 illam
387 1379 531 1442 peragere
544 1360 622 1422 valet
636 1361 813 1442 Episcopus.

166 1449 211 1509 ild
222 1468 289 1530 cap.
301 1452 340 1512 26
350 1448 503 1530 Evangelii
515 1448 665 1510 Slllallh.
680 1449 821 1509 sichabel
831 1447 911 1509 idem
921 1449 953 1510 S.
968 1451 1098 1511 Doctorz

126 1559 144 1599 ι
164 1538 252 1609 Ouod
266 1538 403 1600 iecerunt
415 1544 444 1598 et
459 1536 605 1618 Apostoli,
619 1535 817 1616 persingulas
829 1535 999 1616 provincias
1012 1537 1096 1598 ordi-

126 1648 145 1687 o
166 1631 271 1688 nantes
281 1624 465 1708 presbyteros
474 1632 504 1686 el
516 1623 690 1706 Episcopos.
702 1647 717 1682 u
731 1625 811 1704 Ergo
822 1622 1024 1704 distinguebat
1033 1624 1102 1687 illos

122 1715 203 1778 duos
217 1715 338 1796 gradus.
355 1715 404 1776 Sic
424 1711 523 1774 adlmc
537 1711 627 1773 habet
640 1712 672 1772 in
691 1711 824 1792 Epistola
840 1710 878 1772 ad
896 1711 1071 1774 Marcellum
1088 1734 1097 1774 ι

126 1824 144 1863 u
169 1802 256 1884 Apud
271 1821 326 1866 nos
342 1801 553 1883 Apostolorum
568 1801 670 1862 locum
686 1800 822 1881 Episcopi
834 1806 948 1862 tenent.
965 1802 1028 1864 Nec
1041 1801 1097 1865 du·

127 1913 144 1952 c
166 1891 250 1952 bium
265 1891 339 1971 quin
351 1890 389 1952 de
402 1893 439 1952 le
451 1889 709 1970 Apostolissernro
719 1889 767 1964 sil,
779 1889 816 1950 de
827 1907 957 1968 quorum
967 1888 1097 1954 lontibus

129 2001 146 2040 a
166 1978 306 2042 derivatos
320 1997 407 2060 aquae
417 1979 508 2040 totius
523 1976 629 2040 mundi
644 1976 807 2040 siccitatem
821 1977 929 2058 rigant.
945 1979 1035 2040 Juxta
1046 1978 1100 2041 has

128 2089 146 2128 o
166 2071 308 2149 aquas'lo
320 2071 478 2130 creverunt
492 2066 611 2147 palmae,
626 2084 703 2146 quos
714 2070 744 2127 et
751 2063 872 2127 secundi
880 2063 995 2126 ordinis
1004 2085 1088 2128 sacer

128 2177 147 2218 α
167 2157 253 2218 dotes
263 2156 458 2238 intelligimus
470 2161 706 2236 preceptores.»
1122 2157 1125 2160 ’

167 2246 301 2308 Tandem
316 2245 396 2306 idem
412 2247 442 2306 S.
460 2245 569 2305 Doclor
588 2249 670 2304 tenet
692 2241 881 2322 naufragium
900 2242 930 2302 in
953 2247 1042 2324 portu
1056 2243 1100 2306 iu·

124 2353 208 2413 cere,
224 2335 277 2415 qui
300 2334 417 2396 nullum
431 2333 594 2394 discrimen
609 2337 716 2412 putant
736 2330 921 2391 intercedere
941 2330 1098 2411 presbytc-

125 2441 198 2486 rum
220 2425 298 2484 inter
320 2428 349 2485 et
363 2421 567 2502 Episcopum.
595 2417 709 2479 «Nihil
733 2417 867 2495 interest,
887 2419 999 2491 scribit,
1023 2419 1098 2481 inler

129 2533 147 2572 ι
167 2511 377 2592 presbyterum
402 2517 431 2572 et
453 2510 656 2589 Episcopum
675 2505 782 2567 eadem
801 2506 935 2586 Dignilas
954 2508 1101 2570 mittentis

130 2621 149 2660 ι
169 2601 334 2682 (Episcopi)
352 2605 381 2661 et
397 2599 480 2659 missi
502 2595 687 2677 (presbyteri)
710 2595 790 2656 :hoc
810 2596 880 2656 satis
898 2595 1048 2676 imperite,
1067 2598 1103 2659 in

131 2709 148 2748 o
167 2697 268 2770 portu,
282 2697 316 2750 ul
336 2687 462 2764 dicitur,
479 2685 713 2766 naufragium.»
736 2683 822 2761 (Adv.
838 2686 948 2750 loson.
965 2685 1090 2748 Hieroso

126 2778 265 2859 lynrilan.
283 2775 398 2857 Episc.)
599 2805 614 2836 ο

168 2866 252 2928 Clare
275 2865 340 2928 haeo
358 2863 548 2926 manifestant
565 2880 712 2942 magnum
731 2863 892 2940 interesse,
912 2881 949 2926 ex
969 2865 1000 2928 S.
1026 2864 1105 2927 Hie-

126 2973 274 3035 ronym0‚
296 2953 459 3017 discrimen
480 2953 555 3013 inter
572 2953 756 3033 Episcopum
777 2959 807 3013 el
827 2953 1046 3032 presbyterum.
1069 2953 1116 3014 Si·

127 3061 201 3124 ergo
214 3044 304 3106 verba
316 3043 349 3104 in
364 3041 532 3120 objectione
546 3039 637 3100 relata
659 3039 690 3099 in
704 3037 818 3100 bonum
834 3057 956 3102 sensum
976 3041 1104 3120 intelligi

127 3149 191 3194 uon
205 3137 342 3212 possunt,
352 3128 517 3191 dicendum
531 3127 588 3189 erit
600 3125 657 3188 sibi
670 3126 875 3189 contradicere
885 3129 915 3189 S.
927 3129 1100 3204 doctorem,

127 3220 255 3304 proinde
275 3219 389 3282 nullam
409 3235 475 3280 esse
498 3216 592 3297 ipsius
609 3214 815 3276 auctoritatem
836 3214 965 3277 :sedin
986 3214 1103 3277 bonum

125 3327 251 3372 sensum
263 3326 352 3390 posse
365 3306 469 3370 reduci
481 3303 649 3366 necessario
658 3302 822 3366 dicendum
834 3310 894 3380 est,
907 3303 1040 3385 alioquin
1053 3323 1100 3366 ex·

126 3397 231 3480 plicari
252 3415 314 3459 non
335 3396 445 3458 valeret
463 3392 617 3475 quomodo
630 3393 662 3454 S.
679 3391 882 3473 Hieronymus
900 3410 963 3454 non
982 3391 1105 3456 habitus

126 3487 218 3550 luerit
238 3487 269 3547 in
290 3485 348 3548 hoc
361 3490 475 3566 puncto
488 3481 665 3556 haereticus,
681 3479 758 3542 sieut
772 3483 874 3543 revere
888 3481 972 3564 prius
984 3481 1100 3544 habitus

126 3576 225 3639 luerat
239 3573 357 3649 Aerios,
368 3572 467 3634 statim
479 3589 515 3633 ae
527 3574 685 3650 negaverat
695 3567 859 3650 Episcopos
871 3569 964 3633 meris
976 3570 1097 3654 preshy-

126 3665 200 3727 lcris
215 3661 386 3745 superiores
397 3677 473 3722 esse.

167 3752 264 3812 Porro
275 3746 478 3812 diversimode
490 3745 605 3823 obirem
617 3746 706 3808 rcrlra
719 3749 749 3809 S.
767 3746 943 3829 Hieronymi
957 3744 1105 3809 catholice
