2526 4210
154 262 212 318 Μ
428 268 579 315 acaunum
600 271 682 320 tuuis
704 272 850 320 curtorum.

155 377 236 457 gotia
245 372 351 455 quaeiu
361 371 544 434 consistorio
554 372 707 436 tractanda
718 381 798 452 sunt,
810 375 974 456 etquidem
985 376 1004 437 a
1015 375 1101 437 Sixto
1111 377 1133 434 V

156 481 210 541 per
236 462 355 523 Bullam
379 461 539 536 immensu,
568 466 597 522 et
621 461 769 542 imprimis
794 464 951 544 cognoscit
972 462 1012 526 de
1034 463 1138 526 causis

157 551 317 614 erectionis
330 567 476 611 novarum
491 548 704 612 Ecclesiarum.

295 712 324 764 il.
333 712 524 778 -donqreqatto
534 711 560 766 S.
576 713 740 780 inquisitionis
752 729 796 767 nen
808 715 893 770 Sanctt
907 715 993 780 Officii.

197 859 266 918 373.
290 857 333 916 De
348 852 519 935 primordiis
533 852 703 916 Tribuualis
722 853 950 934 Inquisitionis,
973 853 1044 916 vide
1066 873 1130 917 uos

168 963 238 1006 rum
253 943 416 1018 Manuale,
431 951 464 1002 n⁰
478 945 548 1019 722,
564 948 620 1004 etc.

199 1045 288 1101 Anno
310 1046 413 1101 autem
434 1041 523 1115 1542,
547 1037 671 1101 Constit.
687 1039 771 1101 licet
792 1039 829 1101 ab
842 1039 948 1114 initio,
965 1037 1080 1100 Paulus
1104 1042 1148 1102 iil

159 1127 286 1191 instituit
299 1126 567 1207 Congregationem
583 1127 640 1188 sub
655 1129 778 1190 nomine
794 1149 801 1189 :
818 1126 970 1191 Generalis
981 1127 1151 1190 etuniver·

160 1216 233 1278 calls
244 1215 452 1296 inquisitionis
461 1215 494 1275 ln
505 1215 641 1277 universa
652 1215 816 1299 Republica
828 1215 991 1278 christiana
1001 1215 1152 1278 adversita

162 1305 327 1366 tereticam
341 1305 528 1386 pravitatem.
541 1303 626 1366 Illam
640 1306 712 1367 Pius
723 1308 762 1367 lV
772 1311 802 1367 et
812 1307 842 1368 S.
861 1305 930 1367 Pius
940 1307 966 1364 V
976 1305 1150 1368 coinfirma-

161 1400 233 1456 ruut
249 1399 279 1454 et
298 1393 528 1472 quamplurimis
542 1393 705 1473 privilegiis
718 1393 906 1469 ditaverunt3
928 1393 1049 1474 ipsique
1069 1394 1153 1456 Six-

161 1486 210 1544 tus
223 1484 260 1555 V,
276 1482 362 1544 Bulla
375 1481 520 1543 immensu
533 1483 638 1544 aterni
652 1483 709 1544 net
716 1531 723 1558 ,
740 1489 917 1562 potestatem
930 1481 998 1543 iecit
1012 1504 1027 1539 a
1038 1482 1153 1564 inqui-

166 1570 305 1646 «rendi,
328 1570 460 1645 citandi,
481 1569 683 1650 procedendi,
699 1570 899 1632 sententiandi
922 1579 953 1633 et
973 1570 1152 1639 deliniend’

167 1681 183 1718 n
202 1659 234 1720 in
246 1658 389 1722 omuibus
401 1658 511 1734 causis,
519 1664 580 1719 tam
590 1657 728 1719 haeresim
738 1658 928 1720 manifestam
938 1661 1032 1738 quam
1047 1657 1152 1722 schis·

167 1769 183 1806 n
204 1754 295 1824 anaia,
310 1747 489 1828 apostasiam
505 1748 522 1806 a
537 1746 612 1817 tide,
628 1747 777 1825 magiam,
793 1747 956 1826 sortilegia,
972 1765 1157 1810 sacramen·

168 1859 182 1896 n
202 1841 304 1896 torum
318 1835 429 1896 abusus
443 1839 472 1894 et
486 1853 686 1915 quacumque
700 1835 772 1908 alia,
789 1853 856 1914 quae
870 1837 961 1896 etiam
976 1854 1157 1918 praesurnp·

168 1947 182 1982 a
202 1929 263 1984 tam
271 1921 410 1984 haeresirn
421 1941 524 2002 sapere
534 1922 958 1999 videntur,ooncerncntibus;
972 1925 1156 1988 nonsolirm

167 2035 182 2070 a
203 2013 234 2072 in
248 2011 328 2075 Urbe
340 2017 369 2072 et
385 2018 462 2072 statu
477 2011 634 2091 temporali
647 2011 676 2072 S.
695 2012 765 2072 Sodi
780 2011 920 2087 subdito,
935 2014 1103 2074 sedetiam
1121 2016 1157 2077 in

167 2101 342 2163 «universo
373 2108 520 2160 terrarum
554 2099 651 2172 orire,
681 2118 771 2180 super
797 2117 904 2161 ornnes
932 2101 1156 2180 Patriarchas‚

166 2210 181 2248 n
203 2190 451 2270 Archiepiscopos
466 2194 497 2249 et
510 2187 584 2249 alios
602 2187 760 2250 inferiores
773 2208 808 2249 ac
818 2189 1032 2268 inquisitores,
1048 2197 1118 2254 etc.
1136 2215 1155 2253 u

201 2286 414 2368 inquisitorum
453 2285 680 2367 particularium
709 2286 912 2364 jurisdictioni
947 2306 1158 2370 nequaquam

161 2381 262 2438 amen
278 2374 433 2453 subjacent
446 2374 586 2455 Episcopi
601 2373 702 2454 quoad
715 2376 830 2435 crimen
846 2375 1006 2437 haereseos.

202 2471 400 2552 Congregatio
414 2468 619 2551 inquisitionis
640 2476 674 2532 ut
697 2471 792 2550 prima
812 2472 889 2532 inter
909 2480 1034 2535 oaeteras
1048 2473 1159 2542 habe·

162 2565 228 2636 tur,
244 2560 304 2620 sive
326 2559 366 2618 ob
387 2555 590 2638 praestantiam
610 2560 803 2638 negotiorum
818 2578 887 2639 quae
901 2561 940 2621 ab
954 2565 990 2622 ea
1005 2571 1159 2641 pertrac-

164 2654 275 2723 tantur,
288 2647 349 2708 sivc
361 2646 431 2726 quia
441 2645 468 2706 ei
481 2653 588 2726 praeest
603 2646 730 2725 ipsemet
740 2648 770 2708 S.
783 2647 932 2710 Pontifex.
947 2650 1019 2712 Vide
1032 2654 1159 2733 quibus

164 2736 309 2798 membris
321 2741 439 2796 constet
452 2733 482 2794 in
497 2741 600 2796 nostro
614 2733 762 2810 Manuuli,
778 2746 813 2796 n⁰
828 2741 897 2800 7⁶25.

202 2834 241 2896 Ut
255 2831 373 2912 negotia
386 2849 458 2893 cum
472 2832 507 2892 ea
521 2849 589 2912 quae
600 2831 688 2892 decet
702 2832 874 2894 maturitate
889 2853 993 2897 coram
1007 2839 1040 2900 S.
1058 2805 1159 2904 Pon-

161 2919 243 2983 tidce
257 2920 466 2982 examinentur
480 2938 516 2981 ac
532 2919 725 2998 decidantur,
740 2919 809 2982 duae
825 2925 1045 3004 praeparatoria
1059 2928 1158 2994 Con·

159 3011 352 3092 gregationes
366 3007 536 3090 praecedere
550 3008 657 3069 solent.

201 3109 236 3169 In
254 3107 353 3188 prima
366 3106 468 3186 igitur,
484 3121 563 3186 quae,
579 3103 706 3184 singulis
721 3104 802 3167 feriis
816 3107 971 3185 secundis,
985 3110 1017 3172 in
1032 3111 1159 3192 palatio

164 3193 194 3260 S.
210 3195 307 3258 Officii
323 3196 415 3276 prope
430 3194 607 3254 Vaticanum
622 3191 722 3254 locum
735 3193 841 3272 habet,
858 3199 1046 3262 conveniunt
1059 3201 1157 3268 Con·
1256 3211 1257 3218 ’

163 3285 291 3348 suttores
312 3301 383 3346 cum
398 3281 627 3357 Commissario,
654 3284 828 3359 assessore,
843 3291 903 3347 etc.
928 3287 1159 3370 Praeparantur

164 3375 293 3455 negotia,
305 3373 448 3454 leguntur
462 3387 629 3452 processus,
641 3387 676 3432 ac
690 3371 909 3453 Episcoporum
924 3377 971 3438 vel
986 3379 1159 3460 inquisito·

163 3479 232 3524 rum
241 3461 382 3522 localium
394 3461 501 3520 litterae
511 3465 564 3520 aut
576 3458 736 3520 relationes
750 3477 805 3539 pro
816 3464 932 3540 majore
942 3465 1160 3539 instructione

165 3550 346 3624 Assessoris,
362 3549 526 3630 quitatum
545 3547 701 3627 negotium
721 3555 768 3610 est
788 3549 939 3615 relaturus
962 3555 995 3616 iu
1009 3563 1159 3628 secunda

165 3639 376 3720 praeparatoria
393 3636 637 3716 congregatione.

203 3736 264 3795 Ista
276 3732 408 3796 secunda
421 3731 615 3812 congregatio
641 3732 816 3794 habebatur
846 3737 977 3820 singulis
993 3741 1082 3806 ieriis
1100 3747 1147 3812 rt
