2562 4224
453 263 462 292 ⁹
495 297 581 344 nrm
601 292 720 344 rmuus.
1037 289 1094 351 169

117 391 243 454 inierint
259 413 267 457 ε
281 395 306 457 sl
322 403 425 458 tomen
444 394 513 456 novi
529 394 606 456 tituli
620 395 841 476 possessionem
861 398 1091 478 procrastinem,

116 487 206 543 vetus
224 481 289 545 dori
307 491 405 564 potest
421 483 505 546 alteri
520 482 631 546 titulari
651 482 716 563 qui,
731 485 846 548 monito
860 485 1091 570 praedecessore,

114 569 221 630 statim
235 571 363 652 percipit
375 571 490 634 tructus
504 569 643 633 beneficii
656 573 678 630 ί.

157 659 231 720 302.
254 661 375 732 Ouaerit.
400 664 433 723 5⁰
457 659 504 722 Ad
526 677 604 740 quos
624 655 792 740 pertinerint
814 670 928 726 tructus
951 667 1090 732 beneficii

19 759 22 766 ·
116 751 256 825 tempore
270 749 455 812 vocationis?

157 834 249 916 Resp.
265 837 334 899 lllos
348 838 497 918 pertinere
515 835 554 899 od
571 835 736 900 Ecclesiam
754 845 922 917 vacantem,
937 841 978 904 ita
1001 850 1034 906 ut
1052 847 1086 922 si.

115 920 225 986 solutis
238 923 345 987 debitis
355 931 385 988 et
399 925 446 988 his
460 943 528 1006 que
543 924 655 988 luerint
667 927 833 990 necessaria
848 947 903 1008 pro
917 929 1087 995 deservient

115 1008 200 1072 tibus
214 1011 328 1075 eisdem
348 1014 492 1076 ministris
505 1019 535 1076 et
553 1014 620 1078 aliis
637 1013 800 1088 oneribus,
816 1015 930 1098 aliquid
948 1023 1078 1100 supersit

115 1097 179 1159 boc
199 1103 414 1165 reservandum
435 1103 472 1165 eit
490 1103 723 1174 successoribus
742 1104 798 1165 nisi
817 1104 874 1167 olio
897 1108 935 1168 sit
956 1127 1088 1173 consue-

116 1186 193 1249 tudo
209 1207 218 1249 :
233 1188 276 1252 sic
296 1191 380 1253 enim
402 1191 529 1255 babetur
551 1193 583 1255 in
598 1211 665 1273 cap.
689 1191 838 1254 Praesenti
853 1197 884 1270 9,
910 1197 955 1258 De
982 1197 1091 1280 Officio

114 1275 291 1354 ordinarii,
304 1278 336 1341 in
351 1283 408 1344 6⁰:
427 1281 634 1344 «vocantibus
644 1280 880 1362 Dignitatibus...
892 1284 937 1345 vel
947 1287 1088 1351 Ecclesiis

120 1389 136 1420 ιε
158 1366 454 1450 quibuscumque...,
472 1369 650 1433 eorumdem
672 1368 802 1432 bono...
822 1372 985 1456 vocationis
1004 1375 1087 1455 ipso-

120 1479 135 1512 «
158 1473 230 1518 rum
246 1461 381 1538 tempore
398 1457 599 1537 obvenientia,
613 1475 682 1540 queo
697 1457 730 1518 in
743 1457 908 1520 utilitatem
924 1464 1087 1528 eorumdem

119 1569 135 1602 ιι
156 1543 286 1627 expendi
294 1543 342 1608 vei
351 1545 465 1628 suturis
477 1546 580 1610 debent
589 1545 795 1608 successoribus
810 1549 956 1608 reservari
964 1597 972 1622 ‚
986 1553 1087 1632 [Epis-

119 1658 135 1692 α
157 1633 242 1716 copi]
251 1652 413 1716 occupare,
425 1637 515 1698 autin
523 1654 596 1698 usus
609 1653 681 1698 suos
689 1639 862 1696 convertere
871 1641 1088 1718 quoquomodo

115 1748 135 1782 o
157 1724 245 1802 [non]
259 1729 452 1804 praesumant.
472 1725 535 1788 Nisi
549 1723 587 1786 de
601 1722 721 1805 speciali
736 1722 890 1804 privilegio
901 1726 946 1786 vel
957 1745 1085 1792 consue-

119 1837 135 1870 «
156 1812 264 1875 tudine
276 1813 338 1892 jem
354 1813 538 1895 praesoriptd,
553 1813 696 1894 legitime,
712 1830 765 1874 seu
779 1812 837 1874 elit
849 1816 938 1876 coust
953 1817 1084 1882 rationu·

116 1927 134 1959 o
158 1899 223 1971 bili,
239 1899 297 1963 hoc
309 1901 423 1964 eisdem
437 1907 609 1984 competere
623 1901 853 1982 dignoscatur...
869 1903 925 1966 Ubi
941 1923 977 1966 ex
992 1907 1085 1987 privi-

119 1989 248 2072 «legio,
268 1989 315 2052 vel
337 1990 568 2068 consuetudine,
590 1989 722 2054 seualle
737 1989 775 2052 de
793 1993 883 2053 coust
905 1993 1083 2074 rationabili,

116 2102 135 2139 ι
156 2079 215 2142 sibi
234 2077 342 2159 uliquis
360 2079 575 2161 predictorum
592 2079 695 2141 asserit
716 2077 795 2140 bone
814 2088 987 2160 competere
1008 2103 1084 2164 prae·

118 2191 135 2228 o
155 2167 249 2244 dicto,
258 2165 315 2230 boc
324 2166 361 2228 de
373 2167 430 2230 illis
440 2167 634 2231 bonissolum
643 2166 733 2229 debet
741 2166 877 2248 intelligi,
889 2188 968 2250 quae,
980 2173 1085 2234 solutis

116 2281 134 2316 o
155 2255 276 2331 debitis,
298 2255 322 2317 si
341 2273 410 2338 quoe
431 2257 504 2332 sint,
520 2262 550 2318 et
567 2256 613 2319 his
629 2275 698 2338 quae
716 2255 828 2316 fuerint
846 2259 1013 2318 necessaria
1030 2278 1085 2339 pro

118 2344 351 2408 «servitoribus
376 2351 406 2408 ct
435 2345 581 2410 ministris
607 2363 644 2408 oo
671 2343 916 2405 incumbentibus
940 2347 1084 2410 oneribus

114 2457 133 2493 a
156 2451 254 2515 usque
276 2432 315 2495 od
328 2447 430 2520 ‚novos
452 2433 587 2496 redditus
604 2431 816 2514 supportandis
836 2433 970 2512 congrue
988 2452 1083 2496 reser-

115 2548 133 2584 o
155 2523 241 2597 vatis
257 2541 294 2586 ex
305 2522 378 2605 ipsis
392 2530 508 2604 repertu
519 2521 630 2585 fuerint
643 2538 810 2602 superesse.
825 2541 841 2581 r

153 2613 227 2676 303.
250 2609 373 2685 Ouaerit.
397 2613 432 2675 6⁰
451 2609 610 2684 Quomodo
632 2609 747 2672 fructus
767 2607 905 2672 beneficii
926 2611 986 2674 sint
1005 2612 1083 2674 divi·

108 2699 208 2764 dendi
218 2700 297 2763 inter
307 2698 439 2781 primum
450 2697 797 2775 titularem‚translatum
807 2705 858 2762 out
867 2699 1081 2782 resignantem,

110 2795 179 2865 out,
193 2789 220 2851 si
234 2787 394 2852 defunctus
406 2788 507 2866 fuerit,
523 2789 601 2850 inter
614 2787 708 2868 ipsius
722 2785 868 2866 baeredes,
883 2793 913 2850 et
925 2807 1082 2853 successo-

111 2895 181 2942 rem
195 2876 284 2959 primi
297 2876 369 2940 dicti
379 2875 528 2940 titularis?

151 2969 246 3048 Resp.
262 2967 464 3038 Ouaestionem
478 2983 544 3028 esse
554 2964 640 3028 valde
653 2970 888 3044 controversam,
899 2971 961 3029 tem
973 2967 1005 3028 in
1018 2968 1082 3030 loro

109 3059 274 3132 canonico,
289 3056 382 3137 quim
395 3053 476 3138 opud
489 3073 545 3116 nos
559 3054 591 3115 in
604 3052 671 3116 ioro
685 3053 774 3116 civili.

153 3146 224 3206 Duo
242 3143 433 3224 potissimiun
455 3149 526 3205 sunt
543 3146 705 3224 systemate
718 3160 726 3203 τ
740 3142 790 3204 ulii
812 3142 896 3205 enim
919 3143 1023 3206 volunt
1042 3151 1081 3206 ita

110 3251 181 3299 esse
194 3231 375 3294 dividendos
389 3231 503 3294 fructus
516 3238 550 3293 ut
567 3231 768 3312 predecessor
779 3233 829 3310 jus
844 3230 951 3292 habeut
966 3231 1081 3296 tructus

111 3322 214 3386 solbm
237 3320 379 3382 collectos
403 3319 571 3395 retinendi;
594 3320 694 3382 coeteri
716 3321 788 3382 vero
811 3319 924 3381 tructus
945 3320 1080 3385 nondum

110 3411 229 3476 collecti
244 3409 414 3492 pertineant
427 3409 466 3472 sd
477 3425 695 3486 successorem,
704 3407 751 3476 uel
762 3407 800 3468 ad
812 3407 955 3470 fabricam
967 3409 992 3470 si
1007 3429 1081 3473 non·

143 3638 152 3665 ⁶
167 3633 195 3692 lo
208 3633 287 3688 dum
298 3633 363 3684 solet
375 3631 532 3687 determinari
544 3631 575 3683 ob
588 3629 714 3698 Episcopis
726 3631 779 3684 dies
792 3647 842 3700 quo
853 3638 934 3686 cessat
945 3635 983 3686 vel
995 3634 1081 3700 incipit

109 3705 237 3774 possessio
251 3703 382 3766 beneficii.
398 3720 448 3772 quo
461 3703 564 3770 proinde
576 3701 728 3756 Gubernium
741 3709 822 3756 cessat
835 3705 873 3758 rol
885 3705 970 3772 incipit
983 3705 1079 3757 solvere

109 3777 256 3842 pensionem
271 3775 285 3828 t
298 3791 326 3828 re
338 3776 511 3842 prestandum.
925 3851 938 3896 ἦ
