2590 4214
150 206 230 285 ,¹438
447 212 598 259 craneum
618 213 701 258 runis
721 212 870 258 arnamar.

146 330 162 414 p
211 316 270 380 Sed
284 315 333 378 bic
346 315 513 378 notandum
527 320 572 376 est
586 333 594 374 ε
657 313 743 388 Quod
756 313 816 377 hoc
829 313 974 395 procedat
993 335 1070 380 casn
1093 340 1158 402 quo

172 405 280 486 aliquis
294 411 393 466 certus
413 409 458 466 est
478 403 516 466 de
532 403 717 479 homicidio;
734 410 762 465 et
777 403 878 466 solum
896 403 1015 466 dubitat
1031 425 1071 470 an
1092 409 1160 489 ipse

172 497 226 556 sut
240 494 357 557 actione
371 493 459 556 luerit
473 511 563 556 causa
577 491 678 567 illins;
694 509 780 555 secus
795 491 819 554 si
834 491 952 556 dubitet
961 493 1000 556 de
1021 497 1091 576 ipso
1103 499 1160 562 bo-

173 582 306 647 micidio.
330 580 418 646 Unde
444 580 469 644 si
496 580 633 642 medicus
656 580 773 660 aperuit
795 599 904 642 venam
932 585 1107 663 praegnanti
1127 593 1162 648 ut

173 671 295 733 abortus
322 675 521 752 sequeretur,
549 668 601 731 sed
625 675 729 750 postea
754 687 816 732 non
842 676 959 732 constet
985 673 1025 735 de
1051 673 1162 738 abortu

173 768 296 836 secuto,
313 779 374 822 non
389 766 434 822 est
452 757 623 821 censendus
638 757 822 839 irregularis.
848 758 898 820 Sic
915 759 1007 820 etiarn
1026 780 1092 823 nou
1108 762 1162 824 ba-

175 848 292 911 bendus
303 853 347 911 est
360 847 543 928 irregularis,
559 845 585 908 si
599 846 751 908 dubitetur
768 865 806 908 an
821 845 910 910 fretus
923 847 1031 924 inerit,
1049 869 1162 928 necne,

175 938 325 999 animatus
341 956 350 999 z
367 937 463 1018 capite
478 940 508 1014 2,
524 935 569 998 De
582 934 763 996 Homicidia.
782 937 876 998 Secus
890 935 964 998 verb
978 934 1163 1016 dicendum,

176 1026 200 1087 si
215 1028 313 1090 media
330 1027 461 1088 adhibita
484 1023 522 1086 ad
541 1024 679 1086 abortum
699 1023 812 1086 luerint
832 1024 909 1087 adad
923 1024 1059 1088 efficacia
1074 1033 1111 1090 ut
1126 1047 1164 1090 ex

176 1115 219 1176 eis
230 1116 432 1176 communiter
444 1121 585 1195 sequatur
595 1113 730 1186 effectus,
743 1111 815 1193 quia
828 1119 903 1175 tunc
915 1115 1120 1196 praesumplio
1131 1116 1165 1178 nr

176 1220 213 1264 ex
227 1205 431 1264 communiter
445 1202 706 1282 contingentibus.

216 1295 285 1354 599.
309 1290 430 1364 Quaerit.
459 1295 492 1353 2⁰
513 1291 606 1363 Quale
631 1290 740 1352 debeat
760 1307 826 1352 esse
849 1296 1011 1371 peccatum
1037 1293 1167 1373 quando

177 1379 380 1461 irregularitas
393 1379 474 1442 venit
487 1398 523 1442 ex
538 1379 668 1441 delicto?

216 1472 306 1550 Resp.
322 1469 417 1531 Debet
430 1487 496 1530 esse
507 1468 642 1544 mortale,
657 1477 812 1530 oeternum
825 1471 856 1530 et
869 1466 1116 1533 consummatum.

218 1563 250 1622 t⁰
271 1558 422 1621 Mortale:
438 1558 558 1619 Constat
573 1574 611 1616 ex
624 1576 692 1638 cap.
708 1560 740 1633 5,
755 1555 801 1618 De
813 1557 926 1631 Premis,
943 1557 976 1619 in
990 1561 1037 1636 6⁰,
1053 1557 1087 1620 in
1103 1579 1167 1641 quo
1288 1529 1289 1576 ᾗ

177 1649 287 1712 dicitur
297 1667 413 1730 poenam
427 1666 484 1709 esse
495 1645 672 1708 metiendam
686 1665 724 1707 aa
738 1645 836 1727 culpi.

218 1745 252 1802 2⁰
267 1739 438 1800 Eatermum
451 1758 458 1797 ε
470 1733 545 1806 Quia
555 1734 688 1796 Ecclesia
702 1753 764 1796 non
779 1733 836 1795 lert
849 1735 932 1815 leges
947 1735 1008 1798 nisi
1021 1735 1062 1799 de
1076 1737 1114 1800 iis
1128 1739 1168 1802 de

179 1829 291 1910 quibus
305 1833 401 1907 potest
412 1825 556 1905 judicare.
573 1825 656 1904 (Gap.
676 1821 832 1886 Consuluit
845 1827 877 1899 Ξ),
893 1843 924 1905 q.
940 1823 986 1906 3.)

219 1923 253 1980 3⁰
275 1915 512 1978 Comummatum
525 1913 617 1985 :Quia
631 1912 733 1974 odiosa
748 1919 820 1974 sunt
835 1912 936 1974 stricte
952 1913 1166 1997 intelligenda.

178 2011 221 2070 lla
236 2005 450 2068 communiter.

219 2100 289 2160 600.
313 2095 435 2168 Quaerit.
452 2097 483 2154 3ο
499 2093 546 2152 An
561 2090 598 2152 ad
618 2089 832 2152 incurrendum
854 2089 1112 2171 irregularitatem
1130 2116 1169 2158 ca

180 2186 287 2249 delicto
301 2186 471 2265 requiratur
486 2180 611 2243 scientia
622 2179 696 2259 legis
705 2179 916 2242 ecclesiasticae
932 2189 1097 2261 peccatum
1111 2203 1168 2248 ve-

179 2277 287 2348 tantis,
306 2281 338 2336 et
357 2273 469 2353 pariter
493 2268 617 2332 scientia
641 2267 869 2348 irregularitatis
890 2267 1092 2348 prohibitioni
1114 2292 1169 2336 an·

181 2364 294 2426 nexae?
309 2397 342 2408 -
358 2363 479 2423 Certum
493 2365 536 2420 est
558 2356 640 2439 qudd
656 2356 692 2416 ad
714 2355 928 2418 incurrendam
953 2358 1168 2439 irregularita-
1287 2379 1288 2424 t

180 2459 243 2516 lem
257 2472 295 2516 ea
307 2451 437 2530 defectu,
457 2447 585 2510 minime
602 2445 767 2524 requiritur
780 2444 905 2508 scientia
925 2445 1002 2528 legis
1020 2454 1074 2510 aul
1090 2449 1169 2514 irre-
1287 2503 1288 2522 ,

181 2541 357 2624 gularitatis.

222 2635 311 2712 Hesp.
330 2632 359 2691 1ο
374 2626 478 2700 Ouoad
491 2625 643 2687 scientiam
665 2622 739 2704 logis
752 2620 975 2699 ecclesiastice,
991 2624 1107 2706 duplex
1123 2639 1169 2692 est
1287 2671 1288 2684 2

181 2722 330 2784 sententia
343 2738 351 2780 ι
363 2718 470 2779 Prima
485 2722 577 2795 negat
589 2734 596 2774 :
613 2713 684 2794 quia
698 2711 751 2794 qui
760 2711 824 2773 vult
833 2719 1006 2792 peccatum,
1018 2713 1170 2797 implicita

180 2811 245 2873 vult
257 2825 378 2890 poenam
389 2824 457 2888 quae
468 2805 539 2866 huin
552 2803 694 2866 inuritur.
709 2798 847 2862 Secunda
859 2801 1010 2863 sententia
1023 2804 1168 2886 affirmat,

181 2900 369 2963 etvocatura
384 2898 416 2960 S.
431 2895 553 2976 Lignor.
570 2889 809 2954 communissima
820 2896 849 2952 ot
858 2889 1075 2971 probabilior:
1091 2914 1168 2976 pro-

181 2991 316 3053 baturex
330 3007 398 3070 cap.
414 2983 613 3066 Proposuisti,
629 2982 699 3042 dist.
714 2983 764 3055 82,
780 2977 832 3041 ubi
842 2981 1000 3042 Innocenl.
1011 2980 1169 3047 ldeclaral

181 3079 379 3163 deponendos
406 3093 468 3138 non
495 3091 561 3135 esse
589 3069 738 3153 quosdam
767 3067 892 3130 clericos
918 3067 1168 3152 incontinentes,

181 3177 270 3251 prout
285 3173 428 3230 statutum
442 3163 537 3226 iuerat
551 3163 568 3223 a
584 3161 665 3241 Papd
681 3155 800 3230 Sirioio,
817 3155 854 3218 ed
868 3157 952 3238 qudd
967 3156 1048 3220 illius
1062 3161 1169 3222 Ponti-

184 3255 483 3340 ficisdisposilionem
499 3247 712 3332 ignoraverint.
727 3248 820 3326 Ergo,
835 3251 893 3306 etc.

223 3349 306 3410 Circa
327 3353 429 3407 lamen
451 3338 667 3410 homicidium,
688 3334 744 3396 etsi
766 3336 797 3397 S.
824 3334 948 3415 Lignor.
972 3352 1036 3398 non
1059 3338 1171 3403 audeat

183 3437 343 3520 reprobare
365 3433 443 3495 hanc
464 3428 628 3492 secundam
648 3424 852 3499 sententiam,
874 3423 938 3505 ipse
958 3430 1064 3486 lamen
1085 3435 1172 3508 putat

183 3528 314 3608 primam
328 3541 394 3586 esse
416 3518 598 3592 tenendam,
615 3514 655 3577 ob
669 3512 874 3575 indecentiam
894 3529 963 3593 quae
982 3515 1173 3594 reperiretur

183 3618 216 3676 in
224 3632 261 3673 eo
271 3612 354 3693 qudd
362 3610 430 3672 talis
440 3606 591 3670 homicida
602 3604 694 3666 altare
707 3600 942 3677 conscenderem
954 3601 1040 3664 unde
1050 3605 1170 3667 Concil.

184 3700 317 3766 Trident.
335 3698 421 3778 (sess.
438 3701 487 3771 tl,
498 3714 527 3757 c.
544 3695 577 3767 Ι1)
594 3691 666 3754 dicit
678 3690 769 3752 talem
784 3689 822 3752 ab
838 3689 923 3751 altari
937 3689 1053 3754 debere
1068 3694 1168 3760 auelli.
