2590 4214
188 256 249 313 150
468 263 619 308 mensure
640 262 723 306 rone
742 261 892 307 canonici.

229 366 260 421 t⁰
283 359 400 434 econ,
424 361 476 440 qui
496 378 607 440 nempe
629 358 757 420 omnino
780 359 846 420 visu
867 364 952 420 caret
973 380 982 419 :
1005 377 1076 441 cap.
1100 359 1174 435 ult,

190 450 258 510 dist.
277 452 355 511 55...
371 448 402 512 Si
415 447 479 529 jam
494 447 533 510 sit
546 447 706 520 sacerdos,
723 448 864 527 poterit‘a
881 449 914 508 S.
926 447 1077 509 Pontifice
1091 447 1176 510 obti-

191 556 263 598 nere
271 537 546 617 dispensationem,
563 537 588 598 si
598 541 716 598 constet
728 553 817 615 posse
834 554 897 597 non
912 555 1026 600 errare.

232 627 261 688 Si
276 626 397 689 cuidam
407 625 484 687 desit
497 626 596 688 solbm
607 625 688 686 visus
700 624 779 686 oculi
794 623 904 701 dextri,
918 643 981 685 non
996 631 1042 688 est
1055 626 1176 707 irregu-
1204 687 1207 694 Δ

192 715 280 791 laris3
297 733 383 778 secus
399 715 423 774 si
445 715 574 784 sinistri,
594 715 649 775 nisi
669 714 776 776 oculus
795 713 902 774 dexter
922 721 1013 794 aptus
1034 723 1121 776 esset
1139 715 1177 776 ad

191 803 353 884 legendum
367 821 516 866 canonem
527 804 593 865 sine
607 805 718 882 magud
733 800 935 864 deformitate.

232 897 264 954 2⁰
285 891 399 956 Surdus
412 912 423 954 .·
436 911 472 954 ex
487 910 555 954 can.
571 897 589 951 'l
604 893 709 970 Apost.
723 891 753 951 Si
767 897 868 951 tamen
884 891 1017 952 surditas
1029 911 1179 972 superve-

194 980 273 1058 niat,
289 981 455 1044 sacerdotio
468 987 624 1061 suscepto,
646 998 708 1040 non
724 978 914 1040 interdicitur
932 979 1087 1041 sacerdoti
1100 981 1180 1042 cele

194 1069 291 1131 bratio
311 1080 420 1136 missae.
447 1069 655 1134 Communiter
676 1068 787 1130 docent
808 1070 872 1130 bb.
889 1067 1107 1144 surdastrum‚
1125 1087 1179 1132 seu

194 1156 355 1220 dilliculter
369 1158 542 1220 audientem
561 1176 623 1220 non
639 1175 704 1218 esse
718 1156 929 1237 irregularem.

234 1249 266 1307 3·
287 1246 387 1308 illutus
407 1248 538 1327 quinon
561 1249 655 1327 possit
668 1245 771 1326 loqui,
791 1249 844 1306 aut
856 1245 949 1307 verba
967 1246 1089 1328 integra
1102 1265 1178 1329 pro-

196 1334 285 1410 lerre,
299 1335 338 1396 ita
354 1342 387 1398 ut
398 1336 512 1398 nullam
523 1337 616 1418 possit
629 1352 735 1396 vocem
748 1333 957 1413 pronuntiare,
971 1335 1050 1415 quin
1062 1336 1179 1418 aliquid

196 1424 333 1499 omittat,
358 1424 405 1485 vel
426 1425 483 1486 nisi
502 1443 574 1486 cum
596 1425 708 1503 magna
728 1421 921 1496 difficultate,
944 1430 975 1484 et
998 1422 1085 1486 idem
1107 1425 1168 1488 dica

196 1513 358 1575 Hclzm.de
368 1532 404 1574 eo
415 1514 467 1594 qui
483 1512 636 1594 loquelam
649 1511 768 1592 penitius
778 1511 963 1590 praecipitem
973 1510 1077 1576 habet.
1091 1513 1179 1576 Blaesi

197 1603 268 1664 verb
282 1602 343 1664 sive
364 1602 579 1677 balbutientes,
604 1606 657 1662 aut
675 1604 813 1661 carentes
837 1599 997 1676 dentibus,
1021 1619 1086 1663 non
1110 1609 1181 1666 sunt

197 1690 388 1770 irregulares,
401 1692 457 1752 nisi
472 1691 599 1752 afferant
612 1707 736 1750 oausam
751 1688 829 1750 risus
843 1693 896 1750 aut
908 1695 1118 1770 contempttts.

240 1785 270 1837 t·
293 1779 423 1844 Cloatius
437 1780 489 1860 qui
504 1781 569 1840 sine
583 1778 693 1840 baculo
706 1778 811 1858 nequit
826 1777 869 1838 ire
883 1776 922 1838 ad
936 1777 1041 1853 altare,
1057 1797 1097 1840 ex
1111 1799 1177 1862 cap.

197 1863 310 1928 Nullus
326 1869 505 1950 Episcopus,
527 1871 578 1943 bi,
600 1867 644 1928 De
664 1865 764 1938 Ceos,
784 1865 853 1927 dist.
877 1869 907 1927 l.
933 1865 964 1927 Si
984 1865 1097 1929 baculo
1120 1887 1180 1930 non

198 1955 341 2036 indigeat,
357 1958 483 2018 minime
494 1962 540 2018 est
553 1955 725 2035 irregularis
741 1973 749 2014 :
765 1972 831 2035 cap.
842 1952 884 2016 Si
895 1953 1021 2036 quiriti,
1039 1954 1114 2018 dist.
1125 1961 1179 2033 555

198 2044 275 2106 sicut
294 2062 352 2107 nec
367 2045 457 2106 etiam
477 2045 529 2125 qui
554 2043 645 2104 habet
664 2061 753 2104 crura
774 2042 920 2120 distorte,
943 2042 967 2104 si
985 2044 1017 2103 in
1037 2043 1100 2108 hoc
1120 2065 1180 2109 nou
1279 2047 1280 2073 ¹

200 2139 279 2196 esset
293 2153 404 2215 magna
425 2133 613 2196 difformitas.
630 2131 805 2212 Irregularis
815 2137 915 2192 autem
931 2137 976 2192 est
994 2133 1048 2213 qui
1064 2135 1181 2217 indiget

199 2222 276 2302 pede
291 2224 403 2304 ligneo,
415 2224 486 2304 quia
500 2223 530 2283 in
542 2222 602 2282 hoc
616 2221 699 2282 adest
709 2219 1020 2302 magnadiliormitas.
1038 2226 1180 2286 Attamen
1278 2275 1279 2280 ,

195 2313 282 2388 juxta
303 2311 469 2393 quosdam,
497 2312 521 2374 si
544 2311 610 2372 talis
636 2310 772 2372 detectus
800 2328 861 2370 non
887 2317 1130 2392 esset-magnus
1152 2322 1182 2376 et
1278 2301 1279 2310 ¹

199 2401 370 2462 indecentia
389 2400 519 2480 reparari
534 2400 656 2473 valeret,
673 2400 804 2480 permitti
819 2405 920 2480 posset
941 2399 1111 2464 celebratio
1127 2421 1137 2464 ε
1152 2410 1181 2466 et

200 2489 342 2552 indubio
364 2487 503 2550 standum
519 2487 634 2568 judicio
647 2488 798 2568 Episcopi.

238 2582 270 2640 5⁰
291 2579 346 2649 Qui
368 2584 449 2640 caret
471 2595 582 2651 manu,
598 2581 651 2637 aut
671 2575 773 2656 digitis
792 2577 951 2654 omnibus,
970 2585 1023 2640 aut
1049 2580 1178 2660 pollice,

212 2667 373 2748 rregularis
388 2675 433 2728 est
445 2684 482 2728 ex
496 2684 562 2746 cap.
579 2665 634 2726 ult.
648 2665 683 2726 de
696 2683 818 2746 corpore
831 2666 948 2727 vitiato.
973 2666 1057 2730 idem
1075 2669 1181 2732 dicunt

201 2757 313 2838 plures,
328 2755 483 2834 decoqui
498 2753 708 2830 caretindioe,
723 2754 771 2815 vel
787 2762 870 2834 parte
882 2755 1018 2834 pollicis,
1033 2764 1090 2819 aut
1103 2759 1179 2821 indi-

200 2844 260 2919 cis,
277 2843 322 2904 rel
335 2842 388 2923 qui
407 2843 496 2904 babet
515 2860 567 2904 cos
584 2843 623 2904 ita
641 2841 756 2905 debiles
770 2852 800 2904 ut
822 2849 954 2922 nequeat
967 2843 1100 2907 hostiam
1120 2848 1178 2910 ele·

200 2952 268 2996 vare
290 2939 340 2994 aut
360 2931 508 3012 frangere.
529 2931 586 3003 Qui
605 2935 688 2992 caret
702 2930 798 2992 tribus
817 2931 1038 3012 posterioribus
1057 2933 1178 3016 digitis,

200 3025 290 3085 etiam
305 3028 351 3083 est
365 3021 554 3101 irregularis;
570 3038 632 3081 non
647 3020 718 3080 verb
733 3020 757 3082 si
767 3021 995 3082 careattantbm
1007 3040 1073 3084 uno
1086 3024 1180 3106 digito

199 3112 322 3186 minori,
334 3117 386 3172 aut
399 3110 488 3184 etiam
504 3109 638 3183 duobus3
654 3114 704 3169 aut
718 3109 742 3169 si
755 3107 860 3170 habeat
870 3127 924 3170 sex
937 3109 1068 3190 digitos:
1080 3120 1180 3176 sextus

200 3209 301 3263 autem
313 3199 425 3279 digitus
439 3204 538 3278 posset
550 3197 699 3268 abscindi,
712 3197 778 3258 sine
792 3197 928 3278 periculo
939 3197 1177 3281 irregularitatis,

195 3309 223 3359 er
239 3289 358 3350 abesset
374 3286 542 3368 periculum
553 3286 632 3347 vitae.
1276 3353 1277 3356 Ἴ

240 3379 351 3438 Carens
372 3375 471 3437 indice
490 3379 586 3455 potest
605 3373 743 3436 obtinere
765 3373 1034 3456 dispensationem.
1059 3378 1092 3440 Si
1113 3379 1177 3459 quis
1276 3361 1277 3447 l

200 3472 301 3528 autem
317 3467 380 3544 iam
396 3463 551 3524 ordinatus
571 3462 695 3523 haberet
715 3461 856 3543 pollicem
876 3462 1071 3544 impeditum,
1088 3486 1117 3528 v.
1134 3487 1175 3547 g,

199 3553 344 3633 podagra,
358 3553 388 3612 in
397 3571 470 3614 casu
483 3551 666 3632 gravissimas
679 3552 863 3612 necessitatis
873 3551 1071 3631 probabiliter
1081 3565 1176 3636 posset

201 3640 419 3702 Eucharistiam
434 3641 604 3700 ministrare
614 3639 831 3718 posterioribus
844 3639 957 3720 digitis.
978 3642 1023 3702 ita
1038 3661 1173 3705 commu·

202 3729 290 3789 niter.
