2526 4210
340 281 342 288 ’
447 310 533 356 emm
556 308 675 353 natans.
991 295 1048 352 ltto

65 417 180 496 (Cone.
195 410 345 486 Trident,
359 429 431 473 sess.
451 413 498 479 13,
514 428 581 492 cap.
597 413 625 484 1,
637 406 681 468 Dr
695 403 788 484 defi).
805 406 895 466 Juxta
908 405 1051 468 Stremler

66 501 142 580 [Des
162 499 264 580 poines
285 499 401 574 eretria,¹
423 519 454 580 p.
479 499 559 578 403),
586 492 747 579 prohibitio
770 493 893 554 Concilii
916 493 1049 555 Trident.

64 591 175 652 locum
191 607 254 650 non
267 588 357 650 habet
370 589 401 648 in
416 589 514 650 causis
526 582 734 649 ecclesiasticis
748 582 831 642 mere
844 583 990 644 civilibus.

109 682 144 739 6⁰
169 679 203 736 ln
219 678 318 738 causis
333 677 458 738 notoriis
472 695 535 738 non
547 674 636 737 datur
650 670 820 754 appellatio.
837 672 880 731 lta
895 673 956 732 DD.
973 687 1054 732 com·

69 765 212 828 munitor
226 784 263 826 ex
277 784 344 846 cap.
363 764 437 827 Cion
451 765 491 826 sit
505 768 535 840 5,
551 781 588 825 ex
599 781 666 843 cap.
682 763 824 824 Pervenit
842 762 878 820 13
891 763 921 820 et
938 778 974 820 ex
985 777 1051 839 cap.

71 851 255 926 Consuluit,
269 853 312 914 tit.
330 857 380 930 28,
403 853 453 916 lib.
470 859 500 929 2,
517 851 716 914 Decretalinm
734 868 741 908 :
762 848 864 910 chm
880 847 1057 927 appellatio·

74 965 91 1000 ι(
115 942 167 1003 nis
182 941 352 1003 remedium
367 959 428 1002 non
445 942 481 1003 sit
493 941 530 1002 ad
544 939 752 1006 defensionem
764 937 940 1017 iniquitatis,
954 934 1006 997 sed
1019 934 1057 996 ad

76 1053 92 1088 a
117 1029 295 1110 praesidium
311 1030 490 1092 innocentia
506 1029 675 1092 institutum
685 1029 762 1106 (cap.
781 1024 854 1087 Ctrm
866 1023 990 1104 speciali
1002 1027 1055 1100 ol,

77 1143 93 1178 a
117 1119 164 1180 De
177 1117 313 1198 appelli.
329 1141 344 1177 n
362 1119 517 1200 Excipitur
527 1137 615 1180 casus
629 1120 660 1178 in
674 1135 735 1196 quo
747 1114 889 1176 delictum
906 1114 1058 1175 notorium

73 1207 183 1286 aliquo
198 1207 288 1267 modo
303 1207 422 1268 delendi
435 1213 546 1288 posset,
559 1211 593 1268 ut
602 1205 626 1266 si
637 1205 705 1286 quis
715 1203 871 1265 occidisset
883 1203 913 1264 in
925 1202 1057 1282 publico,

73 1295 131 1358 sed
147 1294 291 1374 allegaret
303 1297 447 1357 occidisse
463 1295 500 1356 ad
516 1298 562 1357 sul
576 1293 795 1356 defensionem.

117 1389 153 1444 7⁰
175 1383 206 1444 Si
228 1403 317 1446 causa
341 1384 445 1446 luisset
470 1385 571 1447 decisa
598 1403 656 1464 ope
680 1382 864 1460 juramenti,
891 1382 936 1443 vel
960 1381 1060 1444 derisa

76 1473 189 1535 luisset
210 1491 267 1553 ope
285 1474 450 1552 juramenti
472 1471 669 1554 suppletorii,
694 1489 747 1532 seu
769 1470 824 1532 uni
844 1470 1025 1549 litigantium
1042 1473 1059 1531 a

74 1561 182 1642 judice
198 1561 228 1620 in
243 1562 489 1643 supplementum
504 1561 717 1642 probationum
729 1558 835 1634 delati,
850 1565 879 1619 ct
892 1565 965 1619 tunc
979 1558 1061 1620 locus

77 1668 149 1712 esse
165 1657 265 1728 posset
279 1651 496 1731 appellationi3
515 1649 560 1711 rel
580 1648 685 1710 luisset
707 1646 807 1708 decisa
825 1665 882 1726 ope
898 1647 1061 1725 juramenti

77 1737 239 1811 decisorii,
256 1737 286 1798 id
301 1748 345 1800 est
360 1739 442 1820 quod
458 1757 519 1800 una
534 1755 603 1818 pars
620 1734 704 1798 alteri
718 1733 824 1812 desert,
836 1740 866 1796 et
876 1740 950 1796 tunc
963 1736 1063 1817 appel·

79 1827 138 1888 lani
156 1827 305 1906 nequiret.

122 1918 156 1977 8⁰
180 1915 296 1976 Vicanio
324 1916 482 1993 denerat,
507 1914 653 1990 notario,
682 1913 790 1976 nuntio
824 1913 933 1989 curiae,
963 1914 1063 1978 aliisve

78 2002 279 2080 officialibus,
302 2003 340 2065 ob
359 2005 438 2067 male
460 2010 579 2085 gestum
599 2001 732 2064 officium
755 2001 889 2083 ajudice
914 2003 1063 2066 condem-

80 2093 174 2169 natis,
191 2109 252 2154 non
267 2093 445 2155 conceditur
458 2093 619 2174 appellatio
633 2091 671 2154 ad
686 2091 826 2154 ellectum
842 2093 1060 2172 suspensivum.

123 2187 158 2244 9·
183 2203 199 2238 o
213 2181 395 2243 Generaliter
411 2182 441 2242 in
455 2182 598 2243 omnibns
612 2181 648 2242 iis
662 2200 730 2262 quae
744 2181 896 2261 pertinent
910 2181 947 2241 ad
959 2199 1062 2242 curam

84 2293 102 2330 a
123 2269 296 2331 animarum
311 2277 340 2331 et
353 2277 465 2332 rectam
480 2277 738 2332 sacramentorum
754 2268 1061 2344 administrationem,

85 2382 102 2418 n
123 2358 267 2420 adverslis
283 2358 502 2436 visitationem,
519 2358 761 2430 correctionem,
787 2357 1020 2433 coercitionem,
1036 2365 1064 2420 et

85 2471 102 2507 a
123 2464 335 2528 quascumque
349 2447 422 2508 alias
433 2447 617 2528 provisiones
630 2447 771 2528 Episcopi
787 2446 962 2522 Dioecesani,
974 2446 1064 2510 ctiam
1160 2459 1162 2466 '

86 2559 102 2597 o
125 2535 227 2618 quoad
243 2545 413 2616 exemplos,
429 2537 489 2599 sive
506 2536 665 2599 saeculares
679 2535 740 2596 sire
754 2539 945 2616 regulares»,
961 2538 1063 2620 appel·

83 2625 157 2688 latio
173 2641 234 2685 non
250 2624 338 2686 hahet
353 2624 494 2687 oliectum
507 2625 730 2706 suspensivum.
745 2626 780 2685 V.
795 2623 911 2685 Bullam
924 2625 973 2687 Ad
986 2627 1065 2690 mili·

84 2713 182 2776 tantis
203 2711 359 2788 Ecclesia,
378 2713 489 2776 Bened.
506 2716 584 2790 xlv,
609 2713 680 2794 §92
702 2713 733 2773 in
754 2712 810 2774 hac
824 2712 909 2776 Bulla
927 2719 1064 2782 accurato

84 2806 305 2866 enumerantur
319 2802 391 2863 varii
405 2821 492 2865 casus
507 2801 538 2862 in
553 2802 663 2883 quibus
678 2801 836 2883 appellatio
858 2821 919 2864 non
934 2822 1064 2888 suspen-

84 2893 130 2954 dit
142 2889 285 2952 mandata
299 2891 344 2952 vel
358 2891 471 2969 indicia
489 2891 717 2972 Episcoporum.

129 2984 182 3042 {0⁰
205 2981 226 3038 Α
244 2980 391 3041 sententia
405 2979 495 3041 etiam
509 2979 662 3041 definitiva
676 2984 779 3042 contra
792 2999 897 3043 verum
911 2988 1065 3046 contuma·
1178 2957 1180 2960 Ι

84 3087 155 3133 cern
165 3068 292 3150 prolato,
303 3069 463 3150 appellatio
473 3087 535 3130 non
547 3072 593 3130 est
602 3067 773 3149 recipienda
784 3071 910 3148 (Deerat.
925 3073 955 3133 S.
969 3073 1062 3155 Cong.

86 3157 231 3240 Episcop.
248 3161 279 3217 et
293 3158 365 3236 lteg.
382 3157 453 3219 anni
470 3159 569 3234 1600).

127 3249 200 3309 320.
225 3245 306 3308 Noto
328 3245 410 3326 qudd
433 3245 587 3323 clausula,
612 3246 694 3306 omni
716 3246 912 3327 appellatione
938 3249 1064 3326 remotd,

87 3335 322 3418 appellationem
337 3353 398 3396 non
413 3334 558 3416 impediat
572 3334 672 3415 quoad
687 3335 827 3396 effectum
842 3335 1064 3420 devolutivum,

88 3425 141 3488 scd
155 3425 277 3486 tantam
291 3422 392 3504 quoad
406 3423 616 3504 suspensivum
628 3441 636 3499 ;
652 3429 768 3485 constat
781 3441 819 3485 ex
831 3426 976 3488 llecrelali
990 3431 1065 3493 Paa-

89 3513 183 3575 toroli
203 3517 255 3587 03,
271 3511 316 3574 De
336 3511 470 3594 Appelt„
486 3511 518 3572 in
534 3513 596 3594 qut
617 3510 728 3574 dieitur
751 3513 848 3594 quod,
872 3531 909 3576 eo
930 3533 1017 3594 casu,
1041 3519 1066 3582 si

87 3602 245 3685 appellens
260 3600 351 3663 fuerit
364 3606 503 3681 gravatus
517 3599 645 3680 injuste,
659 3619 819 3683 pronomen
837 3601 1003 3686 taJ'usmodi
1012 3626 1067 3688 per

88 3689 278 3774 Superiorem
290 3689 404 3771 poterit
424 3687 585 3752 emendari.
601 3688 627 3751 Α
643 3688 757 3752 fortiori
771 3692 914 3773 praedicta
933 3695 1067 3758 clausula

90 3797 151 3844 non
164 3778 294 3862 impedit
304 3777 560 3860 supplicationem,
565 3779 737 3858 petitionem
746 3775 942 3845 restitutionis
951 3783 984 3843 in
992 3784 1068 3844 inte·
