<?xml version="1.0" encoding="UTF-8"?>
<!DOCTYPE html PUBLIC "-//W3C//DTD XHTML 1.0 Transitional//EN"
    "http://www.w3.org/TR/xhtml1/DTD/xhtml1-transitional.dtd">
<html xmlns="http://www.w3.org/1999/xhtml" xml:lang="en" lang="en">
 <head>
  <title>
</title>
<meta http-equiv="Content-Type" content="text/html;charset=utf-8" />
  <meta name='ocr-system' content='tesseract 3.04.00' />
  <meta name='ocr-capabilities' content='ocr_page ocr_carea ocr_par ocr_line ocrx_word'/>
</head>
<body>
  <div class='ocr_page' id='page_1' title='image "./elementajurisca01craigoog_0313.png"; bbox 0 0 2526 4210; ppageno 0'>
   <div class='ocr_carea' id='block_1_1' title="bbox 156 269 847 330">
    <p class='ocr_par' dir='ltr' id='par_1_1' title="bbox 156 269 847 330">
     <span class='ocr_line' id='line_1_1' title="bbox 156 269 847 330; baseline -0.023 -1"><span class='ocrx_word' id='word_1_1' title='bbox 156 270 218 330; x_wconf 69' lang='lat'><strong>⁴292</strong></span> <span class='ocrx_word' id='word_1_2' title='bbox 425 272 577 319; x_wconf 78' lang='lat' dir='ltr'><strong>arsuram</strong></span> <span class='ocrx_word' id='word_1_3' title='bbox 596 271 678 316; x_wconf 84' lang='lat' dir='ltr'><strong>rrnrs</strong></span> <span class='ocrx_word' id='word_1_4' title='bbox 699 269 847 316; x_wconf 79' lang='lat' dir='ltr'><strong>canonici.</strong></span> 
     </span>
    </p>
   </div>
   <div class='ocr_carea' id='block_1_2' title="bbox 134 367 1156 2318">
    <p class='ocr_par' dir='ltr' id='par_1_2' title="bbox 158 367 1144 551">
     <span class='ocr_line' id='line_1_2' title="bbox 163 367 1144 464; baseline -0.008 -22"><span class='ocrx_word' id='word_1_5' title='bbox 163 385 301 464; x_wconf 72' lang='lat' dir='ltr'><strong>resurae.;</strong></span> <span class='ocrx_word' id='word_1_6' title='bbox 323 377 435 440; x_wconf 89' lang='lat' dir='ltr'><strong>scimus</strong></span> <span class='ocrx_word' id='word_1_7' title='bbox 453 374 535 436; x_wconf 89' lang='lat' dir='ltr'><strong>enim</strong></span> <span class='ocrx_word' id='word_1_8' title='bbox 552 391 588 433; x_wconf 91' lang='lat' dir='ltr'><strong>ex</strong></span> <span class='ocrx_word' id='word_1_9' title='bbox 609 369 693 450; x_wconf 86' lang='lat' dir='ltr'><strong>praxi</strong></span> <span class='ocrx_word' id='word_1_10' title='bbox 711 368 794 450; x_wconf 85' lang='lat' dir='ltr'><strong>qudd</strong></span> <span class='ocrx_word' id='word_1_11' title='bbox 814 367 880 430; x_wconf 79' lang='lat' dir='ltr'><strong>haec</strong></span> <span class='ocrx_word' id='word_1_12' title='bbox 904 375 1033 448; x_wconf 90' lang='lat' dir='ltr'><strong>poteslas</strong></span> <span class='ocrx_word' id='word_1_13' title='bbox 1047 369 1144 453; x_wconf 87' lang='lat' dir='ltr'><strong>Epis-</strong></span> 
     </span>
     <span class='ocr_line' id='line_1_3' title="bbox 158 455 952 551; baseline -0.019 -18"><span class='ocrx_word' id='word_1_14' title='bbox 158 471 245 551; x_wconf 89' lang='lat' dir='ltr'><strong>copis</strong></span> <span class='ocrx_word' id='word_1_15' title='bbox 255 487 316 530; x_wconf 91' lang='lat' dir='ltr'><strong>non</strong></span> <span class='ocrx_word' id='word_1_16' title='bbox 330 467 366 528; x_wconf 91' lang='lat' dir='ltr'><strong>sit</strong></span> <span class='ocrx_word' id='word_1_17' title='bbox 380 465 448 526; x_wconf 89' lang='lat' dir='ltr'><strong>dala</strong></span> <span class='ocrx_word' id='word_1_18' title='bbox 462 481 516 544; x_wconf 89' lang='lat' dir='ltr'><strong>per</strong></span> <span class='ocrx_word' id='word_1_19' title='bbox 525 457 699 538; x_wconf 83' lang='lat' dir='ltr'><strong>hujusmodi</strong></span> <span class='ocrx_word' id='word_1_20' title='bbox 712 455 952 536; x_wconf 80' lang='lat' dir='ltr'><strong>dispositionem.</strong></span> 
     </span>
    </p>

    <p class='ocr_par' dir='ltr' id='par_1_3' title="bbox 161 543 1155 1430">
     <span class='ocr_line' id='line_1_4' title="bbox 201 543 1151 640; baseline -0.005 -22"><span class='ocrx_word' id='word_1_21' title='bbox 201 557 256 620; x_wconf 88' lang='lat' dir='ltr'><strong>Vel</strong></span> <span class='ocrx_word' id='word_1_22' title='bbox 270 561 302 619; x_wconf 65' lang='grc' dir='ltr'><strong>η’</strong></span> <span class='ocrx_word' id='word_1_23' title='bbox 315 553 398 637; x_wconf 87' lang='lat' dir='ltr'><strong>qubd</strong></span> <span class='ocrx_word' id='word_1_24' title='bbox 412 556 518 632; x_wconf 82' lang='lat' dir='ltr'><strong>urgeat</strong></span> <span class='ocrx_word' id='word_1_25' title='bbox 531 547 693 612; x_wconf 75' lang='lat' dir='ltr'><strong>necessitas</strong></span> <span class='ocrx_word' id='word_1_26' title='bbox 704 543 951 625; x_wconf 70' lang='lat' dir='ltr'><strong>dispensationis,</strong></span> <span class='ocrx_word' id='word_1_27' title='bbox 968 551 999 608; x_wconf 90' lang='lat' dir='ltr'><strong>et</strong></span> <span class='ocrx_word' id='word_1_28' title='bbox 1012 549 1151 640; x_wconf 69' lang='lat' dir='ltr'><strong>pericu-¹</strong></span> 
     </span>
     <span class='ocr_line' id='line_1_5' title="bbox 161 631 1151 710; baseline -0.005 -3"><span class='ocrx_word' id='word_1_29' title='bbox 161 649 226 710; x_wconf 92' lang='lat' dir='ltr'><strong>lum</strong></span> <span class='ocrx_word' id='word_1_30' title='bbox 245 646 284 708; x_wconf 91' lang='lat' dir='ltr'><strong>sit</strong></span> <span class='ocrx_word' id='word_1_31' title='bbox 306 645 336 706; x_wconf 92' lang='lat' dir='ltr'><strong>in</strong></span> <span class='ocrx_word' id='word_1_32' title='bbox 359 643 444 704; x_wconf 78' lang='lat' dir='ltr'><strong>mora</strong></span> <span class='ocrx_word' id='word_1_33' title='bbox 462 659 470 700; x_wconf 76' lang='grc' dir='ltr'><strong>ε</strong></span> <span class='ocrx_word' id='word_1_34' title='bbox 487 655 558 700; x_wconf 87' lang='lat' dir='ltr'><strong>nam</strong></span> <span class='ocrx_word' id='word_1_35' title='bbox 573 635 680 698; x_wconf 84' lang='lat' dir='ltr'><strong>meritb</strong></span> <span class='ocrx_word' id='word_1_36' title='bbox 694 635 725 696; x_wconf 94' lang='lat' dir='ltr'><strong>S.</strong></span> <span class='ocrx_word' id='word_1_37' title='bbox 746 631 881 695; x_wconf 82' lang='lat' dir='ltr'><strong>Pontifex</strong></span> <span class='ocrx_word' id='word_1_38' title='bbox 902 633 949 695; x_wconf 87' lang='lat' dir='ltr'><strong>rel</strong></span> <span class='ocrx_word' id='word_1_39' title='bbox 969 636 1151 703; x_wconf 80' lang='lat' dir='ltr'><strong>Concilium</strong></span> 
     </span>
     <span class='ocr_line' id='line_1_6' title="bbox 163 721 1149 805; baseline -0.009 -7"><span class='ocrx_word' id='word_1_40' title='bbox 163 734 308 798; x_wconf 81' lang='lat' dir='ltr'><strong>Generale</strong></span> <span class='ocrx_word' id='word_1_41' title='bbox 322 737 462 795; x_wconf 86' lang='lat' dir='ltr'><strong>censetur</strong></span> <span class='ocrx_word' id='word_1_42' title='bbox 475 725 642 790; x_wconf 87' lang='lat' dir='ltr'><strong>concedere</strong></span> <span class='ocrx_word' id='word_1_43' title='bbox 664 729 739 786; x_wconf 99' lang='grc' dir='ltr'><strong>ωηο</strong></span> <span class='ocrx_word' id='word_1_44' title='bbox 756 721 929 786; x_wconf 79' lang='lat' dir='ltr'><strong>facultatem</strong></span> <span class='ocrx_word' id='word_1_45' title='bbox 943 723 1149 805; x_wconf 85' lang='lat' dir='ltr'><strong>dispensand&#39;</strong></span> 
     </span>
     <span class='ocr_line' id='line_1_7' title="bbox 166 811 1139 903; baseline -0.005 -18"><span class='ocrx_word' id='word_1_46' title='bbox 166 825 207 901; x_wconf 85' lang='lat' dir='ltr'><strong>(S.</strong></span> <span class='ocrx_word' id='word_1_47' title='bbox 235 823 370 903; x_wconf 64' lang='lat' dir='ltr'><strong>Lignor„</strong></span> <span class='ocrx_word' id='word_1_48' title='bbox 395 817 450 894; x_wconf 76' lang='lat' dir='ltr'><strong>it,</strong></span> <span class='ocrx_word' id='word_1_49' title='bbox 473 825 506 878; x_wconf 83' lang='lat' dir='ltr'><strong>v⁰</strong></span> <span class='ocrx_word' id='word_1_50' title='bbox 524 814 619 891; x_wconf 84' lang='lat' dir='ltr'><strong>Item).</strong></span> <span class='ocrx_word' id='word_1_51' title='bbox 644 811 675 875; x_wconf 91' lang='lat' dir='ltr'><strong>Si</strong></span> <span class='ocrx_word' id='word_1_52' title='bbox 694 819 796 874; x_wconf 88' lang='lat' dir='ltr'><strong>lamen</strong></span> <span class='ocrx_word' id='word_1_53' title='bbox 821 811 983 874; x_wconf 86' lang='lat' dir='ltr'><strong>difficultas</strong></span> <span class='ocrx_word' id='word_1_54' title='bbox 1006 813 1139 880; x_wconf 89' lang='lat' dir='ltr'><strong>adeund</strong></span> 
     </span>
     <span class='ocr_line' id='line_1_8' title="bbox 165 901 1150 992; baseline -0.003 -21"><span class='ocrx_word' id='word_1_55' title='bbox 165 910 275 992; x_wconf 83' lang='lat' dir='ltr'><strong>Papam</strong></span> <span class='ocrx_word' id='word_1_56' title='bbox 288 917 352 972; x_wconf 89' lang='lat' dir='ltr'><strong>orta</strong></span> <span class='ocrx_word' id='word_1_57' title='bbox 362 916 439 970; x_wconf 89' lang='lat' dir='ltr'><strong>esset</strong></span> <span class='ocrx_word' id='word_1_58' title='bbox 448 925 483 967; x_wconf 83' lang='lat' dir='ltr'><strong>ex</strong></span> <span class='ocrx_word' id='word_1_59' title='bbox 494 902 707 986; x_wconf 81' lang='lat' dir='ltr'><strong>prohibitione,</strong></span> <span class='ocrx_word' id='word_1_60' title='bbox 719 903 738 963; x_wconf 79' lang='lat' dir='ltr'><strong>b</strong></span> <span class='ocrx_word' id='word_1_61' title='bbox 749 901 890 982; x_wconf 81' lang='lat' dir='ltr'><strong>Principe</strong></span> <span class='ocrx_word' id='word_1_62' title='bbox 903 902 1038 964; x_wconf 82' lang='lat' dir='ltr'><strong>saeculari</strong></span> <span class='ocrx_word' id='word_1_63' title='bbox 1052 903 1150 983; x_wconf 75' lang='lat' dir='ltr'><strong>facta,</strong></span> 
     </span>
     <span class='ocr_line' id='line_1_9' title="bbox 166 990 1153 1072; baseline -0.004 -11"><span class='ocrx_word' id='word_1_64' title='bbox 166 1001 201 1061; x_wconf 84' lang='grc' dir='ltr'><strong>οη</strong></span> <span class='ocrx_word' id='word_1_65' title='bbox 217 1002 247 1062; x_wconf 88' lang='lat' dir='ltr'><strong>S.</strong></span> <span class='ocrx_word' id='word_1_66' title='bbox 265 999 375 1061; x_wconf 88' lang='lat' dir='ltr'><strong>Sedem</strong></span> <span class='ocrx_word' id='word_1_67' title='bbox 394 993 585 1070; x_wconf 89' lang='lat' dir='ltr'><strong>recurrendi,</strong></span> <span class='ocrx_word' id='word_1_68' title='bbox 600 991 640 1052; x_wconf 92' lang='lat' dir='ltr'><strong>ob</strong></span> <span class='ocrx_word' id='word_1_69' title='bbox 659 992 725 1070; x_wconf 85' lang='lat' dir='ltr'><strong>ejus</strong></span> <span class='ocrx_word' id='word_1_70' title='bbox 746 990 883 1052; x_wconf 87' lang='lat' dir='ltr'><strong>animum</strong></span> <span class='ocrx_word' id='word_1_71' title='bbox 907 1009 979 1070; x_wconf 75' lang='lat' dir='ltr'><strong>erga</strong></span> <span class='ocrx_word' id='word_1_72' title='bbox 998 993 1153 1072; x_wconf 88' lang='lat' dir='ltr'><strong>spiritua-</strong></span> 
     </span>
     <span class='ocr_line' id='line_1_10' title="bbox 166 1079 1153 1155; baseline 0 -9"><span class='ocrx_word' id='word_1_73' title='bbox 166 1088 225 1150; x_wconf 92' lang='lat' dir='ltr'><strong>lem</strong></span> <span class='ocrx_word' id='word_1_74' title='bbox 246 1085 453 1149; x_wconf 83' lang='lat' dir='ltr'><strong>auctoritatem</strong></span> <span class='ocrx_word' id='word_1_75' title='bbox 474 1082 555 1144; x_wconf 76' lang='lat' dir='ltr'><strong>male</strong></span> <span class='ocrx_word' id='word_1_76' title='bbox 574 1080 731 1155; x_wconf 82' lang='lat' dir='ltr'><strong>allectum,</strong></span> <span class='ocrx_word' id='word_1_77' title='bbox 752 1084 826 1141; x_wconf 91' lang='grc' dir='ltr'><strong>ωηο</strong></span> <span class='ocrx_word' id='word_1_78' title='bbox 845 1079 876 1140; x_wconf 90' lang='lat' dir='ltr'><strong>S.</strong></span> <span class='ocrx_word' id='word_1_79' title='bbox 897 1079 1053 1142; x_wconf 87' lang='lat' dir='ltr'><strong>Pontificis</strong></span> <span class='ocrx_word' id='word_1_80' title='bbox 1067 1101 1153 1146; x_wconf 90' lang='lat' dir='ltr'><strong>con·</strong></span> 
     </span>
     <span class='ocr_line' id='line_1_11' title="bbox 166 1166 1154 1254; baseline -0.001 -17"><span class='ocrx_word' id='word_1_81' title='bbox 166 1171 272 1238; x_wconf 83' lang='lat' dir='ltr'><strong>sensus</strong></span> <span class='ocrx_word' id='word_1_82' title='bbox 287 1191 349 1236; x_wconf 91' lang='lat' dir='ltr'><strong>non</strong></span> <span class='ocrx_word' id='word_1_83' title='bbox 364 1180 466 1254; x_wconf 89' lang='lat' dir='ltr'><strong>posset</strong></span> <span class='ocrx_word' id='word_1_84' title='bbox 479 1171 611 1251; x_wconf 77' lang='lat' dir='ltr'><strong>legitime</strong></span> <span class='ocrx_word' id='word_1_85' title='bbox 626 1166 768 1250; x_wconf 86' lang='lat' dir='ltr'><strong>praesumi</strong></span> <span class='ocrx_word' id='word_1_86' title='bbox 777 1188 786 1243; x_wconf 83' lang='lat'>3</span> <span class='ocrx_word' id='word_1_87' title='bbox 797 1167 878 1229; x_wconf 92' lang='lat' dir='ltr'><strong>unde</strong></span> <span class='ocrx_word' id='word_1_88' title='bbox 889 1170 905 1228; x_wconf 81' lang='lat' dir='ltr'><strong>b</strong></span> <span class='ocrx_word' id='word_1_89' title='bbox 915 1168 1154 1250; x_wconf 79' lang='lat' dir='ltr'><strong>dispensatione</strong></span> 
     </span>
     <span class='ocr_line' id='line_1_12' title="bbox 164 1255 1155 1339; baseline -0.001 -13"><span class='ocrx_word' id='word_1_90' title='bbox 164 1283 198 1326; x_wconf 87' lang='lat' dir='ltr'><strong>se</strong></span> <span class='ocrx_word' id='word_1_91' title='bbox 218 1263 363 1326; x_wconf 89' lang='lat' dir='ltr'><strong>deberent</strong></span> <span class='ocrx_word' id='word_1_92' title='bbox 380 1269 453 1324; x_wconf 88' lang='grc' dir='ltr'><strong>ωηο</strong></span> <span class='ocrx_word' id='word_1_93' title='bbox 477 1259 626 1321; x_wconf 87' lang='lat' dir='ltr'><strong>abstinere</strong></span> <span class='ocrx_word' id='word_1_94' title='bbox 641 1256 798 1338; x_wconf 83' lang='lat' dir='ltr'><strong>Episcopi,</strong></span> <span class='ocrx_word' id='word_1_95' title='bbox 818 1274 857 1318; x_wconf 89' lang='lat' dir='ltr'><strong>ne</strong></span> <span class='ocrx_word' id='word_1_96' title='bbox 879 1255 922 1318; x_wconf 89' lang='lat' dir='ltr'><strong>sic</strong></span> <span class='ocrx_word' id='word_1_97' title='bbox 935 1257 1155 1339; x_wconf 89' lang='lat' dir='ltr'><strong>dispensando</strong></span> 
     </span>
     <span class='ocr_line' id='line_1_13' title="bbox 167 1343 1152 1430; baseline 0.005 -20"><span class='ocrx_word' id='word_1_98' title='bbox 167 1352 340 1414; x_wconf 87' lang='lat' dir='ltr'><strong>viderentur</strong></span> <span class='ocrx_word' id='word_1_99' title='bbox 358 1349 513 1430; x_wconf 88' lang='lat' dir='ltr'><strong>cooperari</strong></span> <span class='ocrx_word' id='word_1_100' title='bbox 531 1347 609 1410; x_wconf 92' lang='lat' dir='ltr'><strong>bello</strong></span> <span class='ocrx_word' id='word_1_101' title='bbox 630 1345 740 1425; x_wconf 76' lang='lat' dir='ltr'><strong>injuste</strong></span> <span class='ocrx_word' id='word_1_102' title='bbox 757 1343 827 1407; x_wconf 81' lang='lat' dir='ltr'><strong>Sodi</strong></span> <span class='ocrx_word' id='word_1_103' title='bbox 843 1346 1020 1426; x_wconf 81' lang='lat' dir='ltr'><strong>Apostottcae</strong></span> <span class='ocrx_word' id='word_1_104' title='bbox 1045 1349 1152 1414; x_wconf 87' lang='lat' dir='ltr'><strong>illato.</strong></span> 
     </span>
    </p>

    <p class='ocr_par' dir='ltr' id='par_1_4' title="bbox 167 1433 1154 1680">
     <span class='ocr_line' id='line_1_14' title="bbox 207 1433 1153 1521; baseline 0 -20"><span class='ocrx_word' id='word_1_105' title='bbox 207 1441 260 1502; x_wconf 88' lang='lat' dir='ltr'><strong>Vel</strong></span> <span class='ocrx_word' id='word_1_106' title='bbox 286 1443 317 1502; x_wconf 75' lang='grc' dir='ltr'><strong>3ο</strong></span> <span class='ocrx_word' id='word_1_107' title='bbox 348 1439 429 1521; x_wconf 83' lang='lat' dir='ltr'><strong>quod</strong></span> <span class='ocrx_word' id='word_1_108' title='bbox 461 1437 538 1499; x_wconf 89' lang='lat' dir='ltr'><strong>adsit</strong></span> <span class='ocrx_word' id='word_1_109' title='bbox 565 1433 753 1499; x_wconf 90' lang='lat' dir='ltr'><strong>consuetudo</strong></span> <span class='ocrx_word' id='word_1_110' title='bbox 785 1433 926 1515; x_wconf 81' lang='lat' dir='ltr'><strong>legitimis</strong></span> <span class='ocrx_word' id='word_1_111' title='bbox 953 1437 1153 1502; x_wconf 90' lang='lat' dir='ltr'><strong>conditioni·</strong></span> 
     </span>
     <span class='ocr_line' id='line_1_15' title="bbox 168 1523 1154 1608; baseline 0 -17"><span class='ocrx_word' id='word_1_112' title='bbox 168 1528 224 1592; x_wconf 91' lang='lat' dir='ltr'><strong>bns</strong></span> <span class='ocrx_word' id='word_1_113' title='bbox 237 1529 356 1603; x_wconf 90' lang='lat' dir='ltr'><strong>vestita,</strong></span> <span class='ocrx_word' id='word_1_114' title='bbox 369 1528 398 1590; x_wconf 93' lang='lat' dir='ltr'><strong>vi</strong></span> <span class='ocrx_word' id='word_1_115' title='bbox 410 1526 497 1608; x_wconf 87' lang='lat' dir='ltr'><strong>eujus</strong></span> <span class='ocrx_word' id='word_1_116' title='bbox 511 1525 650 1607; x_wconf 82' lang='lat' dir='ltr'><strong>Episcopi</strong></span> <span class='ocrx_word' id='word_1_117' title='bbox 665 1523 836 1586; x_wconf 85' lang='lat' dir='ltr'><strong>facultatem</strong></span> <span class='ocrx_word' id='word_1_118' title='bbox 849 1523 1043 1604; x_wconf 89' lang='lat' dir='ltr'><strong>dispensandi</strong></span> <span class='ocrx_word' id='word_1_119' title='bbox 1058 1545 1154 1591; x_wconf 83' lang='lat' dir='ltr'><strong>exer·</strong></span> 
     </span>
     <span class='ocr_line' id='line_1_16' title="bbox 167 1628 248 1680; baseline 0.012 -1"><span class='ocrx_word' id='word_1_120' title='bbox 167 1628 248 1680; x_wconf 87' lang='lat' dir='ltr'><strong>cent.</strong></span> 
     </span>
    </p>

    <p class='ocr_par' dir='ltr' id='par_1_5' title="bbox 134 1701 1155 2142">
     <span class='ocr_line' id='line_1_17' title="bbox 209 1701 1155 1787; baseline 0.005 -21"><span class='ocrx_word' id='word_1_121' title='bbox 209 1708 261 1768; x_wconf 88' lang='lat' dir='ltr'><strong>Vel</strong></span> <span class='ocrx_word' id='word_1_122' title='bbox 282 1707 413 1787; x_wconf 89' lang='lat' dir='ltr'><strong>denique</strong></span> <span class='ocrx_word' id='word_1_123' title='bbox 432 1710 466 1766; x_wconf 80' lang='lat' dir='ltr'><strong>ll⁰</strong></span> <span class='ocrx_word' id='word_1_124' title='bbox 482 1702 566 1784; x_wconf 89' lang='lat' dir='ltr'><strong>qudd</strong></span> <span class='ocrx_word' id='word_1_125' title='bbox 586 1701 737 1765; x_wconf 77' lang='lat' dir='ltr'><strong>dubitetur</strong></span> <span class='ocrx_word' id='word_1_126' title='bbox 758 1719 797 1763; x_wconf 90' lang='grc' dir='ltr'><strong>οη</strong></span> <span class='ocrx_word' id='word_1_127' title='bbox 818 1719 905 1764; x_wconf 88' lang='lat' dir='ltr'><strong>casus</strong></span> <span class='ocrx_word' id='word_1_128' title='bbox 918 1702 1155 1782; x_wconf 84' lang='lat' dir='ltr'><strong>dispensatione</strong></span> 
     </span>
     <span class='ocr_line' id='line_1_18' title="bbox 170 1789 1154 1876; baseline 0.007 -22"><span class='ocrx_word' id='word_1_129' title='bbox 170 1794 301 1876; x_wconf 82' lang='lat' dir='ltr'><strong>indigeat</strong></span> <span class='ocrx_word' id='word_1_130' title='bbox 316 1815 322 1856; x_wconf 94' lang='lat'><strong>:</strong></span> <span class='ocrx_word' id='word_1_131' title='bbox 339 1803 411 1856; x_wconf 90' lang='grc' dir='ltr'><strong>ωηο</strong></span> <span class='ocrx_word' id='word_1_132' title='bbox 429 1793 511 1855; x_wconf 91' lang='lat' dir='ltr'><strong>enim</strong></span> <span class='ocrx_word' id='word_1_133' title='bbox 525 1789 727 1853; x_wconf 88' lang='lat' dir='ltr'><strong>communiter</strong></span> <span class='ocrx_word' id='word_1_134' title='bbox 739 1789 844 1852; x_wconf 87' lang='lat' dir='ltr'><strong>dicunt</strong></span> <span class='ocrx_word' id='word_1_135' title='bbox 857 1793 998 1853; x_wconf 86' lang='lat' dir='ltr'><strong>Doctores</strong></span> <span class='ocrx_word' id='word_1_136' title='bbox 1011 1795 1154 1873; x_wconf 85' lang='lat' dir='ltr'><strong>Episco-</strong></span> 
     </span>
     <span class='ocr_line' id='line_1_19' title="bbox 171 1877 1155 1964; baseline -0.009 -19"><span class='ocrx_word' id='word_1_137' title='bbox 171 1901 243 1961; x_wconf 92' lang='lat' dir='ltr'><strong>pum</strong></span> <span class='ocrx_word' id='word_1_138' title='bbox 263 1901 350 1964; x_wconf 92' lang='lat' dir='ltr'><strong>posse</strong></span> <span class='ocrx_word' id='word_1_139' title='bbox 373 1883 524 1944; x_wconf 90' lang='lat' dir='ltr'><strong>declarare</strong></span> <span class='ocrx_word' id='word_1_140' title='bbox 550 1877 805 1960; x_wconf 83' lang='lat' dir='ltr'><strong>dispensationem</strong></span> <span class='ocrx_word' id='word_1_141' title='bbox 831 1897 892 1941; x_wconf 90' lang='lat' dir='ltr'><strong>non</strong></span> <span class='ocrx_word' id='word_1_142' title='bbox 912 1897 977 1942; x_wconf 89' lang='lat' dir='ltr'><strong>esse</strong></span> <span class='ocrx_word' id='word_1_143' title='bbox 999 1899 1155 1950; x_wconf 77' lang='lat' dir='ltr'><strong>necessa.</strong></span> 
     </span>
     <span class='ocr_line' id='line_1_20' title="bbox 170 1967 1155 2056; baseline 0.002 -26"><span class='ocrx_word' id='word_1_144' title='bbox 170 1972 263 2049; x_wconf 90' lang='lat' dir='ltr'><strong>riam,</strong></span> <span class='ocrx_word' id='word_1_145' title='bbox 282 1977 333 2033; x_wconf 91' lang='lat' dir='ltr'><strong>aut</strong></span> <span class='ocrx_word' id='word_1_146' title='bbox 346 1971 384 2032; x_wconf 92' lang='lat' dir='ltr'><strong>ab</strong></span> <span class='ocrx_word' id='word_1_147' title='bbox 404 1972 470 2052; x_wconf 93' lang='lat' dir='ltr'><strong>ipso</strong></span> <span class='ocrx_word' id='word_1_148' title='bbox 493 1967 533 2030; x_wconf 82' lang='grc' dir='ltr'><strong>οη</strong></span> <span class='ocrx_word' id='word_1_149' title='bbox 550 1967 695 2030; x_wconf 83' lang='lat' dir='ltr'><strong>cautelam</strong></span> <span class='ocrx_word' id='word_1_150' title='bbox 713 1977 743 2030; x_wconf 91' lang='lat' dir='ltr'><strong>et</strong></span> <span class='ocrx_word' id='word_1_151' title='bbox 756 1987 811 2049; x_wconf 93' lang='lat' dir='ltr'><strong>pro</strong></span> <span class='ocrx_word' id='word_1_152' title='bbox 832 1969 933 2050; x_wconf 85' lang='lat' dir='ltr'><strong>quiete</strong></span> <span class='ocrx_word' id='word_1_153' title='bbox 945 1968 1155 2056; x_wconf 77' lang='lat' dir='ltr'><strong>animarum,</strong></span> 
     </span>
     <span class='ocr_line' id='line_1_21' title="bbox 134 2059 430 2142; baseline -0.014 -16"><span class='ocrx_word' id='word_1_154' title='bbox 134 2116 139 2126; x_wconf 83' lang='grc'>.</span> <span class='ocrx_word' id='word_1_155' title='bbox 172 2059 316 2142; x_wconf 84' lang='lat' dir='ltr'><strong>impertiri</strong></span> <span class='ocrx_word' id='word_1_156' title='bbox 332 2078 430 2142; x_wconf 91' lang='lat' dir='ltr'><strong>posse.</strong></span> 
     </span>
    </p>

    <p class='ocr_par' dir='ltr' id='par_1_6' title="bbox 171 2145 1156 2318">
     <span class='ocr_line' id='line_1_22' title="bbox 210 2145 1156 2233; baseline 0.005 -23"><span class='ocrx_word' id='word_1_157' title='bbox 210 2149 295 2212; x_wconf 82' lang='lat' dir='ltr'><strong>Adde</strong></span> <span class='ocrx_word' id='word_1_158' title='bbox 318 2149 442 2233; x_wconf 82' lang='lat' dir='ltr'><strong>insuper</strong></span> <span class='ocrx_word' id='word_1_159' title='bbox 466 2151 498 2210; x_wconf 80' lang='lat'><strong>5·</strong></span> <span class='ocrx_word' id='word_1_160' title='bbox 519 2145 602 2229; x_wconf 88' lang='lat' dir='ltr'><strong>qubd</strong></span> <span class='ocrx_word' id='word_1_161' title='bbox 622 2147 764 2228; x_wconf 82' lang='lat' dir='ltr'><strong>Episcopi</strong></span> <span class='ocrx_word' id='word_1_162' title='bbox 781 2146 898 2210; x_wconf 88' lang='lat' dir='ltr'><strong>valeant</strong></span> <span class='ocrx_word' id='word_1_163' title='bbox 916 2147 1102 2230; x_wconf 89' lang='lat' dir='ltr'><strong>dispensare</strong></span> <span class='ocrx_word' id='word_1_164' title='bbox 1124 2158 1156 2219; x_wconf 89' lang='lat' dir='ltr'><strong>in</strong></span> 
     </span>
     <span class='ocr_line' id='line_1_23' title="bbox 171 2235 1154 2318; baseline 0.005 -21"><span class='ocrx_word' id='word_1_165' title='bbox 171 2237 285 2301; x_wconf 86' lang='lat' dir='ltr'><strong>teribus</strong></span> <span class='ocrx_word' id='word_1_166' title='bbox 307 2245 337 2300; x_wconf 88' lang='lat' dir='ltr'><strong>et</strong></span> <span class='ocrx_word' id='word_1_167' title='bbox 360 2237 532 2318; x_wconf 87' lang='lat' dir='ltr'><strong>frequenter</strong></span> <span class='ocrx_word' id='word_1_168' title='bbox 555 2235 776 2312; x_wconf 88' lang='lat' dir='ltr'><strong>accidentibus,</strong></span> <span class='ocrx_word' id='word_1_169' title='bbox 800 2235 840 2296; x_wconf 92' lang='lat' dir='ltr'><strong>ob</strong></span> <span class='ocrx_word' id='word_1_170' title='bbox 863 2245 1092 2318; x_wconf 75' lang='lat' dir='ltr'><strong>presumptum</strong></span> <span class='ocrx_word' id='word_1_171' title='bbox 1121 2248 1154 2310; x_wconf 84' lang='lat' dir='ltr'><strong>S,</strong></span> 
     </span>
    </p>
   </div>
   <div class='ocr_carea' id='block_1_3' title="bbox 66 2323 1158 2405">
    <p class='ocr_par' dir='ltr' id='par_1_7' title="bbox 66 2323 1158 2405">
     <span class='ocr_line' id='line_1_24' title="bbox 66 2323 1158 2405; baseline 0.01 -17"><span class='ocrx_word' id='word_1_172' title='bbox 66 2327 71 2338; x_wconf 93' lang='lat'>&#39;</span> <span class='ocrx_word' id='word_1_173' title='bbox 171 2326 322 2388; x_wconf 86' lang='lat' dir='ltr'><strong>Pontificis</strong></span> <span class='ocrx_word' id='word_1_174' title='bbox 333 2343 529 2400; x_wconf 85' lang='lat' dir='ltr'><strong>consensum,</strong></span> <span class='ocrx_word' id='word_1_175' title='bbox 542 2323 581 2385; x_wconf 89' lang='lat' dir='ltr'><strong>ad</strong></span> <span class='ocrx_word' id='word_1_176' title='bbox 592 2341 684 2405; x_wconf 87' lang='lat' dir='ltr'><strong>quem</strong></span> <span class='ocrx_word' id='word_1_177' title='bbox 695 2331 768 2386; x_wconf 90' lang='lat' dir='ltr'><strong>tuuc</strong></span> <span class='ocrx_word' id='word_1_178' title='bbox 783 2325 873 2386; x_wconf 92' lang='lat' dir='ltr'><strong>nimis</strong></span> <span class='ocrx_word' id='word_1_179' title='bbox 887 2333 964 2388; x_wconf 88' lang='lat' dir='ltr'><strong>esset</strong></span> <span class='ocrx_word' id='word_1_180' title='bbox 976 2345 1158 2398; x_wconf 89' lang='lat' dir='ltr'><strong>onerosum</strong></span> 
     </span>
    </p>
   </div>
   <div class='ocr_carea' id='block_1_4' title="bbox 169 2411 1166 3826">
    <p class='ocr_par' dir='ltr' id='par_1_8' title="bbox 170 2411 1160 2586">
     <span class='ocr_line' id='line_1_25' title="bbox 170 2411 1160 2495; baseline 0.008 -19"><span class='ocrx_word' id='word_1_181' title='bbox 170 2415 279 2477; x_wconf 89' lang='lat' dir='ltr'><strong>debere</strong></span> <span class='ocrx_word' id='word_1_182' title='bbox 292 2432 457 2476; x_wconf 88' lang='lat' dir='ltr'><strong>recurrere.</strong></span> <span class='ocrx_word' id='word_1_183' title='bbox 471 2414 584 2494; x_wconf 85' lang='lat' dir='ltr'><strong>Estque</strong></span> <span class='ocrx_word' id='word_1_184' title='bbox 595 2411 715 2474; x_wconf 89' lang='lat' dir='ltr'><strong>aliunde</strong></span> <span class='ocrx_word' id='word_1_185' title='bbox 724 2420 830 2475; x_wconf 90' lang='lat' dir='ltr'><strong>notum</strong></span> <span class='ocrx_word' id='word_1_186' title='bbox 839 2413 923 2495; x_wconf 86' lang='lat' dir='ltr'><strong>qubd</strong></span> <span class='ocrx_word' id='word_1_187' title='bbox 935 2414 966 2474; x_wconf 92' lang='lat' dir='ltr'><strong>in</strong></span> <span class='ocrx_word' id='word_1_188' title='bbox 976 2419 1160 2487; x_wconf 87' lang='lat' dir='ltr'><strong>moralibus</strong></span> 
     </span>
     <span class='ocr_line' id='line_1_26' title="bbox 172 2502 631 2586; baseline -0.002 -23"><span class='ocrx_word' id='word_1_189' title='bbox 172 2521 278 2586; x_wconf 84' lang='lat' dir='ltr'><strong>parum</strong></span> <span class='ocrx_word' id='word_1_190' title='bbox 292 2502 454 2584; x_wconf 91' lang='lat' dir='ltr'><strong>pronihilo</strong></span> <span class='ocrx_word' id='word_1_191' title='bbox 468 2508 631 2582; x_wconf 90' lang='lat' dir='ltr'><strong>reputetur.</strong></span> 
     </span>
    </p>

    <p class='ocr_par' dir='ltr' id='par_1_9' title="bbox 170 2589 1161 2849">
     <span class='ocr_line' id='line_1_27' title="bbox 211 2589 1161 2683; baseline 0.014 -33"><span class='ocrx_word' id='word_1_192' title='bbox 211 2591 342 2652; x_wconf 89' lang='lat' dir='ltr'><strong>Potestas</strong></span> <span class='ocrx_word' id='word_1_193' title='bbox 354 2590 547 2672; x_wconf 89' lang='lat' dir='ltr'><strong>dispensandi</strong></span> <span class='ocrx_word' id='word_1_194' title='bbox 561 2589 593 2651; x_wconf 92' lang='lat' dir='ltr'><strong>in</strong></span> <span class='ocrx_word' id='word_1_195' title='bbox 607 2589 755 2671; x_wconf 88' lang='lat' dir='ltr'><strong>praedictis</strong></span> <span class='ocrx_word' id='word_1_196' title='bbox 768 2591 888 2654; x_wconf 90' lang='lat' dir='ltr'><strong>casibus</strong></span> <span class='ocrx_word' id='word_1_197' title='bbox 902 2611 1046 2658; x_wconf 88' lang='lat' dir='ltr'><strong>concessa</strong></span> <span class='ocrx_word' id='word_1_198' title='bbox 1065 2596 1161 2683; x_wconf 84' lang='lat' dir='ltr'><strong>Epis·</strong></span> 
     </span>
     <span class='ocr_line' id='line_1_28' title="bbox 170 2678 1160 2759; baseline 0.019 -24"><span class='ocrx_word' id='word_1_199' title='bbox 170 2678 254 2758; x_wconf 72' lang='lat' dir='ltr'><strong>copis</strong></span> <span class='ocrx_word' id='word_1_200' title='bbox 267 2688 308 2739; x_wconf 86' lang='lat' dir='ltr'><strong>est</strong></span> <span class='ocrx_word' id='word_1_201' title='bbox 321 2679 490 2756; x_wconf 83' lang='lat' dir='ltr'><strong>ordinaria,</strong></span> <span class='ocrx_word' id='word_1_202' title='bbox 506 2697 542 2742; x_wconf 89' lang='lat' dir='ltr'><strong>ac</strong></span> <span class='ocrx_word' id='word_1_203' title='bbox 555 2678 700 2759; x_wconf 82' lang='lat' dir='ltr'><strong>proinde,</strong></span> <span class='ocrx_word' id='word_1_204' title='bbox 716 2679 787 2740; x_wconf 91' lang='lat' dir='ltr'><strong>sede</strong></span> <span class='ocrx_word' id='word_1_205' title='bbox 799 2689 933 2758; x_wconf 88' lang='lat' dir='ltr'><strong>vacante,</strong></span> <span class='ocrx_word' id='word_1_206' title='bbox 948 2683 1040 2746; x_wconf 89' lang='lat' dir='ltr'><strong>etiam</strong></span> <span class='ocrx_word' id='word_1_207' title='bbox 1055 2705 1160 2754; x_wconf 87' lang='lat' dir='ltr'><strong>eorn-</strong></span> 
     </span>
     <span class='ocr_line' id='line_1_29' title="bbox 170 2766 834 2849; baseline 0.002 -21"><span class='ocrx_word' id='word_1_208' title='bbox 170 2767 245 2848; x_wconf 88' lang='lat' dir='ltr'><strong>petit</strong></span> <span class='ocrx_word' id='word_1_209' title='bbox 259 2767 411 2847; x_wconf 87' lang='lat' dir='ltr'><strong>Capitulo;</strong></span> <span class='ocrx_word' id='word_1_210' title='bbox 427 2785 462 2830; x_wconf 91' lang='lat' dir='ltr'><strong>ac</strong></span> <span class='ocrx_word' id='word_1_211' title='bbox 476 2767 567 2829; x_wconf 93' lang='lat' dir='ltr'><strong>etiam</strong></span> <span class='ocrx_word' id='word_1_212' title='bbox 581 2773 678 2848; x_wconf 88' lang='lat' dir='ltr'><strong>potest</strong></span> <span class='ocrx_word' id='word_1_213' title='bbox 692 2766 834 2849; x_wconf 82' lang='lat' dir='ltr'><strong>delegari.</strong></span> 
     </span>
    </p>

    <p class='ocr_par' dir='ltr' id='par_1_10' title="bbox 169 2855 1262 3022">
     <span class='ocr_line' id='line_1_30' title="bbox 210 2855 1162 2940; baseline 0.013 -25"><span class='ocrx_word' id='word_1_214' title='bbox 210 2859 279 2916; x_wconf 80' lang='lat' dir='ltr'><strong>lll.</strong></span> <span class='ocrx_word' id='word_1_215' title='bbox 302 2857 423 2928; x_wconf 80' lang='lat' dir='ltr'><strong>Quaerit.</strong></span> <span class='ocrx_word' id='word_1_216' title='bbox 443 2860 473 2918; x_wconf 83' lang='lat'><strong>1⁰</strong></span> <span class='ocrx_word' id='word_1_217' title='bbox 489 2859 534 2917; x_wconf 91' lang='grc' dir='ltr'>Αη</span> <span class='ocrx_word' id='word_1_218' title='bbox 549 2855 743 2936; x_wconf 86' lang='lat' dir='ltr'><strong>dispensatio,</strong></span> <span class='ocrx_word' id='word_1_219' title='bbox 759 2857 796 2918; x_wconf 93' lang='lat' dir='ltr'><strong>ab</strong></span> <span class='ocrx_word' id='word_1_220' title='bbox 810 2857 959 2940; x_wconf 89' lang='lat' dir='ltr'><strong>Episcopo</strong></span> <span class='ocrx_word' id='word_1_221' title='bbox 973 2859 1040 2924; x_wconf 79' lang='lat' dir='ltr'><strong>stne</strong></span> <span class='ocrx_word' id='word_1_222' title='bbox 1055 2873 1162 2934; x_wconf 72' lang='lat' dir='ltr'><strong>causa</strong></span> 
     </span>
     <span class='ocr_line' id='line_1_31' title="bbox 169 2944 613 3022; baseline 0.004 -17"><span class='ocrx_word' id='word_1_223' title='bbox 169 2944 329 3007; x_wconf 84' lang='lat' dir='ltr'><strong>sufficienti</strong></span> <span class='ocrx_word' id='word_1_224' title='bbox 342 2944 425 3022; x_wconf 88' lang='lat' dir='ltr'><strong>data,</strong></span> <span class='ocrx_word' id='word_1_225' title='bbox 443 2944 481 3006; x_wconf 88' lang='lat' dir='ltr'><strong>sit</strong></span> <span class='ocrx_word' id='word_1_226' title='bbox 494 2945 613 3006; x_wconf 77' lang='lat' dir='ltr'><strong>validat</strong></span> 
     </span>
    </p>

    <p class='ocr_par' dir='ltr' id='par_1_11' title="bbox 170 3033 1165 3293">
     <span class='ocr_line' id='line_1_32' title="bbox 210 3033 1162 3128; baseline 0.013 -36"><span class='ocrx_word' id='word_1_227' title='bbox 210 3036 299 3116; x_wconf 91' lang='lat' dir='ltr'><strong>llesp.</strong></span> <span class='ocrx_word' id='word_1_228' title='bbox 317 3038 347 3096; x_wconf 71' lang='grc' dir='ltr'><strong>η’</strong></span> <span class='ocrx_word' id='word_1_229' title='bbox 363 3034 550 3115; x_wconf 87' lang='lat' dir='ltr'><strong>Dispensatio</strong></span> <span class='ocrx_word' id='word_1_230' title='bbox 568 3033 606 3094; x_wconf 89' lang='lat' dir='ltr'><strong>ab</strong></span> <span class='ocrx_word' id='word_1_231' title='bbox 621 3035 769 3114; x_wconf 89' lang='lat' dir='ltr'><strong>Episcopo</strong></span> <span class='ocrx_word' id='word_1_232' title='bbox 790 3035 858 3099; x_wconf 97' lang='grc' dir='ltr'><strong>ηοω</strong></span> <span class='ocrx_word' id='word_1_233' title='bbox 873 3035 904 3098; x_wconf 91' lang='lat' dir='ltr'><strong>in</strong></span> <span class='ocrx_word' id='word_1_234' title='bbox 919 3041 1041 3118; x_wconf 79' lang='lat' dir='ltr'><strong>propria</strong></span> <span class='ocrx_word' id='word_1_235' title='bbox 1059 3043 1162 3128; x_wconf 79' lang='lat' dir='ltr'><strong>lege,</strong></span> 
     </span>
     <span class='ocr_line' id='line_1_33' title="bbox 170 3121 1165 3208; baseline 0.018 -25"><span class='ocrx_word' id='word_1_236' title='bbox 170 3122 266 3185; x_wconf 78' lang='lat' dir='ltr'><strong>salida</strong></span> <span class='ocrx_word' id='word_1_237' title='bbox 279 3128 335 3200; x_wconf 88' lang='lat' dir='ltr'><strong>est,</strong></span> <span class='ocrx_word' id='word_1_238' title='bbox 347 3122 402 3184; x_wconf 92' lang='lat' dir='ltr'><strong>etsi</strong></span> <span class='ocrx_word' id='word_1_239' title='bbox 412 3122 482 3184; x_wconf 89' lang='lat' dir='ltr'><strong>data</strong></span> <span class='ocrx_word' id='word_1_240' title='bbox 496 3121 560 3184; x_wconf 80' lang='lat' dir='ltr'><strong>stne</strong></span> <span class='ocrx_word' id='word_1_241' title='bbox 572 3125 676 3184; x_wconf 79' lang='lat' dir='ltr'><strong>causa:</strong></span> <span class='ocrx_word' id='word_1_242' title='bbox 691 3122 759 3203; x_wconf 88' lang='lat' dir='ltr'><strong>qnia</strong></span> <span class='ocrx_word' id='word_1_243' title='bbox 770 3123 912 3204; x_wconf 78' lang='lat' dir='ltr'><strong>obligatio</strong></span> <span class='ocrx_word' id='word_1_244' title='bbox 926 3127 1029 3208; x_wconf 76' lang='lat' dir='ltr'><strong>legisti</strong></span> <span class='ocrx_word' id='word_1_245' title='bbox 1042 3136 1165 3200; x_wconf 79' lang='lat' dir='ltr'><strong>volun-</strong></span> 
     </span>
     <span class='ocr_line' id='line_1_34' title="bbox 171 3209 876 3293; baseline 0.003 -22"><span class='ocrx_word' id='word_1_246' title='bbox 171 3220 229 3274; x_wconf 88' lang='lat' dir='ltr'><strong>tate</strong></span> <span class='ocrx_word' id='word_1_247' title='bbox 241 3212 430 3293; x_wconf 83' lang='lat' dir='ltr'><strong>Legislatoris</strong></span> <span class='ocrx_word' id='word_1_248' title='bbox 444 3209 573 3291; x_wconf 83' lang='lat' dir='ltr'><strong>pendet;</strong></span> <span class='ocrx_word' id='word_1_249' title='bbox 589 3217 749 3272; x_wconf 91' lang='lat' dir='ltr'><strong>esttamen</strong></span> <span class='ocrx_word' id='word_1_250' title='bbox 764 3211 876 3274; x_wconf 89' lang='lat' dir='ltr'><strong>illicita.</strong></span> 
     </span>
    </p>

    <p class='ocr_par' dir='ltr' id='par_1_12' title="bbox 169 3299 1166 3737">
     <span class='ocr_line' id='line_1_35' title="bbox 209 3299 1165 3392; baseline 0.009 -30"><span class='ocrx_word' id='word_1_251' title='bbox 209 3305 240 3362; x_wconf 75' lang='lat'><strong>2⁰</strong></span> <span class='ocrx_word' id='word_1_252' title='bbox 255 3300 445 3383; x_wconf 89' lang='lat' dir='ltr'><strong>Dispensatio</strong></span> <span class='ocrx_word' id='word_1_253' title='bbox 460 3300 491 3360; x_wconf 93' lang='lat' dir='ltr'><strong>in</strong></span> <span class='ocrx_word' id='word_1_254' title='bbox 506 3299 571 3379; x_wconf 83' lang='lat' dir='ltr'><strong>lege</strong></span> <span class='ocrx_word' id='word_1_255' title='bbox 586 3299 771 3380; x_wconf 87' lang='lat' dir='ltr'><strong>Superioris,</strong></span> <span class='ocrx_word' id='word_1_256' title='bbox 787 3301 876 3362; x_wconf 90' lang='lat' dir='ltr'><strong>etiam</strong></span> <span class='ocrx_word' id='word_1_257' title='bbox 890 3301 921 3364; x_wconf 92' lang='lat' dir='ltr'><strong>in</strong></span> <span class='ocrx_word' id='word_1_258' title='bbox 935 3304 1011 3366; x_wconf 86' lang='lat' dir='ltr'><strong>rotis</strong></span> <span class='ocrx_word' id='word_1_259' title='bbox 1023 3315 1056 3370; x_wconf 86' lang='lat' dir='ltr'><strong>et</strong></span> <span class='ocrx_word' id='word_1_260' title='bbox 1070 3313 1165 3392; x_wconf 71' lang='lat' dir='ltr'><strong>jura.</strong></span> 
     </span>
     <span class='ocr_line' id='line_1_36' title="bbox 172 3386 1163 3483; baseline 0.017 -33"><span class='ocrx_word' id='word_1_261' title='bbox 172 3390 295 3465; x_wconf 90' lang='lat' dir='ltr'><strong>mentis,</strong></span> <span class='ocrx_word' id='word_1_262' title='bbox 311 3389 380 3451; x_wconf 91' lang='lat' dir='ltr'><strong>data</strong></span> <span class='ocrx_word' id='word_1_263' title='bbox 398 3405 469 3450; x_wconf 87' lang='lat' dir='ltr'><strong>cum</strong></span> <span class='ocrx_word' id='word_1_264' title='bbox 483 3386 576 3449; x_wconf 91' lang='lat' dir='ltr'><strong>dubio</strong></span> <span class='ocrx_word' id='word_1_265' title='bbox 593 3405 632 3448; x_wconf 91' lang='lat' dir='ltr'><strong>an</strong></span> <span class='ocrx_word' id='word_1_266' title='bbox 647 3387 724 3449; x_wconf 89' lang='lat' dir='ltr'><strong>adsit</strong></span> <span class='ocrx_word' id='word_1_267' title='bbox 740 3407 845 3466; x_wconf 90' lang='lat' dir='ltr'><strong>causa,</strong></span> <span class='ocrx_word' id='word_1_268' title='bbox 861 3392 905 3452; x_wconf 88' lang='lat' dir='ltr'><strong>rel</strong></span> <span class='ocrx_word' id='word_1_269' title='bbox 921 3392 1084 3462; x_wconf 87' lang='lat' dir='ltr'><strong>sufficiens</strong></span> <span class='ocrx_word' id='word_1_270' title='bbox 1101 3407 1163 3483; x_wconf 89' lang='lat' dir='ltr'><strong>sit,</strong></span> 
     </span>
     <span class='ocr_line' id='line_1_37' title="bbox 169 3475 1164 3560; baseline 0.012 -23"><span class='ocrx_word' id='word_1_271' title='bbox 169 3484 215 3538; x_wconf 91' lang='lat' dir='ltr'><strong>est</strong></span> <span class='ocrx_word' id='word_1_272' title='bbox 224 3477 314 3538; x_wconf 91' lang='lat' dir='ltr'><strong>etiam</strong></span> <span class='ocrx_word' id='word_1_273' title='bbox 327 3477 440 3540; x_wconf 90' lang='lat' dir='ltr'><strong>valida:</strong></span> <span class='ocrx_word' id='word_1_274' title='bbox 454 3475 525 3557; x_wconf 87' lang='lat' dir='ltr'><strong>quia</strong></span> <span class='ocrx_word' id='word_1_275' title='bbox 535 3475 566 3536; x_wconf 95' lang='lat' dir='ltr'><strong>in</strong></span> <span class='ocrx_word' id='word_1_276' title='bbox 580 3476 673 3538; x_wconf 88' lang='lat' dir='ltr'><strong>dubio</strong></span> <span class='ocrx_word' id='word_1_277' title='bbox 686 3477 826 3540; x_wconf 87' lang='lat' dir='ltr'><strong>standum</strong></span> <span class='ocrx_word' id='word_1_278' title='bbox 838 3487 882 3540; x_wconf 90' lang='lat' dir='ltr'><strong>est</strong></span> <span class='ocrx_word' id='word_1_279' title='bbox 897 3499 951 3560; x_wconf 91' lang='lat' dir='ltr'><strong>pro</strong></span> <span class='ocrx_word' id='word_1_280' title='bbox 963 3484 1072 3549; x_wconf 87' lang='lat' dir='ltr'><strong>valore</strong></span> <span class='ocrx_word' id='word_1_281' title='bbox 1089 3493 1164 3558; x_wconf 80' lang='lat' dir='ltr'><strong>dis.</strong></span> 
     </span>
     <span class='ocr_line' id='line_1_38' title="bbox 172 3565 1166 3652; baseline 0.014 -29"><span class='ocrx_word' id='word_1_282' title='bbox 172 3565 364 3643; x_wconf 85' lang='lat' dir='ltr'><strong>pensationis,</strong></span> <span class='ocrx_word' id='word_1_283' title='bbox 376 3571 405 3626; x_wconf 91' lang='lat' dir='ltr'><strong>et</strong></span> <span class='ocrx_word' id='word_1_284' title='bbox 417 3571 559 3646; x_wconf 76' lang='lat' dir='ltr'><strong>praterea</strong></span> <span class='ocrx_word' id='word_1_285' title='bbox 574 3583 630 3645; x_wconf 90' lang='lat' dir='ltr'><strong>pro</strong></span> <span class='ocrx_word' id='word_1_286' title='bbox 642 3565 743 3646; x_wconf 87' lang='lat' dir='ltr'><strong>quiete</strong></span> <span class='ocrx_word' id='word_1_287' title='bbox 755 3567 937 3646; x_wconf 88' lang='lat' dir='ltr'><strong>animarum,</strong></span> <span class='ocrx_word' id='word_1_288' title='bbox 950 3582 1166 3652; x_wconf 68' lang='lat' dir='ltr'><strong>praesumitur</strong></span> 
     </span>
     <span class='ocr_line' id='line_1_39' title="bbox 172 3655 861 3737; baseline 0.009 -23"><span class='ocrx_word' id='word_1_289' title='bbox 172 3656 252 3715; x_wconf 87' lang='lat' dir='ltr'><strong>Deus</strong></span> <span class='ocrx_word' id='word_1_290' title='bbox 265 3661 359 3716; x_wconf 88' lang='lat' dir='ltr'><strong>ratam</strong></span> <span class='ocrx_word' id='word_1_291' title='bbox 373 3656 482 3718; x_wconf 89' lang='lat' dir='ltr'><strong>habere</strong></span> <span class='ocrx_word' id='word_1_292' title='bbox 494 3656 583 3718; x_wconf 90' lang='lat' dir='ltr'><strong>talem</strong></span> <span class='ocrx_word' id='word_1_293' title='bbox 596 3655 861 3737; x_wconf 89' lang='lat' dir='ltr'><strong>dispensationem.</strong></span> 
     </span>
    </p>

    <p class='ocr_par' dir='ltr' id='par_1_13' title="bbox 211 3742 1165 3826">
     <span class='ocr_line' id='line_1_40' title="bbox 211 3742 1165 3826; baseline 0.014 -26"><span class='ocrx_word' id='word_1_294' title='bbox 211 3745 241 3801; x_wconf 75' lang='lat'><strong>3⁰</strong></span> <span class='ocrx_word' id='word_1_295' title='bbox 268 3742 439 3820; x_wconf 88' lang='lat' dir='ltr'><strong>Disputatur</strong></span> <span class='ocrx_word' id='word_1_296' title='bbox 462 3745 534 3804; x_wconf 85' lang='lat' dir='ltr'><strong>verb</strong></span> <span class='ocrx_word' id='word_1_297' title='bbox 556 3746 659 3806; x_wconf 89' lang='lat' dir='ltr'><strong>utrlrm</strong></span> <span class='ocrx_word' id='word_1_298' title='bbox 683 3743 780 3806; x_wconf 90' lang='lat' dir='ltr'><strong>valida</strong></span> <span class='ocrx_word' id='word_1_299' title='bbox 804 3745 841 3806; x_wconf 91' lang='lat' dir='ltr'><strong>sit</strong></span> <span class='ocrx_word' id='word_1_300' title='bbox 866 3745 1056 3822; x_wconf 88' lang='lat' dir='ltr'><strong>dispensatio</strong></span> <span class='ocrx_word' id='word_1_301' title='bbox 1088 3759 1165 3826; x_wconf 68' lang='lat' dir='ltr'><strong>data</strong></span> 
     </span>
    </p>
   </div>
   <div class='ocr_carea' id='block_1_5' title="bbox 0 0 1275 4210">
    <p class='ocr_par' dir='ltr' id='par_1_14' title="bbox 0 0 1275 4210">
     <span class='ocr_line' id='line_1_41' title="bbox 0 0 1275 4210; baseline 0 0"><span class='ocrx_word' id='word_1_302' title='bbox 0 0 1275 4210; x_wconf 95' lang='lat' dir='ltr'><strong> </strong></span> 
     </span>
    </p>
   </div>
  </div>
 </body>
</html>
