<?xml version="1.0" encoding="UTF-8"?>
<!DOCTYPE html PUBLIC "-//W3C//DTD XHTML 1.0 Transitional//EN"
    "http://www.w3.org/TR/xhtml1/DTD/xhtml1-transitional.dtd">
<html xmlns="http://www.w3.org/1999/xhtml" xml:lang="en" lang="en">
 <head>
  <title>
</title>
<meta http-equiv="Content-Type" content="text/html;charset=utf-8" />
  <meta name='ocr-system' content='tesseract 3.04.00' />
  <meta name='ocr-capabilities' content='ocr_page ocr_carea ocr_par ocr_line ocrx_word'/>
</head>
<body>
  <div class='ocr_page' id='page_1' title='image "./elementajurisca01craigoog_0422.png"; bbox 0 0 2590 4214; ppageno 0'>
   <div class='ocr_carea' id='block_1_1' title="bbox 461 337 1062 394">
    <p class='ocr_par' dir='ltr' id='par_1_1' title="bbox 461 337 1062 394">
     <span class='ocr_line' id='line_1_1' title="bbox 461 337 1062 394; baseline 0.007 -4"><span class='ocrx_word' id='word_1_1' title='bbox 461 346 548 392; x_wconf 75' lang='lat' dir='ltr'><strong>lunen</strong></span> <span class='ocrx_word' id='word_1_2' title='bbox 569 345 687 391; x_wconf 76' lang='lat' dir='ltr'><strong>uulnus.</strong></span> <span class='ocrx_word' id='word_1_3' title='bbox 1004 337 1062 394; x_wconf 71' lang='lat'><strong>⁴03</strong></span> 
     </span>
    </p>
   </div>
   <div class='ocr_carea' id='block_1_2' title="bbox 79 442 1064 964">
    <p class='ocr_par' dir='ltr' id='par_1_2' title="bbox 79 442 1063 704">
     <span class='ocr_line' id='line_1_2' title="bbox 84 442 1063 527; baseline 0.005 -26"><span class='ocrx_word' id='word_1_4' title='bbox 84 466 104 501; x_wconf 73' lang='lat' dir='ltr'><strong>c</strong></span> <span class='ocrx_word' id='word_1_5' title='bbox 125 462 202 526; x_wconf 89' lang='lat' dir='ltr'><strong>opus</strong></span> <span class='ocrx_word' id='word_1_6' title='bbox 215 442 269 515; x_wconf 83' lang='lat' dir='ltr'><strong>sil,</strong></span> <span class='ocrx_word' id='word_1_7' title='bbox 285 444 377 505; x_wconf 86' lang='lat' dir='ltr'><strong>etium</strong></span> <span class='ocrx_word' id='word_1_8' title='bbox 395 461 450 526; x_wconf 82' lang='lat' dir='ltr'><strong>per</strong></span> <span class='ocrx_word' id='word_1_9' title='bbox 467 462 612 506; x_wconf 83' lang='lat' dir='ltr'><strong>censuras</strong></span> <span class='ocrx_word' id='word_1_10' title='bbox 629 442 845 506; x_wconf 80' lang='lat' dir='ltr'><strong>ecclesiasticus</strong></span> <span class='ocrx_word' id='word_1_11' title='bbox 860 444 1063 527; x_wconf 80' lang='lat' dir='ltr'>compellent,</span> 
     </span>
     <span class='ocr_line' id='line_1_3' title="bbox 84 531 1062 616; baseline 0.004 -26"><span class='ocrx_word' id='word_1_12' title='bbox 84 556 102 591; x_wconf 89' lang='lat'>«</span> <span class='ocrx_word' id='word_1_13' title='bbox 124 551 187 596; x_wconf 91' lang='lat' dir='ltr'><strong>nou</strong></span> <span class='ocrx_word' id='word_1_14' title='bbox 201 532 390 596; x_wconf 75' lang='lat' dir='ltr'><strong>obstantibus</strong></span> <span class='ocrx_word' id='word_1_15' title='bbox 402 531 565 614; x_wconf 80' lang='lat' dir='ltr'><strong>privilegiis</strong></span> <span class='ocrx_word' id='word_1_16' title='bbox 586 538 616 594; x_wconf 84' lang='lat' dir='ltr'><strong>el</strong></span> <span class='ocrx_word' id='word_1_17' title='bbox 635 533 916 598; x_wconf 84' lang='lat' dir='ltr'><strong>consuetudinibus.</strong></span> <span class='ocrx_word' id='word_1_18' title='bbox 934 555 949 594; x_wconf 81' lang='lat' dir='ltr'><strong>u</strong></span> <span class='ocrx_word' id='word_1_19' title='bbox 969 532 1062 616; x_wconf 82' lang='lat' dir='ltr'><strong>(Sess.</strong></span> 
     </span>
     <span class='ocr_line' id='line_1_4' title="bbox 79 620 475 704; baseline -0.003 -21"><span class='ocrx_word' id='word_1_20' title='bbox 79 626 135 695; x_wconf 72' lang='lat'><strong>24,</strong></span> <span class='ocrx_word' id='word_1_21' title='bbox 148 640 215 704; x_wconf 84' lang='lat' dir='ltr'><strong>cop.</strong></span> <span class='ocrx_word' id='word_1_22' title='bbox 232 626 263 694; x_wconf 75' lang='lat' dir='ltr'><strong>l,</strong></span> <span class='ocrx_word' id='word_1_23' title='bbox 279 621 324 684; x_wconf 83' lang='lat' dir='ltr'><strong>De</strong></span> <span class='ocrx_word' id='word_1_24' title='bbox 338 620 475 704; x_wconf 76' lang='lat' dir='ltr'><strong>reform.)</strong></span> 
     </span>
    </p>

    <p class='ocr_par' dir='ltr' id='par_1_3' title="bbox 80 722 1064 964">
     <span class='ocr_line' id='line_1_5' title="bbox 122 722 1064 807; baseline -0.002 -21"><span class='ocrx_word' id='word_1_25' title='bbox 122 726 213 786; x_wconf 80' lang='lat' dir='ltr'><strong>June</strong></span> <span class='ocrx_word' id='word_1_26' title='bbox 231 722 414 798; x_wconf 82' lang='lat' dir='ltr'><strong>Baubosum,</strong></span> <span class='ocrx_word' id='word_1_27' title='bbox 439 723 605 786; x_wconf 81' lang='lat' dir='ltr'><strong>monlalllen</strong></span> <span class='ocrx_word' id='word_1_28' title='bbox 622 729 728 806; x_wconf 78' lang='lat' dir='ltr'><strong>peccel</strong></span> <span class='ocrx_word' id='word_1_29' title='bbox 751 724 917 807; x_wconf 81' lang='lat' dir='ltr'>parochus,</span> <span class='ocrx_word' id='word_1_30' title='bbox 940 724 992 806; x_wconf 92' lang='lat' dir='ltr'><strong>qui</strong></span> <span class='ocrx_word' id='word_1_31' title='bbox 1018 723 1064 784; x_wconf 89' lang='lat' dir='ltr'><strong>ni-</strong></span> 
     </span>
     <span class='ocr_line' id='line_1_6' title="bbox 82 811 1064 895; baseline -0.001 -21"><span class='ocrx_word' id='word_1_32' title='bbox 82 812 183 874; x_wconf 81' lang='lat' dir='ltr'><strong>miium</strong></span> <span class='ocrx_word' id='word_1_33' title='bbox 198 813 355 895; x_wconf 79' lang='lat' dir='ltr'><strong>negligens</strong></span> <span class='ocrx_word' id='word_1_34' title='bbox 368 819 414 874; x_wconf 85' lang='lat' dir='ltr'><strong>esl</strong></span> <span class='ocrx_word' id='word_1_35' title='bbox 429 812 460 873; x_wconf 93' lang='lat' dir='ltr'><strong>in</strong></span> <span class='ocrx_word' id='word_1_36' title='bbox 474 812 649 892; x_wconf 88' lang='lat' dir='ltr'><strong>hujusmodi</strong></span> <span class='ocrx_word' id='word_1_37' title='bbox 664 813 801 876; x_wconf 81' lang='lat' dir='ltr'><strong>doctrinll</strong></span> <span class='ocrx_word' id='word_1_38' title='bbox 815 813 978 878; x_wconf 78' lang='lat' dir='ltr'><strong>chuisliunl</strong></span> <span class='ocrx_word' id='word_1_39' title='bbox 991 811 1064 874; x_wconf 85' lang='lat' dir='ltr'><strong>edo-</strong></span> 
     </span>
     <span class='ocr_line' id='line_1_7' title="bbox 80 901 193 964; baseline -0.018 0"><span class='ocrx_word' id='word_1_40' title='bbox 80 901 193 964; x_wconf 73' lang='lat' dir='ltr'><strong>condo.</strong></span> 
     </span>
    </p>
   </div>
   <div class='ocr_carea' id='block_1_3' title="bbox 138 1047 1007 1117">
    <p class='ocr_par' dir='ltr' id='par_1_4' title="bbox 138 1047 1007 1117">
     <span class='ocr_line' id='line_1_8' title="bbox 138 1047 1007 1117; baseline 0.007 -6"><span class='ocrx_word' id='word_1_41' title='bbox 138 1055 168 1110; x_wconf 85' lang='lat' dir='ltr'><strong>V.</strong></span> <span class='ocrx_word' id='word_1_42' title='bbox 180 1056 259 1113; x_wconf 85' lang='lat' dir='ltr'><strong>-Du</strong></span> <span class='ocrx_word' id='word_1_43' title='bbox 282 1047 465 1114; x_wconf 76' lang='lat' dir='ltr'><strong>ouucunonu</strong></span> <span class='ocrx_word' id='word_1_44' title='bbox 485 1071 601 1114; x_wconf 78' lang='lat' dir='ltr'><strong>nnuocm</strong></span> <span class='ocrx_word' id='word_1_45' title='bbox 620 1071 798 1116; x_wconf 71' lang='lat' dir='ltr'><strong>mummium</strong></span> <span class='ocrx_word' id='word_1_46' title='bbox 817 1071 1007 1117; x_wconf 72' lang='lat' dir='ltr'><strong>sucessuum.</strong></span> 
     </span>
    </p>
   </div>
   <div class='ocr_carea' id='block_1_4' title="bbox 82 1201 1063 1379">
    <p class='ocr_par' dir='ltr' id='par_1_5' title="bbox 82 1201 1063 1379">
     <span class='ocr_line' id='line_1_9' title="bbox 124 1201 1063 1299; baseline 0.002 -27"><span class='ocrx_word' id='word_1_47' title='bbox 124 1213 196 1272; x_wconf 72' lang='lat'><strong>547.</strong></span> <span class='ocrx_word' id='word_1_48' title='bbox 219 1210 363 1272; x_wconf 85' lang='lat' dir='ltr'><strong>Dicemus</strong></span> <span class='ocrx_word' id='word_1_49' title='bbox 377 1210 428 1272; x_wconf 93' lang='lat' dir='ltr'><strong>hlc</strong></span> <span class='ocrx_word' id='word_1_50' title='bbox 442 1209 542 1299; x_wconf 76' lang='lat' dir='ltr'><strong>solium</strong></span> <span class='ocrx_word' id='word_1_51' title='bbox 556 1227 595 1270; x_wconf 85' lang='lat' dir='ltr'><strong>au</strong></span> <span class='ocrx_word' id='word_1_52' title='bbox 618 1215 647 1271; x_wconf 85' lang='lat' dir='ltr'><strong>et</strong></span> <span class='ocrx_word' id='word_1_53' title='bbox 666 1211 820 1292; x_wconf 87' lang='lat' dir='ltr'><strong>quomodo</strong></span> <span class='ocrx_word' id='word_1_54' title='bbox 839 1217 998 1274; x_wconf 77' lang='lat' dir='ltr'><strong>teneantur</strong></span> <span class='ocrx_word' id='word_1_55' title='bbox 1010 1201 1063 1294; x_wconf 78' lang='lat' dir='ltr'><strong>po·</strong></span> 
     </span>
     <span class='ocr_line' id='line_1_10' title="bbox 82 1297 784 1379; baseline 0.003 -19"><span class='ocrx_word' id='word_1_56' title='bbox 82 1297 169 1360; x_wconf 82' lang='lat' dir='ltr'><strong>rochi</strong></span> <span class='ocrx_word' id='word_1_57' title='bbox 184 1298 395 1360; x_wconf 80' lang='lat' dir='ltr'><strong>administram</strong></span> <span class='ocrx_word' id='word_1_58' title='bbox 411 1299 443 1360; x_wconf 93' lang='lat' dir='ltr'><strong>iu</strong></span> <span class='ocrx_word' id='word_1_59' title='bbox 458 1317 568 1379; x_wconf 84' lang='lat' dir='ltr'><strong>genere</strong></span> <span class='ocrx_word' id='word_1_60' title='bbox 585 1309 784 1362; x_wconf 76' lang='lat' dir='ltr'><strong>sacramenta.</strong></span> 
     </span>
    </p>
   </div>
   <div class='ocr_carea' id='block_1_5' title="bbox 82 1395 1064 2361">
    <p class='ocr_par' dir='ltr' id='par_1_6' title="bbox 82 1395 1064 2361">
     <span class='ocr_line' id='line_1_11' title="bbox 128 1395 1063 1479; baseline 0.004 -23"><span class='ocrx_word' id='word_1_61' title='bbox 128 1418 145 1456; x_wconf 83' lang='lat' dir='ltr'><strong>u</strong></span> <span class='ocrx_word' id='word_1_62' title='bbox 166 1397 335 1458; x_wconf 82' lang='lat' dir='ltr'><strong>Commune</strong></span> <span class='ocrx_word' id='word_1_63' title='bbox 350 1403 410 1473; x_wconf 87' lang='lat' dir='ltr'><strong>est,</strong></span> <span class='ocrx_word' id='word_1_64' title='bbox 428 1396 525 1477; x_wconf 90' lang='lat' dir='ltr'><strong>inquit</strong></span> <span class='ocrx_word' id='word_1_65' title='bbox 540 1397 570 1458; x_wconf 84' lang='lat' dir='ltr'><strong>S.</strong></span> <span class='ocrx_word' id='word_1_66' title='bbox 589 1397 711 1476; x_wconf 77' lang='lat' dir='ltr'><strong>Liguon</strong></span> <span class='ocrx_word' id='word_1_67' title='bbox 730 1395 794 1476; x_wconf 90' lang='lat' dir='ltr'><strong>(lib.</strong></span> <span class='ocrx_word' id='word_1_68' title='bbox 809 1401 839 1472; x_wconf 87' lang='grc'><strong>6,</strong></span> <span class='ocrx_word' id='word_1_69' title='bbox 855 1409 890 1460; x_wconf 85' lang='lat' dir='ltr'><strong>n⁰</strong></span> <span class='ocrx_word' id='word_1_70' title='bbox 903 1398 967 1479; x_wconf 81' lang='lat'>58),</span> <span class='ocrx_word' id='word_1_71' title='bbox 983 1399 1063 1479; x_wconf 84' lang='lat' dir='ltr'><strong>quon</strong></span> 
     </span>
     <span class='ocr_line' id='line_1_12' title="bbox 83 1485 1064 1569; baseline 0.003 -24"><span class='ocrx_word' id='word_1_72' title='bbox 83 1509 101 1545; x_wconf 68' lang='lat' dir='ltr'><strong>e</strong></span> <span class='ocrx_word' id='word_1_73' title='bbox 124 1493 261 1567; x_wconf 75' lang='lat' dir='ltr'><strong>pastores</strong></span> <span class='ocrx_word' id='word_1_74' title='bbox 282 1491 443 1548; x_wconf 77' lang='lat' dir='ltr'><strong>teneantur</strong></span> <span class='ocrx_word' id='word_1_75' title='bbox 466 1504 501 1547; x_wconf 85' lang='lat' dir='ltr'><strong>ex</strong></span> <span class='ocrx_word' id='word_1_76' title='bbox 522 1485 654 1564; x_wconf 70' lang='lat' dir='ltr'><strong>justino,</strong></span> <span class='ocrx_word' id='word_1_77' title='bbox 679 1486 794 1548; x_wconf 75' lang='lat' dir='ltr'><strong>ratione</strong></span> <span class='ocrx_word' id='word_1_78' title='bbox 818 1487 959 1569; x_wconf 87' lang='lat' dir='ltr'><strong>slipendii</strong></span> <span class='ocrx_word' id='word_1_79' title='bbox 984 1488 1064 1568; x_wconf 91' lang='lat' dir='ltr'><strong>quod</strong></span> 
     </span>
     <span class='ocr_line' id='line_1_13' title="bbox 83 1573 1064 1656; baseline 0.004 -22"><span class='ocrx_word' id='word_1_80' title='bbox 83 1598 100 1634; x_wconf 78' lang='lat' dir='ltr'><strong>c</strong></span> <span class='ocrx_word' id='word_1_81' title='bbox 123 1575 272 1656; x_wconf 76' lang='lat' dir='ltr'><strong>exigunt,</strong></span> <span class='ocrx_word' id='word_1_82' title='bbox 296 1581 484 1636; x_wconf 80' lang='lat' dir='ltr'><strong>sacuumenla</strong></span> <span class='ocrx_word' id='word_1_83' title='bbox 507 1573 678 1634; x_wconf 80' lang='lat' dir='ltr'><strong>minislnue</strong></span> <span class='ocrx_word' id='word_1_84' title='bbox 702 1573 764 1636; x_wconf 84' lang='lat' dir='ltr'><strong>suis</strong></span> <span class='ocrx_word' id='word_1_85' title='bbox 787 1575 913 1637; x_wconf 88' lang='lat' dir='ltr'><strong>subditis</strong></span> <span class='ocrx_word' id='word_1_86' title='bbox 935 1575 1064 1638; x_wconf 78' lang='lat' dir='ltr'><strong>rationu·</strong></span> 
     </span>
     <span class='ocr_line' id='line_1_14' title="bbox 83 1663 1063 1746; baseline 0.002 -22"><span class='ocrx_word' id='word_1_87' title='bbox 83 1687 101 1724; x_wconf 77' lang='lat' dir='ltr'><strong>c</strong></span> <span class='ocrx_word' id='word_1_88' title='bbox 123 1664 225 1726; x_wconf 77' lang='lat' dir='ltr'><strong>liililer</strong></span> <span class='ocrx_word' id='word_1_89' title='bbox 237 1663 429 1746; x_wconf 76' lang='lat' dir='ltr'><strong>petentibus,</strong></span> <span class='ocrx_word' id='word_1_90' title='bbox 443 1663 534 1725; x_wconf 86' lang='lat' dir='ltr'><strong>elium</strong></span> <span class='ocrx_word' id='word_1_91' title='bbox 548 1669 631 1724; x_wconf 78' lang='lat' dir='ltr'><strong>exiro</strong></span> <span class='ocrx_word' id='word_1_92' title='bbox 645 1677 765 1743; x_wconf 80' lang='lat' dir='ltr'><strong>gravem</strong></span> <span class='ocrx_word' id='word_1_93' title='bbox 782 1665 990 1726; x_wconf 81' lang='lat' dir='ltr'><strong>necessilatem</strong></span> <span class='ocrx_word' id='word_1_94' title='bbox 1004 1665 1063 1744; x_wconf 84' lang='lat' dir='ltr'><strong>(uul</strong></span> 
     </span>
     <span class='ocr_line' id='line_1_15' title="bbox 83 1751 1063 1834; baseline 0.004 -22"><span class='ocrx_word' id='word_1_95' title='bbox 83 1777 100 1812; x_wconf 80' lang='lat' dir='ltr'><strong>u</strong></span> <span class='ocrx_word' id='word_1_96' title='bbox 122 1771 213 1815; x_wconf 84' lang='lat' dir='ltr'><strong>casus</strong></span> <span class='ocrx_word' id='word_1_97' title='bbox 226 1753 337 1834; x_wconf 89' lang='lat' dir='ltr'><strong>quibus</strong></span> <span class='ocrx_word' id='word_1_98' title='bbox 351 1757 538 1834; x_wconf 80' lang='lat' dir='ltr'><strong>puaeceplum</strong></span> <span class='ocrx_word' id='word_1_99' title='bbox 558 1751 806 1814; x_wconf 80' lang='lat' dir='ltr'><strong>communicandi</strong></span> <span class='ocrx_word' id='word_1_100' title='bbox 825 1753 949 1834; x_wconf 80' lang='lat' dir='ltr'><strong>obligat,</strong></span> <span class='ocrx_word' id='word_1_101' title='bbox 965 1751 1015 1813; x_wconf 92' lang='lat' dir='ltr'><strong>lib.</strong></span> <span class='ocrx_word' id='word_1_102' title='bbox 1033 1758 1063 1832; x_wconf 82' lang='lat'><strong>6,</strong></span> 
     </span>
     <span class='ocr_line' id='line_1_16' title="bbox 85 1841 1064 1924; baseline 0.004 -24"><span class='ocrx_word' id='word_1_103' title='bbox 85 1867 99 1900; x_wconf 77' lang='lat' dir='ltr'><strong>u</strong></span> <span class='ocrx_word' id='word_1_104' title='bbox 124 1851 158 1903; x_wconf 84' lang='lat' dir='ltr'><strong>n⁰</strong></span> <span class='ocrx_word' id='word_1_105' title='bbox 173 1842 257 1924; x_wconf 82' lang='lat'>553).</span> <span class='ocrx_word' id='word_1_106' title='bbox 273 1844 308 1902; x_wconf 80' lang='lat' dir='ltr'><strong>El</strong></span> <span class='ocrx_word' id='word_1_107' title='bbox 323 1841 450 1922; x_wconf 83' lang='lat' dir='ltr'><strong>puoinde</strong></span> <span class='ocrx_word' id='word_1_108' title='bbox 468 1849 572 1922; x_wconf 81' lang='lat' dir='ltr'><strong>peccel</strong></span> <span class='ocrx_word' id='word_1_109' title='bbox 587 1847 688 1923; x_wconf 81' lang='lat' dir='ltr'><strong>paslou</strong></span> <span class='ocrx_word' id='word_1_110' title='bbox 703 1841 754 1922; x_wconf 86' lang='lat' dir='ltr'><strong>qui</strong></span> <span class='ocrx_word' id='word_1_111' title='bbox 777 1859 934 1905; x_wconf 83' lang='lat' dir='ltr'><strong>morosum</strong></span> <span class='ocrx_word' id='word_1_112' title='bbox 950 1842 995 1904; x_wconf 90' lang='lat' dir='ltr'><strong>vel</strong></span> <span class='ocrx_word' id='word_1_113' title='bbox 1010 1841 1064 1904; x_wconf 88' lang='lat' dir='ltr'><strong>dil·</strong></span> 
     </span>
     <span class='ocr_line' id='line_1_17' title="bbox 84 1929 1062 2008; baseline 0.005 -19"><span class='ocrx_word' id='word_1_114' title='bbox 84 1958 97 1989; x_wconf 65' lang='grc' dir='ltr'><strong>(ι</strong></span> <span class='ocrx_word' id='word_1_115' title='bbox 124 1931 236 1994; x_wconf 85' lang='lat' dir='ltr'><strong>licilem</strong></span> <span class='ocrx_word' id='word_1_116' title='bbox 251 1931 420 1992; x_wconf 69' lang='lat' dir='ltr'><strong>suboluisse</strong></span> <span class='ocrx_word' id='word_1_117' title='bbox 432 1930 566 1995; x_wconf 64' lang='lat' dir='ltr'><strong>reddin„</strong></span> <span class='ocrx_word' id='word_1_118' title='bbox 583 1929 782 1992; x_wconf 84' lang='lat' dir='ltr'><strong>Excusabilur</strong></span> <span class='ocrx_word' id='word_1_119' title='bbox 792 1939 893 1994; x_wconf 87' lang='lat' dir='ltr'><strong>lumen</strong></span> <span class='ocrx_word' id='word_1_120' title='bbox 905 1933 921 1992; x_wconf 74' lang='grc' dir='ltr'><strong>ὲ</strong></span> <span class='ocrx_word' id='word_1_121' title='bbox 931 1932 1062 2008; x_wconf 83' lang='lat' dir='ltr'><strong>mortali,</strong></span> 
     </span>
     <span class='ocr_line' id='line_1_18' title="bbox 84 2019 1064 2084; baseline 0.006 -6"><span class='ocrx_word' id='word_1_122' title='bbox 84 2047 97 2078; x_wconf 78' lang='lat' dir='ltr'><strong>u</strong></span> <span class='ocrx_word' id='word_1_123' title='bbox 123 2021 148 2082; x_wconf 82' lang='lat' dir='ltr'><strong>si</strong></span> <span class='ocrx_word' id='word_1_124' title='bbox 162 2021 257 2082; x_wconf 89' lang='lat' dir='ltr'><strong>semel</strong></span> <span class='ocrx_word' id='word_1_125' title='bbox 269 2027 321 2082; x_wconf 85' lang='lat' dir='ltr'><strong>aul</strong></span> <span class='ocrx_word' id='word_1_126' title='bbox 335 2021 444 2080; x_wconf 83' lang='lat' dir='ltr'><strong>ilerum</strong></span> <span class='ocrx_word' id='word_1_127' title='bbox 457 2019 763 2081; x_wconf 75' lang='lat' dir='ltr'><strong>enmonocessilulem</strong></span> <span class='ocrx_word' id='word_1_128' title='bbox 778 2027 966 2082; x_wconf 80' lang='lat' dir='ltr'><strong>sacramenia</strong></span> <span class='ocrx_word' id='word_1_129' title='bbox 976 2021 1064 2084; x_wconf 76' lang='lat' dir='ltr'><strong>dene</strong></span> 
     </span>
     <span class='ocr_line' id='line_1_19' title="bbox 83 2107 1061 2190; baseline 0.006 -24"><span class='ocrx_word' id='word_1_130' title='bbox 83 2137 97 2166; x_wconf 73' lang='lat' dir='ltr'><strong>u</strong></span> <span class='ocrx_word' id='word_1_131' title='bbox 123 2116 189 2190; x_wconf 79' lang='lat' dir='ltr'><strong>gal3</strong></span> <span class='ocrx_word' id='word_1_132' title='bbox 202 2109 272 2190; x_wconf 80' lang='lat' dir='ltr'><strong>quia</strong></span> <span class='ocrx_word' id='word_1_133' title='bbox 289 2127 350 2170; x_wconf 94' lang='lat' dir='ltr'><strong>non</strong></span> <span class='ocrx_word' id='word_1_134' title='bbox 362 2107 479 2170; x_wconf 74' lang='lat' dir='ltr'><strong>videtur</strong></span> <span class='ocrx_word' id='word_1_135' title='bbox 490 2110 552 2169; x_wconf 73' lang='lat' dir='ltr'><strong>lam</strong></span> <span class='ocrx_word' id='word_1_136' title='bbox 563 2109 664 2169; x_wconf 68' lang='lat' dir='ltr'><strong>siricio</strong></span> <span class='ocrx_word' id='word_1_137' title='bbox 674 2108 900 2189; x_wconf 85' lang='lat' dir='ltr'><strong>seobligusse...</strong></span> <span class='ocrx_word' id='word_1_138' title='bbox 915 2113 1061 2174; x_wconf 80' lang='lat' dir='ltr'><strong>Aversa...</strong></span> 
     </span>
     <span class='ocr_line' id='line_1_20' title="bbox 82 2196 1061 2282; baseline 0.005 -27"><span class='ocrx_word' id='word_1_139' title='bbox 82 2224 97 2255; x_wconf 76' lang='lat' dir='ltr'><strong>u</strong></span> <span class='ocrx_word' id='word_1_140' title='bbox 122 2198 234 2282; x_wconf 81' lang='lat' dir='ltr'><strong>excipit</strong></span> <span class='ocrx_word' id='word_1_141' title='bbox 257 2198 282 2258; x_wconf 91' lang='lat' dir='ltr'><strong>si</strong></span> <span class='ocrx_word' id='word_1_142' title='bbox 303 2196 439 2258; x_wconf 81' lang='lat' dir='ltr'><strong>subditus</strong></span> <span class='ocrx_word' id='word_1_143' title='bbox 458 2204 572 2280; x_wconf 78' lang='lat' dir='ltr'><strong>peteret</strong></span> <span class='ocrx_word' id='word_1_144' title='bbox 594 2215 632 2258; x_wconf 83' lang='lat' dir='ltr'><strong>ex</strong></span> <span class='ocrx_word' id='word_1_145' title='bbox 651 2199 769 2276; x_wconf 81' lang='lat' dir='ltr'><strong>urgenti</strong></span> <span class='ocrx_word' id='word_1_146' title='bbox 787 2197 966 2274; x_wconf 82' lang='lat' dir='ltr'><strong>occasione,</strong></span> <span class='ocrx_word' id='word_1_147' title='bbox 981 2217 1010 2261; x_wconf 89' lang='lat' dir='ltr'><strong>v.</strong></span> <span class='ocrx_word' id='word_1_148' title='bbox 1031 2217 1061 2280; x_wconf 90' lang='lat' dir='ltr'><strong>g.</strong></span> 
     </span>
     <span class='ocr_line' id='line_1_21' title="bbox 83 2286 487 2361; baseline -0.005 -16"><span class='ocrx_word' id='word_1_149' title='bbox 83 2313 96 2345; x_wconf 77' lang='lat' dir='ltr'><strong>u</strong></span> <span class='ocrx_word' id='word_1_150' title='bbox 125 2289 203 2349; x_wconf 78' lang='lat' dir='ltr'><strong>Festi</strong></span> <span class='ocrx_word' id='word_1_151' title='bbox 218 2286 384 2361; x_wconf 85' lang='lat' dir='ltr'><strong>solemnis,</strong></span> <span class='ocrx_word' id='word_1_152' title='bbox 400 2293 456 2346; x_wconf 88' lang='lat' dir='ltr'><strong>elo.</strong></span> <span class='ocrx_word' id='word_1_153' title='bbox 472 2307 487 2343; x_wconf 84' lang='lat' dir='ltr'><strong>u</strong></span> 
     </span>
    </p>
   </div>
   <div class='ocr_carea' id='block_1_6' title="bbox 79 2386 1064 2643">
    <p class='ocr_par' dir='ltr' id='par_1_7' title="bbox 79 2386 1064 2643">
     <span class='ocr_line' id='line_1_22' title="bbox 126 2386 1064 2466; baseline 0.002 -19"><span class='ocrx_word' id='word_1_154' title='bbox 126 2386 271 2450; x_wconf 76' lang='lat' dir='ltr'><strong>«Pueris</strong></span> <span class='ocrx_word' id='word_1_155' title='bbox 295 2387 347 2466; x_wconf 90' lang='lat' dir='ltr'><strong>qui</strong></span> <span class='ocrx_word' id='word_1_156' title='bbox 368 2387 429 2464; x_wconf 86' lang='lat' dir='ltr'><strong>jum</strong></span> <span class='ocrx_word' id='word_1_157' title='bbox 456 2392 527 2447; x_wconf 86' lang='lat' dir='ltr'><strong>sunl</strong></span> <span class='ocrx_word' id='word_1_158' title='bbox 548 2393 704 2466; x_wconf 76' lang='lat' dir='ltr'><strong>compotes</strong></span> <span class='ocrx_word' id='word_1_159' title='bbox 725 2386 864 2462; x_wconf 75' lang='lat' dir='ltr'><strong>calionis,</strong></span> <span class='ocrx_word' id='word_1_160' title='bbox 887 2387 918 2448; x_wconf 94' lang='lat' dir='ltr'><strong>in</strong></span> <span class='ocrx_word' id='word_1_161' title='bbox 938 2386 1064 2449; x_wconf 77' lang='lat' dir='ltr'><strong>articulo</strong></span> 
     </span>
     <span class='ocr_line' id='line_1_23' title="bbox 83 2473 1063 2557; baseline 0.002 -21"><span class='ocrx_word' id='word_1_162' title='bbox 83 2502 97 2536; x_wconf 81' lang='lat' dir='ltr'><strong>u</strong></span> <span class='ocrx_word' id='word_1_163' title='bbox 122 2476 248 2550; x_wconf 82' lang='lat' dir='ltr'><strong>mortis,</strong></span> <span class='ocrx_word' id='word_1_164' title='bbox 265 2493 326 2536; x_wconf 94' lang='lat' dir='ltr'><strong>uon</strong></span> <span class='ocrx_word' id='word_1_165' title='bbox 349 2473 448 2535; x_wconf 79' lang='lat' dir='ltr'><strong>solum</strong></span> <span class='ocrx_word' id='word_1_166' title='bbox 462 2475 640 2536; x_wconf 89' lang='lat' dir='ltr'><strong>communio</strong></span> <span class='ocrx_word' id='word_1_167' title='bbox 660 2473 723 2536; x_wconf 80' lang='lat' dir='ltr'><strong>dari</strong></span> <span class='ocrx_word' id='word_1_168' title='bbox 748 2479 885 2557; x_wconf 74' lang='lat' dir='ltr'><strong>polest...</strong></span> <span class='ocrx_word' id='word_1_169' title='bbox 906 2474 1063 2538; x_wconf 86' lang='lat' dir='ltr'><strong>sedetiam</strong></span> 
     </span>
     <span class='ocr_line' id='line_1_24' title="bbox 79 2563 839 2643; baseline -0.003 -17"><span class='ocrx_word' id='word_1_170' title='bbox 79 2568 98 2626; x_wconf 72' lang='lat' dir='ltr'><strong>&#39;e</strong></span> <span class='ocrx_word' id='word_1_171' title='bbox 121 2564 224 2628; x_wconf 79' lang='lat' dir='ltr'><strong>debet.</strong></span> <span class='ocrx_word' id='word_1_172' title='bbox 242 2587 256 2622; x_wconf 82' lang='lat' dir='ltr'><strong>n</strong></span> <span class='ocrx_word' id='word_1_173' title='bbox 275 2565 306 2626; x_wconf 80' lang='lat' dir='ltr'><strong>S.</strong></span> <span class='ocrx_word' id='word_1_174' title='bbox 320 2565 456 2643; x_wconf 65' lang='lat' dir='ltr'><strong>Liguou„</strong></span> <span class='ocrx_word' id='word_1_175' title='bbox 473 2563 525 2624; x_wconf 90' lang='lat' dir='ltr'><strong>lib.</strong></span> <span class='ocrx_word' id='word_1_176' title='bbox 546 2567 576 2638; x_wconf 83' lang='lat' dir='ltr'><strong>o,</strong></span> <span class='ocrx_word' id='word_1_177' title='bbox 596 2564 628 2623; x_wconf 89' lang='lat' dir='ltr'><strong>n⁰</strong></span> <span class='ocrx_word' id='word_1_178' title='bbox 639 2565 710 2641; x_wconf 81' lang='lat'>301,</span> <span class='ocrx_word' id='word_1_179' title='bbox 724 2563 839 2626; x_wconf 75' lang='lat' dir='ltr'><strong>dub.2.</strong></span> 
     </span>
    </p>
   </div>
   <div class='ocr_carea' id='block_1_7' title="bbox 79 2660 1063 2826">
    <p class='ocr_par' dir='ltr' id='par_1_8' title="bbox 79 2660 1063 2826">
     <span class='ocr_line' id='line_1_25' title="bbox 121 2660 1063 2744; baseline 0 -19"><span class='ocrx_word' id='word_1_180' title='bbox 121 2667 181 2725; x_wconf 86' lang='lat' dir='ltr'><strong>Pro</strong></span> <span class='ocrx_word' id='word_1_181' title='bbox 195 2661 400 2735; x_wconf 75' lang='lat' dir='ltr'><strong>Eucharislil,</strong></span> <span class='ocrx_word' id='word_1_182' title='bbox 417 2660 483 2722; x_wconf 90' lang='lat' dir='ltr'><strong>vide</strong></span> <span class='ocrx_word' id='word_1_183' title='bbox 503 2662 534 2722; x_wconf 92' lang='lat' dir='ltr'><strong>S.</strong></span> <span class='ocrx_word' id='word_1_184' title='bbox 551 2661 687 2742; x_wconf 70' lang='lat' dir='ltr'><strong>Liguor„</strong></span> <span class='ocrx_word' id='word_1_185' title='bbox 704 2660 756 2722; x_wconf 91' lang='lat' dir='ltr'><strong>lib.</strong></span> <span class='ocrx_word' id='word_1_186' title='bbox 777 2665 808 2739; x_wconf 89' lang='grc'><strong>6,</strong></span> <span class='ocrx_word' id='word_1_187' title='bbox 825 2670 859 2722; x_wconf 83' lang='lat' dir='ltr'><strong>n·</strong></span> <span class='ocrx_word' id='word_1_188' title='bbox 873 2664 949 2738; x_wconf 45' lang='lat'><strong>25&amp;</strong></span> <span class='ocrx_word' id='word_1_189' title='bbox 965 2668 994 2724; x_wconf 88' lang='lat' dir='ltr'><strong>el</strong></span> <span class='ocrx_word' id='word_1_190' title='bbox 1007 2681 1063 2744; x_wconf 83' lang='lat' dir='ltr'><strong>pro</strong></span> 
     </span>
     <span class='ocr_line' id='line_1_26' title="bbox 79 2750 485 2826; baseline -0.01 -11"><span class='ocrx_word' id='word_1_191' title='bbox 79 2752 281 2826; x_wconf 69' lang='lat' dir='ltr'><strong>Poeuileulil,</strong></span> <span class='ocrx_word' id='word_1_192' title='bbox 298 2750 351 2825; x_wconf 68' lang='lat' dir='ltr'><strong>io,</strong></span> <span class='ocrx_word' id='word_1_193' title='bbox 368 2761 401 2810; x_wconf 82' lang='lat' dir='ltr'><strong>n⁰</strong></span> <span class='ocrx_word' id='word_1_194' title='bbox 414 2753 485 2812; x_wconf 73' lang='lat'><strong>623.</strong></span> 
     </span>
    </p>
   </div>
   <div class='ocr_carea' id='block_1_8' title="bbox 196 2897 947 2956">
    <p class='ocr_par' dir='ltr' id='par_1_9' title="bbox 196 2897 947 2956">
     <span class='ocr_line' id='line_1_27' title="bbox 196 2897 947 2956; baseline -0.003 0"><span class='ocrx_word' id='word_1_195' title='bbox 196 2898 239 2956; x_wconf 66' lang='grc' dir='ltr'><strong>Ἦ,</strong></span> <span class='ocrx_word' id='word_1_196' title='bbox 251 2929 288 2943; x_wconf 90' lang='grc'>-</span> <span class='ocrx_word' id='word_1_197' title='bbox 298 2897 336 2953; x_wconf 79' lang='lat' dir='ltr'><strong>DE</strong></span> <span class='ocrx_word' id='word_1_198' title='bbox 355 2911 606 2955; x_wconf 73' lang='lat' dir='ltr'><strong>nonlulslunuloul:</strong></span> <span class='ocrx_word' id='word_1_199' title='bbox 621 2906 778 2955; x_wconf 62' lang='lat' dir='ltr'><strong>wollinum</strong></span> <span class='ocrx_word' id='word_1_200' title='bbox 794 2911 947 2956; x_wconf 74' lang='lat' dir='ltr'>PAROCHIAE.</span> 
     </span>
    </p>
   </div>
   <div class='ocr_carea' id='block_1_9' title="bbox 77 3032 1061 3920">
    <p class='ocr_par' dir='ltr' id='par_1_10' title="bbox 77 3032 1061 3920">
     <span class='ocr_line' id='line_1_28' title="bbox 118 3032 1061 3116; baseline -0.003 -16"><span class='ocrx_word' id='word_1_201' title='bbox 118 3041 192 3100; x_wconf 68' lang='lat'><strong>548.</strong></span> <span class='ocrx_word' id='word_1_202' title='bbox 212 3034 328 3094; x_wconf 75' lang='lat' dir='ltr'><strong>«Bona</strong></span> <span class='ocrx_word' id='word_1_203' title='bbox 341 3033 538 3096; x_wconf 81' lang='lat' dir='ltr'><strong>ecclesiarum</strong></span> <span class='ocrx_word' id='word_1_204' title='bbox 558 3041 589 3095; x_wconf 86' lang='lat' dir='ltr'><strong>el</strong></span> <span class='ocrx_word' id='word_1_205' title='bbox 609 3032 787 3094; x_wconf 76' lang='lat' dir='ltr'><strong>elericorum</strong></span> <span class='ocrx_word' id='word_1_206' title='bbox 801 3051 906 3094; x_wconf 86' lang='lat' dir='ltr'><strong>esse...</strong></span> <span class='ocrx_word' id='word_1_207' title='bbox 923 3041 1061 3116; x_wconf 85' lang='lat' dir='ltr'><strong>exemplu</strong></span> 
     </span>
     <span class='ocr_line' id='line_1_29' title="bbox 80 3121 1059 3206; baseline -0.001 -21"><span class='ocrx_word' id='word_1_208' title='bbox 80 3151 93 3185; x_wconf 75' lang='lat' dir='ltr'><strong>u</strong></span> <span class='ocrx_word' id='word_1_209' title='bbox 119 3129 138 3190; x_wconf 67' lang='lat' dir='ltr'><strong>o</strong></span> <span class='ocrx_word' id='word_1_210' title='bbox 147 3123 357 3206; x_wconf 83' lang='lat' dir='ltr'><strong>jurisdiclione</strong></span> <span class='ocrx_word' id='word_1_211' title='bbox 372 3123 520 3204; x_wconf 84' lang='lat' dir='ltr'><strong>Principis</strong></span> <span class='ocrx_word' id='word_1_212' title='bbox 531 3121 703 3197; x_wconf 85' lang='lat' dir='ltr'><strong>saeculuris,</strong></span> <span class='ocrx_word' id='word_1_213' title='bbox 719 3138 832 3200; x_wconf 80' lang='lat' dir='ltr'><strong>magno</strong></span> <span class='ocrx_word' id='word_1_214' title='bbox 853 3122 974 3182; x_wconf 75' lang='lat' dir='ltr'><strong>Pelium</strong></span> <span class='ocrx_word' id='word_1_215' title='bbox 986 3141 1059 3184; x_wconf 90' lang='lat' dir='ltr'><strong>eon-</strong></span> 
     </span>
     <span class='ocr_line' id='line_1_30' title="bbox 80 3208 1060 3278; baseline 0 -4"><span class='ocrx_word' id='word_1_216' title='bbox 80 3240 94 3274; x_wconf 83' lang='lat'>«</span> <span class='ocrx_word' id='word_1_217' title='bbox 118 3233 250 3278; x_wconf 84' lang='lat' dir='ltr'><strong>sensu...</strong></span> <span class='ocrx_word' id='word_1_218' title='bbox 266 3211 450 3274; x_wconf 80' lang='lat' dir='ltr'><strong>declaualum</strong></span> <span class='ocrx_word' id='word_1_219' title='bbox 465 3216 509 3272; x_wconf 86' lang='lat' dir='ltr'><strong>est</strong></span> <span class='ocrx_word' id='word_1_220' title='bbox 524 3210 594 3272; x_wconf 90' lang='lat' dir='ltr'><strong>in...</strong></span> <span class='ocrx_word' id='word_1_221' title='bbox 606 3208 740 3271; x_wconf 84' lang='lat' dir='ltr'><strong>Concilio</strong></span> <span class='ocrx_word' id='word_1_222' title='bbox 750 3208 888 3270; x_wconf 81' lang='lat' dir='ltr'><strong>Generuli</strong></span> <span class='ocrx_word' id='word_1_223' title='bbox 902 3208 959 3271; x_wconf 88' lang='lat' dir='ltr'><strong>sub</strong></span> <span class='ocrx_word' id='word_1_224' title='bbox 972 3212 1060 3274; x_wconf 79' lang='lat' dir='ltr'><strong>luno</strong></span> 
     </span>
     <span class='ocr_line' id='line_1_31' title="bbox 80 3296 1060 3382; baseline 0 -20"><span class='ocrx_word' id='word_1_225' title='bbox 80 3329 94 3362; x_wconf 78' lang='lat' dir='ltr'><strong>u</strong></span> <span class='ocrx_word' id='word_1_226' title='bbox 117 3302 220 3367; x_wconf 87' lang='lat' dir='ltr'><strong>ceuliu</strong></span> <span class='ocrx_word' id='word_1_227' title='bbox 234 3303 284 3374; x_wconf 94' lang='lat' dir='ltr'><strong>lll,</strong></span> <span class='ocrx_word' id='word_1_228' title='bbox 298 3320 364 3382; x_wconf 83' lang='lat' dir='ltr'><strong>cup.</strong></span> <span class='ocrx_word' id='word_1_229' title='bbox 380 3305 419 3364; x_wconf 72' lang='lat' dir='ltr'><strong>ll</strong></span> <span class='ocrx_word' id='word_1_230' title='bbox 433 3299 500 3380; x_wconf 85' lang='lat' dir='ltr'><strong>(seu</strong></span> <span class='ocrx_word' id='word_1_231' title='bbox 514 3299 546 3360; x_wconf 94' lang='lat' dir='ltr'><strong>in</strong></span> <span class='ocrx_word' id='word_1_232' title='bbox 565 3317 631 3382; x_wconf 87' lang='lat' dir='ltr'><strong>cup.</strong></span> <span class='ocrx_word' id='word_1_233' title='bbox 649 3298 722 3362; x_wconf 78' lang='lat' dir='ltr'><strong>Cum</strong></span> <span class='ocrx_word' id='word_1_234' title='bbox 738 3296 828 3376; x_wconf 68' lang='lat' dir='ltr'><strong>luico,</strong></span> <span class='ocrx_word' id='word_1_235' title='bbox 844 3298 888 3360; x_wconf 84' lang='lat' dir='ltr'><strong>De</strong></span> <span class='ocrx_word' id='word_1_236' title='bbox 911 3297 996 3360; x_wconf 82' lang='lat' dir='ltr'><strong>rebus</strong></span> <span class='ocrx_word' id='word_1_237' title='bbox 1006 3300 1060 3362; x_wconf 81' lang='lat' dir='ltr'><strong>Eo·</strong></span> 
     </span>
     <span class='ocr_line' id='line_1_32' title="bbox 79 3387 1059 3470; baseline -0.001 -17"><span class='ocrx_word' id='word_1_238' title='bbox 79 3418 94 3453; x_wconf 80' lang='lat' dir='ltr'><strong>u</strong></span> <span class='ocrx_word' id='word_1_239' title='bbox 118 3392 216 3456; x_wconf 83' lang='lat' dir='ltr'><strong>clesioe</strong></span> <span class='ocrx_word' id='word_1_240' title='bbox 235 3411 293 3451; x_wconf 85' lang='lat' dir='ltr'><strong>uon</strong></span> <span class='ocrx_word' id='word_1_241' title='bbox 307 3391 467 3470; x_wconf 77' lang='lat' dir='ltr'><strong>alien.)...,</strong></span> <span class='ocrx_word' id='word_1_242' title='bbox 481 3394 511 3452; x_wconf 79' lang='lat' dir='ltr'><strong>el</strong></span> <span class='ocrx_word' id='word_1_243' title='bbox 523 3389 605 3450; x_wconf 83' lang='lat' dir='ltr'><strong>hunc</strong></span> <span class='ocrx_word' id='word_1_244' title='bbox 619 3406 742 3469; x_wconf 88' lang='lat' dir='ltr'><strong>quoque</strong></span> <span class='ocrx_word' id='word_1_245' title='bbox 755 3387 979 3468; x_wconf 76' lang='lat' dir='ltr'><strong>exemptionem</strong></span> <span class='ocrx_word' id='word_1_246' title='bbox 993 3407 1059 3453; x_wconf 87' lang='lat' dir='ltr'><strong>esse</strong></span> 
     </span>
     <span class='ocr_line' id='line_1_33' title="bbox 79 3475 1059 3561; baseline -0.002 -19"><span class='ocrx_word' id='word_1_247' title='bbox 79 3509 94 3542; x_wconf 79' lang='lat' dir='ltr'><strong>u</strong></span> <span class='ocrx_word' id='word_1_248' title='bbox 117 3482 156 3544; x_wconf 90' lang='lat' dir='ltr'><strong>de</strong></span> <span class='ocrx_word' id='word_1_249' title='bbox 169 3477 637 3561; x_wconf 81' lang='lat' dir='ltr'><strong>jurediviuoconslulevidenler</strong></span> <span class='ocrx_word' id='word_1_250' title='bbox 649 3496 724 3538; x_wconf 88' lang='lat' dir='ltr'><strong>ex...</strong></span> <span class='ocrx_word' id='word_1_251' title='bbox 736 3475 1059 3559; x_wconf 79' lang='lat' dir='ltr'><strong>cup.Quumquom,De</strong></span> 
     </span>
     <span class='ocr_line' id='line_1_34' title="bbox 78 3566 1058 3651; baseline -0.002 -19"><span class='ocrx_word' id='word_1_252' title='bbox 78 3597 94 3632; x_wconf 78' lang='lat' dir='ltr'><strong>u</strong></span> <span class='ocrx_word' id='word_1_253' title='bbox 116 3572 285 3634; x_wconf 81' lang='lat' dir='ltr'><strong>censibus...</strong></span> <span class='ocrx_word' id='word_1_254' title='bbox 302 3569 375 3630; x_wconf 85' lang='lat' dir='ltr'><strong>ibid.</strong></span> <span class='ocrx_word' id='word_1_255' title='bbox 388 3602 426 3615; x_wconf 97' lang='lat'>-</span> <span class='ocrx_word' id='word_1_256' title='bbox 443 3568 467 3631; x_wconf 88' lang='lat' dir='ltr'><em>C</em></span> <span class='ocrx_word' id='word_1_257' title='bbox 468 3569 517 3629; x_wconf 80' lang='lat' dir='ltr'><strong>um</strong></span> <span class='ocrx_word' id='word_1_258' title='bbox 531 3568 629 3650; x_wconf 76' lang='lat' dir='ltr'><strong>igilur</strong></span> <span class='ocrx_word' id='word_1_259' title='bbox 642 3566 787 3628; x_wconf 76' lang='lat' dir='ltr'><strong>E&#39;oclcszoe</strong></span> <span class='ocrx_word' id='word_1_260' title='bbox 800 3566 1058 3651; x_wconf 69' lang='lat' dir='ltr'><strong>ecclesiasticoque</strong></span> 
     </span>
     <span class='ocr_line' id='line_1_35' title="bbox 77 3653 1056 3744; baseline 0.001 -24"><span class='ocrx_word' id='word_1_261' title='bbox 77 3687 93 3720; x_wconf 84' lang='lat' dir='ltr'><strong>u</strong></span> <span class='ocrx_word' id='word_1_262' title='bbox 115 3680 263 3744; x_wconf 82' lang='lat' dir='ltr'><strong>persoooe,</strong></span> <span class='ocrx_word' id='word_1_263' title='bbox 284 3678 319 3721; x_wconf 83' lang='lat' dir='ltr'><strong>uc</strong></span> <span class='ocrx_word' id='word_1_264' title='bbox 333 3678 377 3720; x_wconf 88' lang='lat' dir='ltr'><strong>res</strong></span> <span class='ocrx_word' id='word_1_265' title='bbox 395 3659 528 3741; x_wconf 83' lang='lat' dir='ltr'><strong>ipsorum</strong></span> <span class='ocrx_word' id='word_1_266' title='bbox 540 3703 548 3734; x_wconf 92' lang='lat'>,</span> <span class='ocrx_word' id='word_1_267' title='bbox 561 3675 619 3717; x_wconf 84' lang='lat' dir='ltr'><strong>non</strong></span> <span class='ocrx_word' id='word_1_268' title='bbox 632 3655 724 3716; x_wconf 74' lang='lat' dir='ltr'><strong>solim</strong></span> <span class='ocrx_word' id='word_1_269' title='bbox 733 3653 808 3734; x_wconf 82' lang='lat' dir='ltr'><strong>jure</strong></span> <span class='ocrx_word' id='word_1_270' title='bbox 821 3654 969 3732; x_wconf 78' lang='lat' dir='ltr'><strong>humano,</strong></span> <span class='ocrx_word' id='word_1_271' title='bbox 984 3657 1056 3739; x_wconf 82' lang='lat' dir='ltr'><strong>quin</strong></span> 
     </span>
     <span class='ocr_line' id='line_1_36' title="bbox 78 3742 1054 3826; baseline -0.007 -14"><span class='ocrx_word' id='word_1_272' title='bbox 78 3777 94 3812; x_wconf 83' lang='lat' dir='ltr'><strong>u</strong></span> <span class='ocrx_word' id='word_1_273' title='bbox 117 3751 217 3813; x_wconf 75' lang='lat' dir='ltr'><strong>imici</strong></span> <span class='ocrx_word' id='word_1_274' title='bbox 228 3749 329 3812; x_wconf 85' lang='lat' dir='ltr'><strong>diuino</strong></span> <span class='ocrx_word' id='word_1_275' title='bbox 340 3749 357 3809; x_wconf 81' lang='lat' dir='ltr'><strong>u</strong></span> <span class='ocrx_word' id='word_1_276' title='bbox 371 3747 559 3810; x_wconf 74' lang='lat' dir='ltr'><strong>secularium</strong></span> <span class='ocrx_word' id='word_1_277' title='bbox 571 3742 771 3806; x_wconf 75' lang='lat' dir='ltr'><strong>coactionibus</strong></span> <span class='ocrx_word' id='word_1_278' title='bbox 783 3742 847 3804; x_wconf 81' lang='lat' dir='ltr'><strong>siut</strong></span> <span class='ocrx_word' id='word_1_279' title='bbox 861 3745 1054 3826; x_wconf 82' lang='lat' dir='ltr'><strong>immunes...,</strong></span> 
     </span>
     <span class='ocr_line' id='line_1_37' title="bbox 77 3831 1056 3920; baseline -0.006 -18"><span class='ocrx_word' id='word_1_280' title='bbox 77 3865 94 3902; x_wconf 73' lang='lat' dir='ltr'><em>a</em></span> <span class='ocrx_word' id='word_1_281' title='bbox 116 3839 189 3903; x_wconf 90' lang='lat' dir='ltr'><strong>hinc</strong></span> <span class='ocrx_word' id='word_1_282' title='bbox 203 3840 340 3920; x_wconf 73' lang='lat' dir='ltr'><strong>sequitur</strong></span> <span class='ocrx_word' id='word_1_283' title='bbox 358 3845 390 3899; x_wconf 83' lang='lat' dir='ltr'><strong>ul</strong></span> <span class='ocrx_word' id='word_1_284' title='bbox 403 3836 548 3917; x_wconf 82' lang='lat' dir='ltr'><strong>Princeps</strong></span> <span class='ocrx_word' id='word_1_285' title='bbox 562 3833 713 3896; x_wconf 80' lang='lat' dir='ltr'><strong>saeculuuis</strong></span> <span class='ocrx_word' id='word_1_286' title='bbox 725 3832 840 3894; x_wconf 89' lang='lat' dir='ltr'><strong>nullum</strong></span> <span class='ocrx_word' id='word_1_287' title='bbox 855 3831 911 3896; x_wconf 84' lang='lat' dir='ltr'><strong>sihi</strong></span> <span class='ocrx_word' id='word_1_288' title='bbox 926 3835 1056 3896; x_wconf 79' lang='lat' dir='ltr'><strong>auclori·</strong></span> 
     </span>
    </p>
   </div>
   <div class='ocr_carea' id='block_1_10' title="bbox 980 3944 1026 3991">
    <p class='ocr_par' dir='ltr' id='par_1_11' title="bbox 980 3944 1026 3991">
     <span class='ocr_line' id='line_1_38' title="bbox 980 3944 1026 3991; baseline -0.022 0"><span class='ocrx_word' id='word_1_289' title='bbox 980 3944 1026 3991; x_wconf 77' lang='lat'><strong>12*</strong></span> 
     </span>
    </p>
   </div>
   <div class='ocr_carea' id='block_1_11' title="bbox 0 0 1300 4214">
    <p class='ocr_par' dir='ltr' id='par_1_12' title="bbox 0 0 1300 4214">
     <span class='ocr_line' id='line_1_39' title="bbox 0 0 1300 4214; baseline 0 0"><span class='ocrx_word' id='word_1_290' title='bbox 0 0 1300 4214; x_wconf 95' lang='lat' dir='ltr'><strong> </strong></span> 
     </span>
    </p>
   </div>
  </div>
 </body>
</html>
