2548 4216
164 297 223 356 &52
439 305 591 351 aunuente
611 305 693 350 suuis
714 305 863 352 canonici.
888 275 900 281 ”

587 467 674 527 Alta.
697 468 720 526 l.

525 605 567 656 ur
591 605 776 654 annocum.

623 759 641 840 ᾖ
664 763 688 823 l.

241 886 402 972 Expositio
422 893 452 949 et
471 883 636 966 confutatio
656 904 789 946 errorum
810 885 890 947 circu
907 883 1071 968 parochos.

196 1037 277 1095 .l88.
301 1030 419 1095 Saeonlo
442 1031 520 1104 lllll‚
545 1027 725 1091 Guillclmus
747 1029 765 1088 b
786 1028 818 1089 S.
843 1030 967 1104 Amore,
988 1029 1073 1092 inter
1097 1028 1153 1091 alia

170 1139 314 1198 erronea,
331 1119 486 1182 contendit
499 1117 647 1198 parochos
661 1116 757 1191 solos,
774 1116 903 1178 exclusis
917 1117 1011 1178 etiam
1027 1120 1112 1200 Papa
1125 1124 1153 1180 cl

171 1210 333 1290 Episcopo,
361 1207 526 1268 intellectos
551 1205 643 1267 fuisse
671 1207 687 1265 d
711 1204 846 1267 Concilio
872 1206 1075 1268 lateranensi
1102 1208 1151 1284 IV,

171 1297 292 1376 quando
310 1296 396 1376 jubet
418 1293 555 1356 confiteri
576 1294 702 1375 proprio
722 1292 868 1355 sacerdoti
887 1311 895 1354 :
911 1292 966 1374 qui
985 1312 1075 1356 error
1098 1294 1154 1357 luit
1268 1305 1269 1320 ¹

170 1385 344 1461 damnatuS,
367 1401 449 1444 anno
473 1386 571 1460 tuso,
596 1383 635 1444 ab
658 1382 827 1464 Alexandro
853 1383 902 1444 1v.
930 1381 1017 1444 Alius
1041 1385 1153 1445 Ductor

171 1473 364 1545 Sorbonious,
385 1475 515 1533 loannes
529 1470 567 1532 de
584 1471 714 1546 Peliaco,
733 1470 835 1533 docuit
855 1471 894 1531 ito
916 1472 1012 1532 teneri
1033 1471 1151 1547 fideles,

170 1561 261 1626 etiam
283 1566 299 1624 a
319 1561 507 1644 regularibus
523 1561 586 1638 jam
606 1559 769 1632 absolutos,
785 1558 922 1622 confiteri
939 1579 996 1622 suo
1019 1561 1153 1642 parocho

172 1656 306 1732 tempore
320 1649 482 1724 resonate,
496 1655 529 1711 ut
552 1666 591 1710 ne
604 1651 686 1710 Deus
704 1647 828 1729 quidem
847 1649 877 1708 in
892 1649 944 1710 tali
964 1649 1153 1730 obligatione

171 1741 264 1820 possit
291 1759 361 1802 cum
386 1738 421 1799 iis
445 1738 640 1820 dispensarc3
670 1755 738 1816 quae
765 1736 964 1798 deliramenta
994 1737 1153 1801 damnavit

171 1827 295 1889 loannis
304 1830 395 1903 XXII,
411 1827 529 1888 Extrav.
546 1825 592 1887 De
605 1824 774 1902 Hoeretirt's,
789 1844 856 1906 cap.
874 1830 921 1888 ll.

212 1918 326 1978 Gorson
340 1914 545 1979 Universitalis
558 1913 734 1993 Parisiensis
749 1913 970 1988 cancellarius,
988 1914 1079 1977 initio
1093 1935 1152 1979 sae·

173 2003 232 2067 culi
254 2007 323 2080 XV,
339 2004 471 2064 divinam
486 2001 686 2084 parochorum
710 2001 929 2064 institutionem
949 2007 1152 2085 eorumqued

172 2097 211 2154 72
225 2093 378 2173 discipulis
396 2091 613 2154 derivationem
632 2091 750 2170 primus
771 2091 916 2164 asseruit,
932 2109 991 2152 eos·
1008 2091 1153 2155 Praelalos

174 2199 239 2244 csse
251 2189 280 2244 et
299 2180 475 2242 hierarchas
493 2185 559 2241 tum
578 2179 732 2260 dignitatis
746 2184 811 2240 tum
825 2179 951 2240 honoris
972 2183 1150 2254 contendit;

174 2270 336 2352 tribuitque
357 2270 400 2330 eis
414 2269 444 2328 in
465 2267 606 2329 conciliis
626 2272 730 2329 votum
751 2267 928 2329 decisivum.
951 2269 1050 2329 Suum
1071 2270 1153 2330 Can·

173 2359 327 2421 cellarium
341 2356 472 2439 praelatis
486 2355 638 2418 erroribus
653 2354 804 2417 imbutum
816 2361 917 2417 seculo
932 2362 977 2416 cst
991 2357 1151 2434 Sorbona;

174 2465 209 2509 ac
221 2450 371 2510 loannem
388 2444 489 2520 (torel,
503 2461 584 2504 anno
599 2445 688 2520 llus,
703 2443 800 2523 coegit
814 2451 847 2504 ut
862 2443 1002 2524 sequenti
1016 2447 1155 2527 proposi·

173 2535 247 2596 tioni
270 2533 494 2596 subscriberet:
515 2532 664 2593 «Domini
679 2532 779 2594 Curati
801 2539 870 2593 sunt
891 2533 923 2592 in
941 2533 1079 2596 Ecclesia
1093 2536 1153 2597 mi·

177 2619 1150 2701 rnunesPraelatietHierorchaeexprimainstitutioneGhristin.
1270 2611 1271 2626 ¹

175 2712 264 2774 Anno
275 2712 348 2774 verb
364 2713 450 2782 trau,
464 2708 502 2769 ab
513 2708 621 2770 eadem
633 2709 770 2771 Sorbont
783 2709 960 2790 compulsus
972 2709 1031 2772 luit
1043 2713 1073 2774 J.
1085 2714 1154 2774 Sar·

173 2798 252 2860 ruzin
267 2799 304 2860 ad
318 2797 524 2880 profitendum
540 2796 622 2877 qudd
638 2817 645 2857 :
667 2798 801 2859 «Dicere
813 2797 992 2860 inferiorum
1009 2799 1153 2863 Praelato·

178 2903 280 2950 rrum
304 2890 480 2968 potestatem
501 2885 738 2964 jurisdictionis,
758 2885 819 2948 sive
841 2886 899 2948 sint
922 2888 1068 2969 Episcopi
1091 2889 1154 2954 sive

177 2997 193 3036 ι
212 2974 273 3037 sint
286 2974 392 3052 curati,
407 2992 473 3036 esse
488 2973 662 3035 immediate
676 2975 694 3035 a
710 2975 784 3052 lloo,
800 2975 991 3056 Evangelicae
1007 2983 1036 3038 et
1054 2981 1152 3059 Apos-

177 3086 193 3125 ι
211 3064 308 3128 tolicae
321 3069 468 3126 consonat
480 3061 605 3125 veritati.
620 3084 636 3121 n

212 3154 386 3216 Doctrinam
400 3151 542 3213 Gersnnis
560 3157 589 3213 et
607 3150 752 3212 Sorbonae
771 3151 851 3213 circe
871 3151 1006 3214 divinam
1028 3154 1153 3219 institu-

173 3243 286 3305 tionem
301 3239 501 3323 parochorum
515 3245 666 3301 eteorum
681 3241 893 3321 praerogativas
907 3242 1099 3323 amplexatus
1108 3252 1155 3308 est

172 3330 353 3394 lansenismi
366 3347 476 3412 parens
491 3329 624 3390 loannes
641 3329 688 3389 [lu
704 3331 816 3410 Verger
832 3328 869 3390 de
885 3327 1058 3406 Hauranne,
1076 3334 1154 3396 Sun-

173 3419 281 3499 Gyrani
301 3418 412 3492 hbbas,
427 3415 605 3479 affirmando
625 3417 771 3497 parochos
787 3435 852 3478 esse
872 3417 902 3477 in
918 3418 981 3478 suis
998 3420 1154 3499 parochiis

173 3508 297 3568 minores
317 3507 492 3586 Episcopos;
513 3505 650 3586 opinioni
672 3505 804 3586 magistri
823 3511 881 3566 tota
903 3505 1030 3568 adhaesit
1047 3509 1154 3574 schola

173 3593 426 3666 lansenistarum,
450 3596 467 3654 b
490 3593 600 3674 quibus
621 3593 774 3654 innumeri
791 3593 822 3654 in
842 3594 945 3656 lucem
968 3595 1040 3658 editi
1066 3597 1153 3664 lubre

174 3677 239 3740 libri
255 3679 435 3756 parochismi
449 3680 603 3742 erroribus
615 3682 822 3745 scaturientes.

212 3765 344 3826 Audacid
364 3767 535 3829 antecelluit
553 3770 733 3836 Eamundus
751 3771 870 3846 Richer,
895 3770 1042 3846 §orbona
1065 3777 1151 3855 Syn·
