2548 4216
175 233 233 292 382
449 243 599 288 utrumne
621 243 703 287 runis
726 240 876 288 canorum.

175 343 269 422 quiam
284 341 314 402 in
332 339 487 420 parochie,
503 339 548 400 vel
563 340 615 420 qui
628 340 692 420 jam
711 339 749 401 ad
762 343 882 400 aetatem
902 336 1072 417 pubertatis
1086 355 1155 418 per·

175 438 282 492 ventus
296 429 364 489 alibi
381 429 567 509 sepulturam
581 429 687 509 elegit,
703 435 800 509 potest
814 433 843 489 et
856 425 945 488 debet
959 432 1045 488 extra
1061 427 1156 488 eccle·

178 519 252 580 siam
271 519 315 578 rel
331 518 538 579 coemeterium
558 516 707 599 parochiae
722 515 858 598 sepeliri,
883 514 975 576 modb
991 515 1157 593 sepulture

179 608 285 670 electio
299 627 360 667 non
376 606 463 668 luerit
475 613 609 669 revocata
622 655 630 682 ,
644 606 725 688 quod
740 623 860 686 semper
872 603 937 664 fieri
951 609 1066 682 potest.
1087 604 1158 664 Con-

180 703 236 758 stat
249 715 287 757 ex
302 695 437 775 pluribus
449 695 526 778 juris
539 695 692 776 capituliS,
715 712 824 775 nempe
843 711 910 773 cap.
929 690 993 755 Nos
1006 692 1157 767 institute,

183 785 226 847 De
240 784 417 865 sepulturis,
434 791 490 846 etc.
505 804 513 860 ;
528 783 587 846 hoc
598 785 647 864 jus
662 793 763 846 tamen
778 785 795 843 'a
809 780 963 844 Gubernio
982 787 1089 842 nostro
1104 797 1160 844 nnn

183 875 370 955 agnoscitur,
393 872 448 936 nisi
474 872 679 954 dependenter
702 873 740 936 ab
764 871 940 934 auctoritate
962 869 1159 951 municipali,

184 963 306 1044 quando
320 963 418 1042 agitur
432 962 470 1023 de
484 963 639 1044 sepulture
659 970 744 1026 extra
760 959 968 1024 eoemeterium
987 958 1160 1022 communi·

184 1052 253 1113 tatis
267 1054 395 1132 propriae
410 1052 514 1114 electa.

226 1143 283 1200 Pro
304 1142 479 1221 impubere,
494 1142 678 1223 sepulturam
694 1140 805 1218 eligere
821 1143 919 1218 potest
932 1144 1019 1219 pater
1035 1144 1087 1213 et,
1104 1138 1162 1218 ipso

186 1228 362 1299 deficiente,
391 1237 509 1305 matcr3
540 1229 645 1310 hisque
669 1227 895 1304 deficientibus,
921 1225 1162 1308 consanguinei,

189 1317 310 1388 affines,
327 1316 416 1377 etiam
430 1323 531 1394 tutor,
548 1318 638 1380 modb
652 1337 688 1380 ea
702 1318 741 1379 sit
753 1315 887 1398 regionis
900 1317 1109 1380 consuetudo.
1124 1317 1163 1378 Er

190 1424 255 1487 cap.
271 1406 354 1468 Licet
368 1405 458 1468 modb
476 1405 575 1469 citato.

231 1497 288 1556 Pro
304 1495 462 1570 uxoribus,
478 1495 544 1556 vide
559 1513 707 1556 canonem
729 1494 853 1571 Eleon,
870 1511 961 1556 causa
974 1497 1065 1570 Xlll,
1086 1515 1118 1576 q.
1137 1497 1164 1572 2,

191 1588 221 1644 et
233 1601 301 1646 can.
322 1583 527 1665 Unaquaeque,
545 1583 586 1646 ib.

231 1673 308 1752 Eligi
330 1672 433 1752 nequit
447 1675 464 1734 a
480 1671 562 1734 laicis
575 1671 734 1753 utriusque
747 1673 836 1734 sexus
849 1671 1006 1754 sepultura
1021 1671 1055 1733 in
1070 1673 1167 1736 eccle-

193 1761 244 1824 siis
258 1761 452 1838 monialium,
472 1761 587 1842 absque
608 1759 731 1842 speciali
754 1761 872 1822 licentia
895 1759 927 1823 S.
954 1761 987 1823 C.
1013 1761 1119 1842 Episc.
1143 1769 1168 1824 et

193 1851 299 1930 Regul.
310 1850 358 1911 Sic
371 1849 623 1930 pluriesdecisum
635 1849 691 1912 dS.
702 1849 735 1911 C.
747 1850 856 1930 Congr.
866 1849 1009 1930 Episcop.
1022 1852 1167 1934 etltegul.

233 1941 267 2001 In
280 1939 372 2000 Gallia
386 1937 537 2018 sepultura
553 1957 613 2000 non
630 1945 726 2020 potest
740 1939 809 2020 eligi
824 1940 854 2000 in
868 1938 1003 2001 eeclesiis
1018 1940 1088 2003 sine
1102 1959 1171 2004 oon·

195 2025 285 2089 sensu
300 2027 463 2104 Gubernii‚
479 2027 563 2107 J'uxta
577 2027 731 2090 decretum
747 2031 785 2090 23
798 2027 917 2108 prairial
931 2046 969 2089 an
984 2030 1052 2104 Xll,
1067 2029 1099 2092 in
1113 2048 1171 2111 quo
1263 2029 1264 2032 ’

195 2116 304 2178 dicitnr
318 2135 326 2176 ε
346 2139 362 2174 a
374 2120 435 2177 Art.
453 2120 481 2178 l.
500 2119 625 2178 Aucune
639 2115 829 2180 inhumation
843 2115 948 2179 n'aura
961 2117 1021 2178 lieu
1038 2118 1118 2181 dans
1131 2119 1171 2180 les

110 2197 111 2200 '
200 2227 216 2266 a
235 2205 358 2286 e'glises,
372 2204 511 2286 temples,
523 2222 726 2286 synagogues,
738 2203 893 2285 hbpitaux,
908 2203 1063 2285 chapelles
1075 2205 1172 2287 publi·

201 2316 217 2354 e
236 2312 327 2375 ques,
347 2300 377 2355 et
399 2292 623 2374 ge'ndralement
642 2294 718 2356 dans
737 2311 838 2356 aucun
853 2292 907 2354 des
924 2293 1048 2356 edifices
1067 2294 1133 2358 clos
1145 2302 1174 2358 ct

202 2407 218 2444 a
236 2383 365 2461 lerme's,
387 2383 428 2444 oh
448 2382 491 2444 les
510 2381 645 2464 citoyens
663 2402 696 2446 se
716 2381 886 2445 reunissent
900 2400 976 2462 pour
991 2382 1020 2444 la
1034 2383 1173 2448 celebra-

202 2495 217 2532 r
237 2473 300 2534 tion
315 2473 353 2533 de
373 2472 453 2534 leurs
468 2471 580 2548 cultes,
599 2472 630 2533 ni
649 2471 725 2534 dans
739 2470 898 2534 l'cnceinte
912 2470 966 2533 des
978 2471 1069 2536 villes
1081 2479 1112 2536 et
1123 2474 1173 2537 des

203 2562 391 2640 «bourges

239 2659 345 2720 Clerici
361 2657 531 2722 beneficiati
552 2663 582 2722 et
602 2657 725 2739 parochi
739 2657 792 2740 qui
812 2656 974 2740 specialem
991 2677 1057 2720 non
1072 2661 1174 2744 elege-

200 2753 270 2809 runt
290 2747 491 2827 sepulturam,
512 2746 677 2828 sepeliendi
700 2752 771 2810 sunt
792 2745 824 2808 in
844 2747 972 2810 ecclesie
987 2747 1043 2810 ubi
1058 2748 1173 2814 beneti-

144 2836 146 2840 ’
201 2835 283 2899 cium
305 2835 457 2911 obtinent,
472 2835 687 2917 servitiumque
705 2835 861 2916 personale
877 2835 1043 2914 exhibent,
1059 2837 1175 2902 etiamsi

201 2925 233 2990 in
245 2923 343 2986 aliena
357 2921 496 3004 parochia
510 2922 644 2986 habitent
655 2930 684 2986 et
699 2922 832 2987 defuncti
843 2924 953 2988 luerint
967 2944 975 2987 :
989 2927 1076 3007 quod
1091 2927 1177 2992 lacilb

202 3014 314 3079 eveniri
330 3020 425 3094 potest
438 3011 470 3073 in
490 3013 598 3093 amplis
611 3011 746 3075 urbibus.
762 3015 805 3075 lta
818 3015 1022 3077 communiter
1027 3035 1038 3092 ;
1054 3022 1087 3079 et
1098 3017 1176 3083 erni·

203 3111 251 3168 tur
264 3123 300 3165 ex
324 3103 413 3182 capit.
436 3101 590 3179 dilectus,
613 3101 658 3164 De
677 3101 848 3183 rescriptis:
874 3122 992 3186 exque
1016 3104 1178 3171 deducitur

202 3191 304 3258 locum
317 3189 456 3252 beneficii
469 3189 585 3252 censeri
600 3189 768 3252 residentiae
779 3189 890 3258 locum.

241 3293 276 3354 ln
300 3289 483 3350 monasterio
505 3307 561 3350 suo
580 3287 763 3370 respective,
791 3289 882 3353 ctiam
905 3289 1038 3372 parocho
1063 3293 1178 3371 invito,

204 3379 322 3462 sepeliri
346 3383 472 3460 possunt
492 3375 612 3454 novitii,
632 3375 723 3439 etiam
746 3383 830 3442 extra
853 3383 1075 3444 monasterium
1091 3383 1180 3448 deee-

205 3467 329 3542 dentes,
345 3487 406 3528 non
425 3468 519 3530 electo
541 3466 608 3528 loco
628 3465 806 3547 sepulturae,
831 3467 857 3530 si
870 3468 908 3530 ad
926 3468 1000 3530 illud
1022 3471 1181 3534 transferri

206 3564 336 3638 queant;
353 3558 426 3617 item
440 3557 472 3617 in
486 3555 670 3618 monasterio
691 3560 817 3636 possunt
830 3555 948 3638 sepeliri
970 3559 1179 3638 postulantes,

207 3644 361 3706 domestici
382 3644 528 3724 religiosis
546 3641 741 3706 inservientes
763 3649 793 3707 et
810 3644 891 3726 apud
909 3645 990 3727 ipsos
1012 3645 1182 3730 degentes,

208 3731 330 3812 quando
346 3733 422 3794 intra
436 3739 519 3812 septa
532 3732 705 3796 monasterii
717 3731 888 3812 decedunt3
909 3734 1035 3798 tertiarii
1050 3738 1106 3821 qui
1119 3737 1182 3802 eol·
