2548 4216
191 271 251 332 348
462 277 615 323 risurum
634 276 717 321 runis
737 275 886 321 canonici.

195 404 210 440 ι
230 382 386 463 quibnres3
402 379 516 442 etdnns
529 396 591 441 une
604 395 676 438 cure
691 376 728 438 dc
744 381 786 438 p.
799 377 908 452 classe,
922 396 981 438 aux
993 377 1075 438 deux
1086 377 1162 437 tiers.

129 511 131 518 Α
236 489 251 528 a
270 469 351 531 Pour
366 467 457 530 bons
471 466 629 528 d’ubsence
643 465 684 527 du
697 465 845 540 titulaire,
861 465 881 525 il
902 483 969 527 sero
989 465 1113 544 assigne'
1132 483 1165 526 au

197 581 212 614 r
232 557 418 638 remplacunt
431 574 491 618 rme
504 554 671 616 indemnitt
685 553 758 636 qui,
782 552 905 634 n'oyent
926 571 982 635 pas
1000 554 1052 614 ete
1074 553 1165 614 deter-

197 647 333 709 «mindo
355 665 409 727 pur
437 645 463 706 le
484 643 606 719 de'cret,
627 642 691 704 doit
709 644 772 704 etre
791 642 920 703 arbitrtu
936 661 992 723 por
1015 627 1166 722 l'Ertque.

198 761 213 793 n
232 737 313 799 Dens
331 738 372 796 lrs
391 734 545 806 troiscos,
566 731 594 792 le
609 731 796 812 remplepunl
813 731 891 810 jouit
903 730 942 792 de
957 731 988 792 lo
1002 731 1121 793 totalile
1133 729 1168 790 du
1253 737 1254 760 ³

199 849 213 882 n
233 824 376 887 casneto

232 918 303 974 444.
328 912 449 984 Ouaerit.
470 910 516 972 An
536 909 630 990 possit
642 909 811 988 Episcopus
825 925 880 968 nro
895 911 1034 987 congruo
1050 907 1167 970 vicario·

204 1019 271 1064 rum
283 1002 434 1080 assignare
447 997 632 1072 oblationes,
647 1013 716 1077 quae
735 1013 774 1057 er
791 1003 1056 1059 sacrementorum
1077 995 1168 1058 adrni-

198 1090 372 1150 nistrolione
386 1088 432 1150 vel
447 1107 484 1148 ex
498 1085 656 1148 funeribus
669 1085 873 1148 proveniunt?

235 1180 325 1257 Resp.
348 1177 479 1248 Ouaestio
499 1174 746 1252 controvertitur,
765 1183 799 1238 ut
817 1174 917 1236 ridere
938 1180 985 1236 est
1012 1175 1047 1236 in
1076 1185 1172 1241 nostro
1254 1193 1255 1202 ³

197 1265 337 1330 Maenali
344 1312 352 1342 ,
369 1267 401 1326 n⁰
416 1265 510 1335 lubi}
529 1270 660 1326 attamen
680 1262 797 1326 viderur
815 1263 897 1344 quod
917 1265 1074 1326 sententio
1098 1267 1168 1328 affir-

197 1373 284 1416 mans
296 1353 390 1434 possit
404 1354 470 1416 tuto
485 1352 521 1414 cd
536 1353 652 1433 praxim
668 1352 772 1414 reduci
789 1372 796 1413 :
814 1370 885 1414 nam
909 1353 1003 1414 Cone.
1027 1355 1173 1425 Trident,

197 1461 270 1506 sese.
287 1447 322 1506 ul
338 1491 346 1516 ‚
362 1461 428 1523 cop.
441 1445 471 1516 6,
484 1441 634 1521 Episcopo
647 1440 788 1503 concedit
797 1445 832 1504 ut
848 1441 944 1502 valeat
960 1443 1175 1522 «coadjutores

201 1555 216 1589 <r
237 1538 288 1594 cut
297 1532 424 1593 vicarios
439 1548 493 1610 pro
507 1537 643 1610 tempore
655 1530 814 1610 deputare,
828 1535 1008 1610 partemque
1024 1531 1175 1596 fructuum

203 1645 217 1676 n
238 1621 345 1682 iisdem
360 1638 415 1700 pro
424 1617 583 1680 sufficienti
594 1619 674 1680 rictu
684 1619 848 1699 assignare,
862 1617 909 1680 uel
918 1618 1011 1680 aliter
1024 1621 1176 1700 prouidere

185 1734 218 1774 ,n
236 1709 341 1790 possit.
358 1731 372 1765 n
389 1711 432 1768 Ex
455 1707 565 1788 quibus
582 1707 798 1787 posterioribus
816 1707 930 1782 verbis,
948 1707 1073 1770 videtur
1096 1728 1176 1792 posse

199 1798 297 1878 colligi
314 1797 397 1877 qudd
410 1797 579 1877 Episcopus
593 1796 688 1858 valeat
700 1795 790 1856 etiam
805 1796 959 1876 assignare
969 1799 1177 1860 emolumento

199 1904 267 1965 quae
285 1904 346 1945 non
362 1893 461 1945 essent
477 1903 512 1946 ex
532 1883 679 1946 fructibus
699 1883 858 1960 beneficii,
879 1903 914 1946 ac
937 1887 1070 1965 proinde
1095 1889 1177 1950 eliam

199 1972 366 2036 oblationes
389 1992 479 2053 supra
499 1973 679 2038 enuntiatus.
709 1971 817 2032 Habitu
839 1990 912 2052 ergo
932 1979 965 2034 ut
983 1975 1098 2037 saltem
1117 1977 1179 2038 vert

201 2060 346 2142 probabili
357 2063 505 2124 sententio
514 2061 694 2138 affirmante,
710 2061 851 2124 siendum
863 2061 918 2122 erit
930 2061 1081 2126 decisioni
1099 2067 1175 2147 Epis·

200 2151 286 2231 copi,
307 2150 331 2211 si
353 2150 526 2230 hujusmodi
545 2150 713 2212 oblationes
734 2150 868 2230 assignet
893 2150 1007 2214 vicario
1028 2173 1087 2234 pro
1109 2173 1181 2217 cou-

201 2241 288 2319 grud.

614 2381 632 2460 u
651 2383 755 2443 xvrn.

235 2526 278 2586 De
292 2523 444 2586 nonnullis
457 2522 531 2584 ollio
542 2521 652 2603 officiis
664 2530 693 2584 et
703 2523 903 2604 potestatibus
915 2525 1151 2608 Episcopo-nm.

240 2695 310 2753 445.
334 2691 377 2752 De
391 2688 514 2752 hisvidc
527 2696 665 2751 nostrum
680 2689 832 2768 Manuale,
849 2693 882 2752 n⁰
896 2696 994 2771 4063,
1010 2703 1040 2757 el
1056 2700 1182 2762 sufficiet

202 2779 250 2839 hle
264 2784 434 2840 annotare:

243 2866 290 2928 Ad
311 2867 411 2928 solum
438 2865 624 2946 Episcopum
652 2867 783 2947 pertinet.
804 2867 876 2932 dere
898 2870 1055 2935 licentiam
1071 2879 1181 2958 praedi-

204 2955 293 3019 candi
314 2973 323 3016 t
347 2955 483 3017 «Nullus
496 2975 528 3028 n,
549 2954 647 3036 inquit
665 2956 834 3021 Concilium
856 2959 992 3024 Trident.
1016 2961 1110 3044 (sess.
1125 2972 1181 3044 al,

203 3065 232 3108 c.
248 3045 294 3128 4),
313 3043 403 3106 «sive
421 3043 594 3117 saecularis,
615 3043 677 3106 sivo
696 3046 845 3126 regularis
872 3049 964 3110 etiem
992 3051 1023 3111 in
1047 3055 1183 3118 ecclesiis

207 3158 222 3194 a
243 3135 436 3216 propriorum
451 3133 619 3208 ordinum,
635 3135 860 3198 contradicente
874 3138 1047 3219 Episcopo,
1071 3145 1180 3223 praedi-

206 3246 222 3284 α
242 3242 311 3286 carc
326 3227 528 3303 praesumet.»

244 3312 291 3372 Ab
304 3312 454 3392 Episcopo
466 3309 644 3392 praedicator
658 3311 746 3374 debet
760 3312 1006 3378 benedictionem
1021 3328 1140 3399 petere.

243 3400 476 3462 concionatores
489 3397 751 3481 Ouedrngesimae,
772 3403 835 3468 sive
853 3403 1030 3484 Adventus,
1049 3429 1182 3492 quorum

203 3488 435 3568 deligendorum
451 3487 576 3550 facultas
587 3488 670 3551 laicis
682 3488 757 3552 lacte
768 3499 827 3568 est,
844 3493 972 3574 eoquod
982 3495 1182 3564 honorarium

204 3577 311 3639 iisdem
325 3577 460 3651 solvunt,
476 3577 515 3638 nb
528 3577 679 3660 Episcopo
693 3580 879 3660 approbandi
894 3590 975 3647 sunt.

245 3667 275 3725 S.
291 3665 491 3745 Congregatio
502 3665 627 3728 concilii
641 3668 777 3731 consulte
787 3669 842 3732 luit
854 3673 870 3733 u
880 3672 1006 3737 Fabrici
1020 3676 1182 3741 Cotbcdra·

134 3831 137 3836 ἦ
204 3753 240 3815 lis
250 3753 442 3813 Sunonensis
452 3771 459 3810 ε
471 3755 538 3812 «An
552 3757 580 3812 et
590 3754 627 3813 od
645 3774 736 3832 ouem
749 3764 863 3836 spectet
875 3762 1181 3830 onussolvendieloo
