2548 4216
458 283 545 330 trusa
567 285 684 331 narnus.
999 274 1057 332 38¹l

88 396 158 457 anta
171 388 297 454 :aalaver
310 435 318 459 ,
329 391 396 467 post
410 383 484 445 alios
497 402 604 446 omues
618 385 758 451 incedere
772 389 870 452 dehet.
888 388 919 453 Si
929 382 1000 451 verd
1014 389 1061 447 in-

90 478 236 546 terveniat
247 473 430 538 cathedralis
444 471 689 556 Capitulum,ipsi
703 476 903 556 praecedentia
916 477 1061 552 debetur3

91 566 240 653 parochus
255 571 329 626 tunc
347 561 423 624 stola
434 559 577 635 indutus,
604 560 777 629 immediate
799 572 869 628 anta
893 562 1065 644 Capitulum

90 655 224 732 incedit;
239 652 264 715 si
280 661 378 712 tamen
395 648 493 710 adsint
507 648 690 714 Gathedralis
704 653 852 734 parochus
867 660 895 716 el
914 652 1063 726 Sacrisla,

91 743 229 830 quamvis
243 739 428 812 amovihiles,
442 735 643 817 praeferuntur
652 743 794 823 parocho,
810 749 913 826 utpote
927 739 1067 803 inceden·
1145 753 1147 759 ⁸

92 842 136 899 les
151 832 307 896 suboruce
322 827 461 908 Capituli.

134 933 204 994 526.
227 928 311 990 Circa
337 931 458 1003 tempus
479 923 694 990 inhumationis
715 936 745 991 et
769 928 964 992 caeremonias
979 924 1068 988 adhi-

92 1018 209 1121 bendas
231 1013 355 1078 consule
370 1011 492 1074 Rz'toole
507 1013 671 1076 Romanum
686 1024 715 1078 el
728 1019 842 1080 Statuta
856 1016 981 1080 dioecesi
996 1033 1069 1097 pro-

116 1125 173 1169 rra.

95 1130 114 1189 p
136 1207 170 1265 ln
182 1200 302 1265 Rr'tuoli
313 1207 409 1260 autem
422 1197 553 1260 Bornono
562 1198 695 1263 dicitur:
715 1224 730 1261 a
745 1204 871 1267 Nullum
894 1219 1005 1283 corpus
1018 1219 1070 1264 se-

102 1315 119 1353 r
139 1291 287 1374 peliatur,
302 1286 469 1368 praesertim
486 1285 512 1348 si
530 1305 612 1349 mors
632 1291 789 1370 repentina
811 1291 911 1364 luerit,
924 1290 982 1352 nisi
1004 1294 1072 1370 post

102 1379 273 1442 «debitum
298 1375 443 1457 temporis
465 1373 678 1453 intervallum,
706 1384 740 1440 ut
762 1379 864 1440 nullus
885 1378 1014 1440 omnind
1034 1376 1073 1439 de

101 1491 118 1531 u
139 1474 237 1530 morte
251 1467 439 1546 relinquatur
453 1462 609 1525 dubitandi
623 1465 717 1528 locus.
733 1487 748 1525 a

140 1569 191 1629 Sic
205 1570 307 1628 autem
322 1561 411 1624 hahet
426 1560 525 1623 Codex
536 1567 638 1623 noster
647 1563 760 1626 civilis:
781 1567 872 1625 «hrt.
886 1568 937 1627 l'l.
957 1597 997 1611 -
1010 1565 1073 1626 Au·

102 1677 119 1717 a
140 1671 219 1718 cone
234 1650 422 1716 inhumation
436 1667 475 1711 ne
493 1667 559 1711 sera
572 1649 642 1712 laile
659 1669 728 1712 sans
741 1669 802 1714 une
816 1651 1008 1714 autorisation
1022 1669 1075 1715 sur·

103 1775 119 1814 a
141 1751 244 1837 papier
257 1749 332 1812 libre
341 1754 371 1810 et
389 1766 458 1808 sans
467 1745 538 1808 lrais
552 1794 560 1825 ,
575 1745 614 1808 de
628 1746 761 1810 l'officier
770 1747 808 1810 da
819 1749 899 1810 l’e'tat
913 1746 1032 1825 civil...,
1045 1751 1077 1810 et

105 1864 121 1903 o
142 1859 203 1922 que
217 1845 255 1902 tl
268 1837 472 1917 heuresapres
486 1836 514 1897 la
527 1834 627 1914 deoeS,
642 1835 714 1900 hors
728 1837 771 1899 les
783 1855 833 1900 oas
844 1838 951 1918 prevus
965 1836 1076 1918 parles

105 1953 121 1990 a
143 1929 326 2010 reglemenls
336 1926 374 1987 de
387 1924 495 2005 police.
511 1945 526 1983 a

143 2028 269 2089 Decreta
281 2025 353 2086 uero
367 2024 405 2083 23
419 2019 486 2102 julii
501 2025 589 2100 1805,
600 2022 643 2086 sic
657 2023 809 2087 statuitur:
830 2046 845 2084 o
858 2023 881 2086 ll
891 2028 936 2085 est
945 2022 1089 2088 defendo,

104 2139 121 2178 a
143 2117 242 2177 hlous
256 2113 359 2187 cures,
376 2110 600 2174 desservants...
625 2112 728 2174 d’aller
748 2112 829 2176 lever
846 2130 947 2174 aucun
966 2130 1075 2193 corps,

104 2226 122 2266 ι
144 2201 181 2266 de
195 2201 436 2281 l’accompagner
449 2197 520 2260 hors
535 2198 573 2261 de
598 2198 711 2279 l'eglise
726 2249 734 2274 ,
759 2199 832 2280 qu'il
853 2217 892 2261 ne
906 2200 971 2262 leur
981 2217 1077 2281 appa-

104 2314 122 2353 «
143 2291 236 2354 raisse
258 2289 297 2351 de
313 2287 528 2350 l'autorisation
542 2287 661 2349 donnae
674 2306 729 2368 par
753 2287 887 2350 l'offioier
908 2287 975 2350 civil
1000 2306 1078 2370 pour

105 2403 123 2440 o
144 2377 392 2451 l’inhumalion,a
408 2375 497 2456 peine
511 2374 606 2437 d'etre
620 2375 774 2456 poursuivi
788 2394 907 2440 comma
919 2381 1078 2440 contrevc‘·

103 2490 122 2528 r
145 2474 219 2531 nant
233 2485 292 2529 aux
301 2465 367 2528 lois.
383 2485 399 2523 a
423 2462 561 2525 Deluncti
578 2464 707 2544 proximi
729 2465 881 2526 licentiam
903 2481 974 2527 eum
989 2464 1079 2527 inhu-

100 2555 207 2618 mandi
223 2561 325 2636 petere
339 2558 492 2615 tenentur.

144 2651 226 2716 Nihil
252 2650 432 2731 generaliter
446 2649 586 2710 statuitur
604 2649 620 2710 a
641 2649 709 2727 jure
726 2649 874 2712 canonico
890 2651 970 2714 circa
983 2650 1080 2714 inter-

100 2741 218 2805 vallum
233 2739 314 2821 quod
325 2736 510 2800 intercedere
528 2734 618 2798 dehet
638 2737 716 2800 inter
739 2745 867 2801 mortem
885 2744 916 2803 et
939 2739 1079 2804 inhuma-

105 2831 236 2893 tionem.

144 2930 216 2990 527.
232 2957 271 2974 -
284 2927 333 2988 III.
360 2923 415 2986 lus
438 2920 629 2984 emolumento
648 2943 686 2985 esc
709 2925 866 3006 funeribus
879 2927 1080 3009 provenientia

99 3013 302 3098 percipiendi.

146 3120 270 3181 Certum
284 3121 330 3180 est
343 3114 509 3197 parochum
523 3113 598 3174 nihil
614 3131 703 3194 posse
722 3115 738 3176 a
759 3116 943 3197 pauperibus
962 3115 1080 3198 exigere
1110 3143 1113 3188 r

100 3206 182 3285 (Bit.
199 3205 350 3286 Roman).

146 3311 251 3382 Quoad
263 3310 355 3373 alios:
378 3310 425 3372 rel
447 3309 545 3389 agitur
560 3308 598 3370 de
621 3307 713 3372 modo
724 3310 890 3392 sepeliendi
904 3309 1080 3390 ordinario,

100 3401 173 3464 sind
188 3398 425 3462 extraordinaria
439 3399 562 3480 pompa,
575 3403 605 3459 et
614 3402 686 3460 lunc
698 3446 706 3475 ,
717 3398 825 3461 seelord
838 3397 1040 3464 consuetudine
1050 3401 1082 3464 in

100 3488 291 3552 contrariom
302 3536 309 3560 ‚
322 3505 384 3548 non
396 3485 485 3548 dehet
500 3485 647 3566 parochus
660 3487 826 3568 quidquam
843 3489 973 3570 exigere,
989 3489 1080 3570 quin,

102 3578 135 3640 vi
146 3576 196 3640 sui
208 3577 361 3652 muneris,
378 3574 527 3656 parochus
541 3573 632 3636 debet
646 3575 735 3638 talem
758 3575 944 3638 functionem
961 3625 968 3656 ,
994 3584 1083 3660 prout

100 3665 165 3728 alia
177 3663 359 3746 pastoralia,
382 3663 445 3725 suis
459 3661 648 3743 parochianis
663 3669 813 3743 praestare.
833 3664 863 3726 Si
886 3667 956 3728 mro
978 3673 1083 3748 agatur

101 3752 145 3815 de
161 3750 254 3818 modo
263 3750 498 3814 extraordinario
511 3749 685 3826 sepeliendi,
701 3753 724 3812 si
737 3754 894 3832 exigantur
905 3774 932 3816 v.
946 3774 974 3834 g.
991 3755 1082 3817 missa
