2562 4224
474 250 560 294 alana
580 251 697 298 antuus.
960 308 964 316 ¹
1016 255 1067 308 llll

88 357 198 408 tamen
213 344 353 425 estquod
370 345 476 408 electio
492 345 546 407 fiat·
557 365 610 427 per
628 349 769 432 suffragia
784 361 907 415 secreta.
925 356 987 418 Nisi
1003 363 1074 426 vero

89 439 205 496 statuta
225 433 352 514 Capituli
374 435 550 515 praecipiant
573 435 715 518 suffragia
730 448 846 502 secreta
864 442 920 504 sub
943 445 1076 510 clausula

89 523 248 598 monte,
263 521 395 584 validum
409 531 455 585 est
468 524 550 604 quod
562 528 699 590 canonici
715 528 780 590 viva
792 523 864 592 voce
878 533 1073 598 concludunt.

133 623 170 681 ln
184 608 331 683 electione
345 627 446 684 tamen
461 623 653 703 superiorum
667 626 863 706 regularium,
879 629 924 690 vel
940 633 1074 713 superio-

92 710 244 773 rissarum
255 709 446 786 monialium,
460 710 524 773 imo
537 711 726 775 inelectiooe
737 731 1002 800 quorumcumque
1014 721 1076 782 olli-

89 797 220 860 cialium
235 797 445 878 religiosorum
464 799 622 882 utriusque
636 803 742 876 sexte,
758 802 815 864 sub
830 808 922 886 poena
937 807 1076 870 nullitatis

93 885 304 967 praescribitur
323 888 340 948 a
358 887 471 949 Concil.
490 888 587 965 Teio,
603 908 676 952 sess.
693 895 745 966 25,
763 909 829 973 cap.
853 897 887 969 6,
909 896 991 976 quod
1010 904 1077 958 vota
1148 900 1150 906 '

88 976 159 1036 sint
175 982 301 1038 secreta.
320 975 351 1039 ld
370 974 483 1038 lactum
501 983 546 1038 est
564 982 598 1040 ut
617 979 889 1059 praescindeaentur
912 982 1077 1046 inimicitiae

90 1061 178 1125 inter
187 1064 365 1141 confratres,
381 1064 434 1145 qui
451 1067 598 1146 perpetuo
612 1067 703 1130 simul
722 1069 819 1131 vivere
833 1076 995 1134 tenentur:
1013 1073 1076 1136 haec

94 1153 273 1215 constitutio
294 1159 356 1214 tam
375 1153 476 1215 stricte
494 1153 614 1236 obligat,
638 1162 671 1217 ut
689 1156 796 1220 electio
816 1159 854 1220 sit
873 1160 965 1237 nulla,
987 1162 1012 1223 si
1030 1165 1075 1224 vel

95 1254 181 1304 unus
194 1242 359 1306 electorum
374 1247 477 1305 votum
493 1261 595 1320 suum,
608 1247 800 1324 permittente
813 1247 961 1329 Capitulo,
974 1250 1076 1332 publi-

95 1338 181 1393 caret
197 1352 204 1392 :
220 1349 308 1394 secus
324 1338 427 1393 tamen
442 1331 467 1393 si
481 1330 511 1392 id
529 1333 736 1413 contingeret,
752 1334 847 1396 inscio
865 1343 917 1398 aut
932 1357 993 1400 non
1007 1357 1078 1401 con·
1191 1396 1194 1402 .

95 1420 249 1482 sentiente
264 1419 415 1499 capitulo,
430 1427 459 1482 et
473 1419 503 1480 id
523 1421 647 1502 quidem
667 1422 702 1490 in.
717 1423 782 1504 ipsa
795 1423 960 1502 electione;
976 1434 1076 1508 postea

96 1513 203 1571 lamen
231 1508 374 1590 perdurat
400 1507 544 1588 obligatio
569 1517 719 1572 secretum
747 1512 900 1588 servandi,
930 1517 1076 1594 quamvis,

96 1599 235 1749 ffilgjtnlsr
241 1597 446 1674 violationem,
459 1597 603 1679 deinceps
617 1599 824 1675 commissam,
833 1599 939 1662 electio
954 1620 1015 1662 non
1028 1621 1079 1664 an-

8 1799 21 1820 ·
137 1787 211 1846 253.
235 1787 267 1847 8⁰
287 1785 402 1848 Electio
420 1784 485 1846 lieri
508 1785 613 1866 nequit
630 1803 684 1866 per
702 1791 826 1861 sortem,
843 1803 879 1846 ex
898 1804 964 1866 cap.
985 1791 1015 1865 3,
1038 1790 1079 1850 lle

98 1873 270 1954 Sortile9.;
301 1873 397 1935 Bouix
423 1879 525 1934 tamen
553 1872 610 1954 (De
638 1872 782 1955 Capitol,
812 1893 842 1955 p.
872 1875 960 1957 207),
984 1876 1079 1940 citans

94 1961 331 2042 Ceccoparium,
347 1960 457 2043 excipit
475 1980 580 2024 casum
600 1963 631 2022 in
652 1981 726 2044 quo,
747 1969 813 2044 post
835 1962 942 2024 binum
959 1965 1006 2026 vel
1025 1972 1080 2026 ler-

101 2068 177 2112 num
198 2050 395 2127 scrutinium,
416 2057 506 2112 staret
525 2053 635 2132 paritas
653 2057 793 2113 votorum
817 2051 895 2113 inter
916 2051 992 2114 duos
1013 2073 1081 2116 can-

95 2139 233 2214 didatos3
256 2145 368 2201 sortem
392 2145 466 2201 tunc
485 2139 584 2202 solnm
600 2140 747 2221 permittit
765 2141 797 2200 S.
817 2141 939 2220 Liguon
963 2141 1025 2218 (lib.
1048 2148 1078 2218 3,

100 2237 134 2290 n·
160 2231 221 2307 ll),
247 2227 369 2309 quando
392 2227 425 2289 lit
447 2246 483 2290 ex
507 2230 682 2290 auctoritate
699 2228 808 2307 judicis
831 2247 885 2309 pro
908 2229 1081 2292 decidendis

100 2317 207 2379 litibus
216 2316 295 2379 circa
309 2315 406 2378 officia
421 2321 472 2378 aul
482 2316 629 2378 beneficia
644 2316 856 2378 ecclesiastica.

140 2419 213 2480 ΞΜ.
231 2415 353 2490 Quaerit.
371 2419 405 2476 4⁰
416 2415 494 2487 Ouid
506 2415 658 2496 agendum
671 2415 719 2490 sit,
731 2417 851 2496 peracta
862 2416 1028 2480 electione?

140 2517 234 2598 Hesp.
260 2514 406 2577 Absoluta
431 2523 460 2577 et
485 2515 633 2596 patefacta
655 2515 823 2590 electione,
848 2516 1006 2578 conficitur
1032 2519 1081 2580 do·

98 2611 220 2668 cretum
244 2601 327 2684 quod
351 2603 546 2666 subscribunt
568 2603 724 2684 eligentes,
748 2603 858 2685 quibus
884 2611 958 2667 tunc
982 2609 1082 2669 omnis

100 2691 237 2756 variandi
248 2698 379 2774 poteslas
391 2691 543 2754 adimitur.
556 2693 628 2774 Gap.
641 2695 691 2769 ΞΟ,
703 2697 738 2754 at
752 2699 782 2753 et
797 2697 847 2761 58,
859 2693 904 2756 De
915 2695 947 2756 E
949 2695 1079 2758 lecticae.

141 2785 214 2846 lllox
227 2782 334 2858 electo,
350 2780 436 2843 idest
448 2781 525 2842 intra
537 2787 604 2842 octo
618 2780 693 2857 dies,
707 2781 855 2844 notificari
865 2781 954 2846 debet
963 2785 1076 2847 electio.

140 2887 239 2950 Electi
257 2905 425 2950 consensus
445 2886 593 2968 petendus
611 2893 667 2962 est,
689 2887 816 2968 etipse,
837 2887 913 2951 inira
932 2908 1079 2968 mensam,

100 2997 141 3040 ne
155 2977 290 3056 sunium
301 2975 400 3052 cadat,
414 2974 503 3036 debet
515 2975 601 3037 illum
615 2974 750 3037 emittere
767 2980 846 3060 (cap.
866 2981 896 3054 6,
910 2979 954 3040 De
966 2981 1079 3057 Eleon,

102 3070 134 3134 in
147 3071 181 3129 6ο
197 3111 204 3126 .

143 3069 306 3250 Pr)aeteaea,
329 3173 407 3234 intra
427 3173 502 3234 alios
522 3177 583 3234 taes
603 3175 753 3234 mensesa
773 3173 934 3254 Superiore
955 3175 1082 3254 petenda

94 3271 145 3327 cst
161 3261 353 3325 confirmatio
378 3261 533 3323 electionis
557 3279 594 3322 ex
620 3262 688 3325 eod.
713 3280 779 3342 cap.
799 3261 953 3342 :alioquin
978 3263 1083 3325 electio

98 3352 219 3432 sitibus
230 3368 267 3412 ec
279 3350 344 3432 ipso
358 3357 511 3413 vacuatur.

144 3449 277 3513 Obtenta
297 3449 369 3512 vero
400 3448 651 3526 confirmatione,
675 3450 754 3510 intra
771 3454 832 3510 tres
857 3467 977 3513 menses
997 3453 1013 3514 a
1036 3453 1083 3516 die

101 3539 214 3602 habitae
240 3536 352 3600 notitiae
373 3537 610 3600 confirmationis
626 3538 842 3615 numerandos
862 3543 1071 3605 consecranda

100 3637 147 3692 est
166 3627 352 3708 Episcopum
369 3627 502 3708 alioquin
521 3626 558 3687 ad
577 3627 727 3709 [reclama
749 3638 949 3712 perceptorum
973 3632 1085 3693 restitu-

99 3724 213 3781 tionem
230 3724 360 3795 teaetur,
379 3726 407 3778 et
419 3717 447 3779 ai
466 3716 546 3778 intra
565 3714 686 3778 totidem
701 3736 810 3779 menses
830 3727 930 3800 postea
945 3717 979 3780 id
987 3720 1085 3800 facere
