<?xml version="1.0" encoding="UTF-8"?>
<!DOCTYPE html PUBLIC "-//W3C//DTD XHTML 1.0 Transitional//EN"
    "http://www.w3.org/TR/xhtml1/DTD/xhtml1-transitional.dtd">
<html xmlns="http://www.w3.org/1999/xhtml" xml:lang="en" lang="en">
 <head>
  <title>
</title>
<meta http-equiv="Content-Type" content="text/html;charset=utf-8" />
  <meta name='ocr-system' content='tesseract 3.04.00' />
  <meta name='ocr-capabilities' content='ocr_page ocr_carea ocr_par ocr_line ocrx_word'/>
</head>
<body>
  <div class='ocr_page' id='page_1' title='image "./elementajurisca01craigoog_0137.png"; bbox 0 0 2562 4224; ppageno 0'>
   <div class='ocr_carea' id='block_1_1' title="bbox 238 301 927 360">
    <p class='ocr_par' dir='ltr' id='par_1_1' title="bbox 238 301 927 360">
     <span class='ocr_line' id='line_1_1' title="bbox 238 301 927 360; baseline -0.013 0"><span class='ocrx_word' id='word_1_1' title='bbox 238 305 295 360; x_wconf 79' lang='grc' dir='ltr'>ιιιι</span> <span class='ocrx_word' id='word_1_2' title='bbox 510 306 658 352; x_wconf 79' lang='lat' dir='ltr'>craneum</span> <span class='ocrx_word' id='word_1_3' title='bbox 678 303 761 351; x_wconf 86' lang='lat' dir='ltr'>rums</span> <span class='ocrx_word' id='word_1_4' title='bbox 781 301 927 351; x_wconf 79' lang='lat' dir='ltr'>ennomus.</span> 
     </span>
    </p>
   </div>
   <div class='ocr_carea' id='block_1_2' title="bbox 238 398 1187 922">
    <p class='ocr_par' dir='ltr' id='par_1_2' title="bbox 242 398 1185 580">
     <span class='ocr_line' id='line_1_2' title="bbox 242 398 1185 483; baseline -0.021 -9"><span class='ocrx_word' id='word_1_5' title='bbox 242 437 257 474; x_wconf 90' lang='grc' dir='ltr'>ιι</span> <span class='ocrx_word' id='word_1_6' title='bbox 277 410 384 474; x_wconf 84' lang='lat' dir='ltr'>ricaire</span> <span class='ocrx_word' id='word_1_7' title='bbox 398 407 546 471; x_wconf 87' lang='lat' dir='ltr'>arnovibie</span> <span class='ocrx_word' id='word_1_8' title='bbox 563 407 646 482; x_wconf 75' lang='lat' dir='ltr'>tHaec</span> <span class='ocrx_word' id='word_1_9' title='bbox 659 404 762 465; x_wconf 91' lang='lat' dir='ltr'>omnia</span> <span class='ocrx_word' id='word_1_10' title='bbox 773 409 874 464; x_wconf 87' lang='lat' dir='ltr'>tamen</span> <span class='ocrx_word' id='word_1_11' title='bbox 887 405 988 483; x_wconf 75' lang='lat' dir='ltr'>aperte</span> <span class='ocrx_word' id='word_1_12' title='bbox 1002 398 1185 464; x_wconf 85' lang='lat' dir='ltr'>contradicunt</span> 
     </span>
     <span class='ocr_line' id='line_1_3' title="bbox 238 493 691 582; baseline -0.019 -21.887"><span class='ocrx_word' id='word_1_13' title='bbox 238 525 257 582; x_wconf 93' lang='grc' dir='ltr'>ι</span> <span class='ocrx_word' id='word_1_14' title='bbox 275 500 335 580; x_wconf 77' lang='lat' dir='ltr'>iuri</span> <span class='ocrx_word' id='word_1_15' title='bbox 347 514 503 560; x_wconf 82' lang='lat' dir='ltr'>communi</span> <span class='ocrx_word' id='word_1_16' title='bbox 495 493 691 571; x_wconf 84' lang='lat' dir='ltr'>Ecclesiae);</span> 
     </span>
    </p>

    <p class='ocr_par' dir='ltr' id='par_1_3' title="bbox 243 561 1187 922">
     <span class='ocr_line' id='line_1_4' title="bbox 281 561 1184 658; baseline -0.015 -12"><span class='ocrx_word' id='word_1_17' title='bbox 281 611 296 646; x_wconf 90' lang='grc' dir='ltr'>ιι</span> <span class='ocrx_word' id='word_1_18' title='bbox 316 591 348 648; x_wconf 80' lang='lat'>3⁰</span> <span class='ocrx_word' id='word_1_19' title='bbox 363 588 444 648; x_wconf 83' lang='lat' dir='ltr'>Cette</span> <span class='ocrx_word' id='word_1_20' title='bbox 459 585 553 646; x_wconf 92' lang='lat' dir='ltr'>union</span> <span class='ocrx_word' id='word_1_21' title='bbox 570 582 650 642; x_wconf 78' lang='lat' dir='ltr'>etant</span> <span class='ocrx_word' id='word_1_22' title='bbox 671 579 792 658; x_wconf 79' lang='lat' dir='ltr'>opere&#39;e,</span> <span class='ocrx_word' id='word_1_23' title='bbox 807 561 950 658; x_wconf 78' lang='lat' dir='ltr'>triveque</span> <span class='ocrx_word' id='word_1_24' title='bbox 964 595 981 637; x_wconf 89' lang='lat' dir='ltr'>a</span> <span class='ocrx_word' id='word_1_25' title='bbox 996 595 1037 656; x_wconf 93' lang='lat' dir='ltr'>pu</span> <span class='ocrx_word' id='word_1_26' title='bbox 1056 572 1184 642; x_wconf 79' lang='lat' dir='ltr'>interduo,</span> 
     </span>
     <span class='ocr_line' id='line_1_5' title="bbox 245 659 1186 756; baseline -0.02 -19"><span class='ocrx_word' id='word_1_27' title='bbox 245 700 259 736; x_wconf 92' lang='grc' dir='ltr'>ιι</span> <span class='ocrx_word' id='word_1_28' title='bbox 277 675 343 756; x_wconf 78' lang='lat' dir='ltr'>dep</span> <span class='ocrx_word' id='word_1_29' title='bbox 347 675 416 735; x_wconf 84' lang='lat' dir='ltr'>lano</span> <span class='ocrx_word' id='word_1_30' title='bbox 439 679 468 734; x_wconf 88' lang='lat' dir='ltr'>et</span> <span class='ocrx_word' id='word_1_31' title='bbox 486 689 556 733; x_wconf 87' lang='lat' dir='ltr'>sans</span> <span class='ocrx_word' id='word_1_32' title='bbox 574 671 750 748; x_wconf 81' lang='lat' dir='ltr'>jugement,</span> <span class='ocrx_word' id='word_1_33' title='bbox 775 685 813 728; x_wconf 87' lang='lat' dir='ltr'>au</span> <span class='ocrx_word' id='word_1_34' title='bbox 838 683 910 727; x_wconf 91' lang='lat' dir='ltr'>cure</span> <span class='ocrx_word' id='word_1_35' title='bbox 931 666 983 745; x_wconf 90' lang='lat' dir='ltr'>qui</span> <span class='ocrx_word' id='word_1_36' title='bbox 1001 661 1150 725; x_wconf 79' lang='lat' dir='ltr'>desservait</span> <span class='ocrx_word' id='word_1_37' title='bbox 1166 659 1186 719; x_wconf 88' lang='lat' dir='ltr'>la</span> 
     </span>
     <span class='ocr_line' id='line_1_6' title="bbox 244 749 1186 837; baseline -0.018 -13"><span class='ocrx_word' id='word_1_38' title='bbox 244 788 259 824; x_wconf 92' lang='grc' dir='ltr'>ιι</span> <span class='ocrx_word' id='word_1_39' title='bbox 278 781 349 826; x_wconf 89' lang='lat' dir='ltr'>cure</span> <span class='ocrx_word' id='word_1_40' title='bbox 367 761 471 823; x_wconf 79' lang='lat' dir='ltr'>reunie</span> <span class='ocrx_word' id='word_1_41' title='bbox 486 778 523 820; x_wconf 87' lang='lat' dir='ltr'>au</span> <span class='ocrx_word' id='word_1_42' title='bbox 540 756 690 837; x_wconf 84' lang='lat' dir='ltr'>Chapitre,</span> <span class='ocrx_word' id='word_1_43' title='bbox 707 755 734 815; x_wconf 90' lang='lat' dir='ltr'>ia</span> <span class='ocrx_word' id='word_1_44' title='bbox 747 753 933 834; x_wconf 78' lang='lat' dir='ltr'>predication</span> <span class='ocrx_word' id='word_1_45' title='bbox 956 759 986 814; x_wconf 84' lang='lat' dir='ltr'>et</span> <span class='ocrx_word' id='word_1_46' title='bbox 1000 751 1021 812; x_wconf 87' lang='lat' dir='ltr'>l’</span> <span class='ocrx_word' id='word_1_47' title='bbox 1022 749 1186 813; x_wconf 88' lang='lat' dir='ltr'>administra·</span> 
     </span>
     <span class='ocr_line' id='line_1_7' title="bbox 243 834 1187 922; baseline -0.02 -10"><span class='ocrx_word' id='word_1_48' title='bbox 243 876 257 912; x_wconf 95' lang='grc' dir='ltr'>ιι</span> <span class='ocrx_word' id='word_1_49' title='bbox 278 853 340 913; x_wconf 82' lang='grc' dir='ltr'>ιιοιι</span> <span class='ocrx_word' id='word_1_50' title='bbox 355 850 408 911; x_wconf 88' lang='lat' dir='ltr'>des</span> <span class='ocrx_word' id='word_1_51' title='bbox 423 852 615 909; x_wconf 29' lang='lat' dir='ltr'>sacrNJements</span> <span class='ocrx_word' id='word_1_52' title='bbox 631 867 646 903; x_wconf 82' lang='grc' dir='ltr'>ιι</span> <span class='ocrx_word' id='word_1_53' title='bbox 665 845 737 914; x_wconf 85' lang='lat' dir='ltr'>Quae</span> <span class='ocrx_word' id='word_1_54' title='bbox 751 842 860 922; x_wconf 83' lang='lat' dir='ltr'>pariter</span> <span class='ocrx_word' id='word_1_55' title='bbox 874 846 1050 922; x_wconf 87' lang='lat' dir='ltr'>potestatem</span> <span class='ocrx_word' id='word_1_56' title='bbox 1063 834 1187 900; x_wconf 88' lang='lat' dir='ltr'>Ordinarii</span> 
     </span>
    </p>
   </div>
   <div class='ocr_carea' id='block_1_3' title="bbox 240 941 848 1118">
    <p class='ocr_par' dir='ltr' id='par_1_4' title="bbox 240 941 848 1118">
     <span class='ocr_line' id='line_1_8' title="bbox 240 941 399 1003; baseline -0.047 0"><span class='ocrx_word' id='word_1_57' title='bbox 240 941 399 1003; x_wconf 80' lang='lat' dir='ltr'>excedunt</span> 
     </span>
     <span class='ocr_line' id='line_1_9' title="bbox 584 1071 848 1118; baseline -0.011 0"><span class='ocrx_word' id='word_1_58' title='bbox 584 1073 670 1118; x_wconf 81' lang='lat' dir='ltr'>ursus</span> <span class='ocrx_word' id='word_1_59' title='bbox 688 1071 848 1118; x_wconf 79' lang='lat' dir='ltr'>srncrrurs.</span> 
     </span>
    </p>
   </div>
   <div class='ocr_carea' id='block_1_4' title="bbox 174 1199 1195 2345">
    <p class='ocr_par' dir='ltr' id='par_1_5' title="bbox 174 1199 1193 2079">
     <span class='ocr_line' id='line_1_10' title="bbox 279 1199 1190 1283; baseline -0.018 -10"><span class='ocrx_word' id='word_1_60' title='bbox 279 1214 350 1273; x_wconf 69' lang='lat'>231.</span> <span class='ocrx_word' id='word_1_61' title='bbox 374 1209 450 1270; x_wconf 89' lang='lat' dir='ltr'>Sunt</span> <span class='ocrx_word' id='word_1_62' title='bbox 463 1206 494 1266; x_wconf 92' lang='lat' dir='ltr'>itr</span> <span class='ocrx_word' id='word_1_63' title='bbox 507 1203 601 1265; x_wconf 78' lang='lat' dir='ltr'>Gallia</span> <span class='ocrx_word' id='word_1_64' title='bbox 615 1201 754 1283; x_wconf 87' lang='lat' dir='ltr'>quaedam</span> <span class='ocrx_word' id='word_1_65' title='bbox 770 1200 918 1282; x_wconf 76' lang='lat' dir='ltr'>parochiae</span> <span class='ocrx_word' id='word_1_66' title='bbox 933 1199 1009 1263; x_wconf 85' lang='lat' dir='ltr'>oded</span> <span class='ocrx_word' id='word_1_67' title='bbox 1024 1215 1158 1281; x_wconf 80' lang='lat' dir='ltr'>pauperes</span> <span class='ocrx_word' id='word_1_68' title='bbox 1169 1201 1190 1258; x_wconf 89' lang='lat' dir='ltr'>et</span> 
     </span>
     <span class='ocr_line' id='line_1_11' title="bbox 242 1286 1191 1373; baseline -0.018 -12"><span class='ocrx_word' id='word_1_69' title='bbox 242 1296 427 1361; x_wconf 88' lang='lat' dir='ltr'>miserabiles</span> <span class='ocrx_word' id='word_1_70' title='bbox 435 1300 470 1356; x_wconf 87' lang='lat' dir='ltr'>nt</span> <span class='ocrx_word' id='word_1_71' title='bbox 483 1290 630 1373; x_wconf 80' lang='lat' dir='ltr'>parochos</span> <span class='ocrx_word' id='word_1_72' title='bbox 643 1290 753 1352; x_wconf 88' lang='lat' dir='ltr'>habere</span> <span class='ocrx_word' id='word_1_73' title='bbox 764 1292 935 1370; x_wconf 77' lang='lat' dir='ltr'>nequeant,</span> <span class='ocrx_word' id='word_1_74' title='bbox 951 1291 1022 1370; x_wconf 90' lang='lat' dir='ltr'>quia</span> <span class='ocrx_word' id='word_1_75' title='bbox 1036 1291 1067 1349; x_wconf 96' lang='lat' dir='ltr'>in</span> <span class='ocrx_word' id='word_1_76' title='bbox 1078 1288 1118 1350; x_wconf 92' lang='lat' dir='ltr'>eis</span> <span class='ocrx_word' id='word_1_77' title='bbox 1126 1286 1191 1347; x_wconf 85' lang='lat' dir='ltr'>deest</span> 
     </span>
     <span class='ocr_line' id='line_1_12' title="bbox 240 1373 1190 1466; baseline -0.018 -18"><span class='ocrx_word' id='word_1_78' title='bbox 240 1388 350 1450; x_wconf 92' lang='lat' dir='ltr'>domus</span> <span class='ocrx_word' id='word_1_79' title='bbox 370 1380 600 1466; x_wconf 84' lang='lat' dir='ltr'>presbyteralis,</span> <span class='ocrx_word' id='word_1_80' title='bbox 623 1397 678 1438; x_wconf 92' lang='lat' dir='ltr'>noc</span> <span class='ocrx_word' id='word_1_81' title='bbox 694 1378 792 1438; x_wconf 87' lang='lat' dir='ltr'>vatent</span> <span class='ocrx_word' id='word_1_82' title='bbox 812 1377 919 1439; x_wconf 86' lang='lat' dir='ltr'>incoiae</span> <span class='ocrx_word' id='word_1_83' title='bbox 939 1376 1155 1438; x_wconf 72' lang='lat' dir='ltr'>indemnitatem</span> <span class='ocrx_word' id='word_1_84' title='bbox 1168 1373 1190 1432; x_wconf 93' lang='lat' dir='ltr'>in</span> 
     </span>
     <span class='ocr_line' id='line_1_13' title="bbox 241 1462 1190 1552; baseline -0.016 -15"><span class='ocrx_word' id='word_1_85' title='bbox 241 1475 299 1536; x_wconf 91' lang='lat' dir='ltr'>hoc</span> <span class='ocrx_word' id='word_1_86' title='bbox 312 1491 382 1536; x_wconf 89' lang='lat' dir='ltr'>casu</span> <span class='ocrx_word' id='word_1_87' title='bbox 401 1469 603 1552; x_wconf 79' lang='lat' dir='ltr'>praescriptam</span> <span class='ocrx_word' id='word_1_88' title='bbox 620 1466 748 1529; x_wconf 86' lang='lat' dir='ltr'>solvere.</span> <span class='ocrx_word' id='word_1_89' title='bbox 771 1466 864 1528; x_wconf 85' lang='lat' dir='ltr'>Porrd</span> <span class='ocrx_word' id='word_1_90' title='bbox 878 1467 958 1546; x_wconf 74' lang='lat' dir='ltr'>saepe</span> <span class='ocrx_word' id='word_1_91' title='bbox 972 1466 1115 1545; x_wconf 80' lang='lat' dir='ltr'>contingit</span> <span class='ocrx_word' id='word_1_92' title='bbox 1126 1462 1190 1544; x_wconf 81' lang='lat' dir='ltr'>quor</span> 
     </span>
     <span class='ocr_line' id='line_1_14' title="bbox 241 1551 1190 1642; baseline -0.016 -17"><span class='ocrx_word' id='word_1_93' title='bbox 241 1563 292 1642; x_wconf 85' lang='lat' dir='ltr'>huj</span> <span class='ocrx_word' id='word_1_94' title='bbox 295 1559 413 1624; x_wconf 82' lang='lat' dir='ltr'>asmodi</span> <span class='ocrx_word' id='word_1_95' title='bbox 428 1556 578 1639; x_wconf 83' lang='lat' dir='ltr'>parochiae</span> <span class='ocrx_word' id='word_1_96' title='bbox 596 1574 654 1617; x_wconf 92' lang='lat' dir='ltr'>con</span> <span class='ocrx_word' id='word_1_97' title='bbox 657 1555 790 1615; x_wconf 71' lang='lat' dir='ltr'>ferantur</span> <span class='ocrx_word' id='word_1_98' title='bbox 809 1554 978 1616; x_wconf 87' lang='lat' dir='ltr'>titularibus</span> <span class='ocrx_word' id='word_1_99' title='bbox 997 1572 1059 1615; x_wconf 94' lang='lat' dir='ltr'>non</span> <span class='ocrx_word' id='word_1_100' title='bbox 1080 1551 1190 1614; x_wconf 89' lang='lat' dir='ltr'>residen-</span> 
     </span>
     <span class='ocr_line' id='line_1_15' title="bbox 242 1641 1191 1743; baseline -0.013 -30"><span class='ocrx_word' id='word_1_101' title='bbox 242 1652 354 1726; x_wconf 89' lang='lat' dir='ltr'>tibus,&#39;</span> <span class='ocrx_word' id='word_1_102' title='bbox 348 1649 410 1710; x_wconf 86' lang='grc' dir='ltr'>ιιιιὸ</span> <span class='ocrx_word' id='word_1_103' title='bbox 424 1665 479 1708; x_wconf 89' lang='lat' dir='ltr'>nec</span> <span class='ocrx_word' id='word_1_104' title='bbox 497 1644 628 1706; x_wconf 89' lang='lat' dir='ltr'>residere</span> <span class='ocrx_word' id='word_1_105' title='bbox 642 1642 821 1743; x_wconf 84' lang='lat' dir='ltr'>valeptibus,</span> <span class='ocrx_word' id='word_1_106' title='bbox 839 1649 940 1724; x_wconf 87' lang='lat' dir='ltr'>prout,</span> <span class='ocrx_word' id='word_1_107' title='bbox 954 1662 982 1702; x_wconf 85' lang='lat' dir='ltr'>v.</span> <span class='ocrx_word' id='word_1_108' title='bbox 1000 1662 1043 1724; x_wconf 63' lang='lat' dir='ltr'>g,</span> <span class='ocrx_word' id='word_1_109' title='bbox 1061 1641 1191 1723; x_wconf 88' lang='lat' dir='ltr'>professo·</span> 
     </span>
     <span class='ocr_line' id='line_1_16' title="bbox 243 1731 1192 1812; baseline -0.012 -13"><span class='ocrx_word' id='word_1_110' title='bbox 243 1740 325 1801; x_wconf 90' lang='lat' dir='ltr'>ribus</span> <span class='ocrx_word' id='word_1_111' title='bbox 341 1757 392 1799; x_wconf 93' lang='lat' dir='ltr'>seu</span> <span class='ocrx_word' id='word_1_112' title='bbox 407 1734 567 1796; x_wconf 88' lang='lat' dir='ltr'>lectoribus</span> <span class='ocrx_word' id='word_1_113' title='bbox 582 1731 826 1807; x_wconf 88' lang='lat' dir='ltr'>seminariorum,</span> <span class='ocrx_word' id='word_1_114' title='bbox 841 1750 909 1812; x_wconf 86' lang='lat' dir='ltr'>quae</span> <span class='ocrx_word' id='word_1_115' title='bbox 920 1731 978 1793; x_wconf 91' lang='lat' dir='ltr'>hoc</span> <span class='ocrx_word' id='word_1_116' title='bbox 995 1733 1086 1792; x_wconf 92' lang='lat' dir='ltr'>modo</span> <span class='ocrx_word' id='word_1_117' title='bbox 1099 1745 1192 1792; x_wconf 84' lang='lat' dir='ltr'>exone·</span> 
     </span>
     <span class='ocr_line' id='line_1_17' title="bbox 243 1819 1193 1903; baseline -0.012 -16"><span class='ocrx_word' id='word_1_118' title='bbox 243 1833 347 1888; x_wconf 88' lang='lat' dir='ltr'>rantur</span> <span class='ocrx_word' id='word_1_119' title='bbox 370 1823 552 1903; x_wconf 67' lang='lat' dir='ltr'>obligatione</span> <span class='ocrx_word' id='word_1_120' title='bbox 573 1819 680 1880; x_wconf 88' lang='lat' dir='ltr'>iisdem</span> <span class='ocrx_word' id='word_1_121' title='bbox 702 1819 864 1881; x_wconf 90' lang='lat' dir='ltr'>tectoribus</span> <span class='ocrx_word' id='word_1_122' title='bbox 885 1819 1019 1882; x_wconf 83' lang='lat' dir='ltr'>solvendi</span> <span class='ocrx_word' id='word_1_123' title='bbox 1039 1819 1135 1880; x_wconf 91' lang='lat' dir='ltr'>debita</span> <span class='ocrx_word' id='word_1_124' title='bbox 1152 1834 1193 1896; x_wconf 90' lang='lat' dir='ltr'>pro</span> 
     </span>
     <span class='ocr_line' id='line_1_18' title="bbox 242 1909 1192 1989; baseline -0.011 -15"><span class='ocrx_word' id='word_1_125' title='bbox 242 1913 378 1976; x_wconf 78' lang='lat' dir='ltr'>docenda</span> <span class='ocrx_word' id='word_1_126' title='bbox 396 1913 552 1989; x_wconf 84' lang='lat' dir='ltr'>juventute</span> <span class='ocrx_word' id='word_1_127' title='bbox 571 1909 793 1984; x_wconf 86' lang='lat' dir='ltr'>enrotumenta;</span> <span class='ocrx_word' id='word_1_128' title='bbox 818 1909 964 1989; x_wconf 88' lang='lat' dir='ltr'>quaeritur</span> <span class='ocrx_word' id='word_1_129' title='bbox 986 1916 1086 1972; x_wconf 86' lang='lat' dir='ltr'>autem</span> <span class='ocrx_word' id='word_1_130' title='bbox 1108 1915 1192 1970; x_wconf 88' lang='lat' dir='ltr'>utrum</span> 
     </span>
     <span class='ocr_line' id='line_1_19' title="bbox 174 1996 684 2079; baseline -0.014 -16"><span class='ocrx_word' id='word_1_131' title='bbox 174 2047 177 2052; x_wconf 68' lang='lat'>,</span> <span class='ocrx_word' id='word_1_132' title='bbox 243 2001 314 2063; x_wconf 88' lang='lat' dir='ltr'>iilud</span> <span class='ocrx_word' id='word_1_133' title='bbox 328 2002 365 2062; x_wconf 87' lang='lat' dir='ltr'>sit</span> <span class='ocrx_word' id='word_1_134' title='bbox 376 1997 532 2079; x_wconf 81' lang='lat' dir='ltr'>Episcopis</span> <span class='ocrx_word' id='word_1_135' title='bbox 547 1996 684 2058; x_wconf 85' lang='lat' dir='ltr'>licitum?</span> 
     </span>
    </p>

    <p class='ocr_par' dir='ltr' id='par_1_6' title="bbox 242 2084 1195 2345">
     <span class='ocr_line' id='line_1_20' title="bbox 280 2084 1194 2170; baseline -0.01 -19"><span class='ocrx_word' id='word_1_136' title='bbox 280 2093 371 2170; x_wconf 83' lang='lat' dir='ltr'>Rosp.</span> <span class='ocrx_word' id='word_1_137' title='bbox 388 2087 441 2149; x_wconf 89' lang='lat' dir='ltr'>Vel</span> <span class='ocrx_word' id='word_1_138' title='bbox 456 2084 629 2163; x_wconf 86' lang='lat' dir='ltr'>hujusmodi</span> <span class='ocrx_word' id='word_1_139' title='bbox 649 2084 799 2166; x_wconf 78' lang='lat' dir='ltr'>parochiae</span> <span class='ocrx_word' id='word_1_140' title='bbox 817 2084 1047 2146; x_wconf 86' lang='lat' dir='ltr'>considerantur</span> <span class='ocrx_word' id='word_1_141' title='bbox 1069 2093 1194 2164; x_wconf 83' lang='lat' dir='ltr'>tanquam</span> 
     </span>
     <span class='ocr_line' id='line_1_21' title="bbox 242 2171 1194 2253; baseline -0.014 -12"><span class='ocrx_word' id='word_1_142' title='bbox 242 2179 335 2241; x_wconf 83' lang='lat' dir='ltr'>unttae</span> <span class='ocrx_word' id='word_1_143' title='bbox 350 2174 527 2250; x_wconf 86' lang='lat' dir='ltr'>seminariis,</span> <span class='ocrx_word' id='word_1_144' title='bbox 541 2174 586 2235; x_wconf 87' lang='lat' dir='ltr'>rei</span> <span class='ocrx_word' id='word_1_145' title='bbox 601 2192 661 2234; x_wconf 94' lang='lat' dir='ltr'>non</span> <span class='ocrx_word' id='word_1_146' title='bbox 676 2192 684 2232; x_wconf 77' lang='grc' dir='ltr'><strong><em>ε</em></strong></span> <span class='ocrx_word' id='word_1_147' title='bbox 699 2173 724 2234; x_wconf 84' lang='lat' dir='ltr'>si</span> <span class='ocrx_word' id='word_1_148' title='bbox 737 2175 835 2253; x_wconf 87' lang='lat' dir='ltr'>priirs,</span> <span class='ocrx_word' id='word_1_149' title='bbox 849 2172 1025 2253; x_wconf 84' lang='lat' dir='ltr'>hujusmodi</span> <span class='ocrx_word' id='word_1_150' title='bbox 1040 2177 1111 2236; x_wconf 91' lang='lat' dir='ltr'>unio</span> <span class='ocrx_word' id='word_1_151' title='bbox 1122 2171 1194 2234; x_wconf 81' lang='lat' dir='ltr'>vetita</span> 
     </span>
     <span class='ocr_line' id='line_1_22' title="bbox 243 2260 1195 2345; baseline -0.011 -17"><span class='ocrx_word' id='word_1_152' title='bbox 243 2274 286 2328; x_wconf 86' lang='lat' dir='ltr'>est</span> <span class='ocrx_word' id='word_1_153' title='bbox 301 2263 477 2345; x_wconf 90' lang='lat' dir='ltr'>subduplici</span> <span class='ocrx_word' id='word_1_154' title='bbox 496 2270 647 2344; x_wconf 72' lang='lat' dir='ltr'>respectus</span> <span class='ocrx_word' id='word_1_155' title='bbox 663 2265 693 2324; x_wconf 81' lang='lat'>1⁰</span> <span class='ocrx_word' id='word_1_156' title='bbox 708 2263 778 2342; x_wconf 87' lang='lat' dir='ltr'>quia</span> <span class='ocrx_word' id='word_1_157' title='bbox 792 2262 931 2325; x_wconf 85' lang='lat' dir='ltr'>nonlicet</span> <span class='ocrx_word' id='word_1_158' title='bbox 946 2265 1032 2325; x_wconf 91' lang='lat' dir='ltr'>unire</span> <span class='ocrx_word' id='word_1_159' title='bbox 1044 2260 1195 2324; x_wconf 88' lang='lat' dir='ltr'>seminariis</span> 
     </span>
    </p>
   </div>
   <div class='ocr_carea' id='block_1_5' title="bbox 242 2339 1249 2544">
    <p class='ocr_par' dir='ltr' id='par_1_7' title="bbox 242 2339 1249 2544">
     <span class='ocr_line' id='line_1_23' title="bbox 242 2339 1249 2434; baseline -0.009 -16"><span class='ocrx_word' id='word_1_160' title='bbox 242 2355 382 2418; x_wconf 88' lang='lat' dir='ltr'>ccclesias</span> <span class='ocrx_word' id='word_1_161' title='bbox 402 2351 600 2434; x_wconf 80' lang='lat' dir='ltr'>parochiales,</span> <span class='ocrx_word' id='word_1_162' title='bbox 628 2351 680 2411; x_wconf 90' lang='lat' dir='ltr'>sed</span> <span class='ocrx_word' id='word_1_163' title='bbox 701 2352 818 2411; x_wconf 81' lang='lat' dir='ltr'>tantum</span> <span class='ocrx_word' id='word_1_164' title='bbox 837 2351 950 2430; x_wconf 84' lang='lat' dir='ltr'>aliquot</span> <span class='ocrx_word' id='word_1_165' title='bbox 970 2351 1115 2414; x_wconf 79' lang='lat' dir='ltr'>beneficia</span> <span class='ocrx_word' id='word_1_166' title='bbox 1132 2350 1194 2412; x_wconf 90' lang='lat' dir='ltr'>sim·</span> <span class='ocrx_word' id='word_1_167' title='bbox 1248 2339 1249 2354; x_wconf 52' lang='lat'>¹</span> 
     </span>
     <span class='ocr_line' id='line_1_24' title="bbox 244 2440 1249 2544; baseline -0.009 -40"><span class='ocrx_word' id='word_1_168' title='bbox 244 2445 329 2525; x_wconf 89' lang='lat' dir='ltr'>plicia</span> <span class='ocrx_word' id='word_1_169' title='bbox 345 2443 470 2524; x_wconf 81' lang='lat' dir='ltr'>(Concii.</span> <span class='ocrx_word' id='word_1_170' title='bbox 495 2441 641 2511; x_wconf 73' lang='lat' dir='ltr'>Trident,</span> <span class='ocrx_word' id='word_1_171' title='bbox 664 2458 735 2500; x_wconf 87' lang='lat' dir='ltr'>sess.</span> <span class='ocrx_word' id='word_1_172' title='bbox 753 2443 802 2514; x_wconf 85' lang='grc' dir='ltr'>Ε3,</span> <span class='ocrx_word' id='word_1_173' title='bbox 818 2457 845 2501; x_wconf 88' lang='lat' dir='ltr'>c.</span> <span class='ocrx_word' id='word_1_174' title='bbox 866 2440 933 2520; x_wconf 87' lang='lat' dir='ltr'>t8);</span> <span class='ocrx_word' id='word_1_175' title='bbox 956 2443 988 2501; x_wconf 82' lang='grc' dir='ltr'>Εο</span> <span class='ocrx_word' id='word_1_176' title='bbox 1006 2441 1077 2522; x_wconf 86' lang='lat' dir='ltr'>quia</span> <span class='ocrx_word' id='word_1_177' title='bbox 1092 2445 1195 2501; x_wconf 84' lang='lat' dir='ltr'>nonest</span> <span class='ocrx_word' id='word_1_178' title='bbox 1248 2463 1249 2544; x_wconf 41' lang='lat' dir='ltr'>p</span> 
     </span>
    </p>
   </div>
   <div class='ocr_carea' id='block_1_6' title="bbox 241 2527 1198 3842">
    <p class='ocr_par' dir='ltr' id='par_1_8' title="bbox 242 2527 1194 2699">
     <span class='ocr_line' id='line_1_25' title="bbox 243 2527 1194 2612; baseline -0.007 -19"><span class='ocrx_word' id='word_1_179' title='bbox 243 2540 400 2612; x_wconf 79' lang='lat' dir='ltr'>perperna,</span> <span class='ocrx_word' id='word_1_180' title='bbox 416 2537 444 2591; x_wconf 90' lang='lat' dir='ltr'>et</span> <span class='ocrx_word' id='word_1_181' title='bbox 459 2549 494 2590; x_wconf 84' lang='lat' dir='ltr'>ex</span> <span class='ocrx_word' id='word_1_182' title='bbox 510 2529 615 2590; x_wconf 89' lang='lat' dir='ltr'>eodem</span> <span class='ocrx_word' id='word_1_183' title='bbox 630 2528 764 2590; x_wconf 81' lang='lat' dir='ltr'>Concilio</span> <span class='ocrx_word' id='word_1_184' title='bbox 784 2527 869 2609; x_wconf 83' lang='lat' dir='ltr'>(sess.</span> <span class='ocrx_word' id='word_1_185' title='bbox 887 2533 938 2604; x_wconf 83' lang='grc' dir='ltr'>Ει,</span> <span class='ocrx_word' id='word_1_186' title='bbox 961 2547 1026 2610; x_wconf 92' lang='lat' dir='ltr'>cap.</span> <span class='ocrx_word' id='word_1_187' title='bbox 1050 2529 1106 2610; x_wconf 85' lang='lat' dir='ltr'>t.)‚</span> <span class='ocrx_word' id='word_1_188' title='bbox 1123 2527 1194 2609; x_wconf 89' lang='lat' dir='ltr'>Epis-</span> 
     </span>
     <span class='ocr_line' id='line_1_26' title="bbox 242 2617 978 2699; baseline -0.001 -19"><span class='ocrx_word' id='word_1_189' title='bbox 242 2620 325 2699; x_wconf 90' lang='lat' dir='ltr'>copis</span> <span class='ocrx_word' id='word_1_190' title='bbox 339 2619 407 2679; x_wconf 75' lang='lat' dir='ltr'>lieet</span> <span class='ocrx_word' id='word_1_191' title='bbox 423 2619 540 2678; x_wconf 83' lang='lat' dir='ltr'>tantum</span> <span class='ocrx_word' id='word_1_192' title='bbox 554 2617 651 2677; x_wconf 86' lang='lat' dir='ltr'>facere</span> <span class='ocrx_word' id='word_1_193' title='bbox 666 2617 793 2678; x_wconf 89' lang='lat' dir='ltr'>uniones</span> <span class='ocrx_word' id='word_1_194' title='bbox 808 2625 978 2698; x_wconf 77' lang='lat' dir='ltr'>perpetuas,</span> 
     </span>
    </p>

    <p class='ocr_par' dir='ltr' id='par_1_9' title="bbox 241 2704 1198 3842">
     <span class='ocr_line' id='line_1_27' title="bbox 282 2704 1196 2788; baseline -0.008 -20"><span class='ocrx_word' id='word_1_195' title='bbox 282 2707 312 2768; x_wconf 89' lang='lat' dir='ltr'>Si</span> <span class='ocrx_word' id='word_1_196' title='bbox 323 2705 483 2788; x_wconf 78' lang='lat' dir='ltr'>posteritas,</span> <span class='ocrx_word' id='word_1_197' title='bbox 496 2705 679 2786; x_wconf 75' lang='lat' dir='ltr'>professores</span> <span class='ocrx_word' id='word_1_198' title='bbox 688 2704 725 2765; x_wconf 86' lang='lat' dir='ltr'>ad</span> <span class='ocrx_word' id='word_1_199' title='bbox 736 2705 788 2766; x_wconf 89' lang='lat' dir='ltr'>has</span> <span class='ocrx_word' id='word_1_200' title='bbox 802 2705 955 2785; x_wconf 81' lang='lat' dir='ltr'>parochias</span> <span class='ocrx_word' id='word_1_201' title='bbox 969 2706 1125 2782; x_wconf 87' lang='lat' dir='ltr'>nominati,</span> <span class='ocrx_word' id='word_1_202' title='bbox 1138 2711 1196 2766; x_wconf 88' lang='lat' dir='ltr'>sunt</span> 
     </span>
     <span class='ocr_line' id='line_1_28' title="bbox 243 2792 1195 2874; baseline -0.004 -18"><span class='ocrx_word' id='word_1_203' title='bbox 243 2795 303 2856; x_wconf 86' lang='lat' dir='ltr'>veri</span> <span class='ocrx_word' id='word_1_204' title='bbox 316 2794 467 2869; x_wconf 83' lang='lat' dir='ltr'>titulares3</span> <span class='ocrx_word' id='word_1_205' title='bbox 491 2793 617 2874; x_wconf 81' lang='lat' dir='ltr'>proinde</span> <span class='ocrx_word' id='word_1_206' title='bbox 635 2794 672 2854; x_wconf 90' lang='lat' dir='ltr'>ad</span> <span class='ocrx_word' id='word_1_207' title='bbox 691 2793 882 2855; x_wconf 86' lang='lat' dir='ltr'>residentiam</span> <span class='ocrx_word' id='word_1_208' title='bbox 904 2801 1044 2856; x_wconf 87' lang='lat' dir='ltr'>tenentur</span> <span class='ocrx_word' id='word_1_209' title='bbox 1061 2795 1117 2856; x_wconf 92' lang='lat' dir='ltr'>nisi</span> <span class='ocrx_word' id='word_1_210' title='bbox 1135 2792 1195 2873; x_wconf 77' lang='lat' dir='ltr'>legi·</span> 
     </span>
     <span class='ocr_line' id='line_1_29' title="bbox 244 2882 1188 2963; baseline -0.001 -20"><span class='ocrx_word' id='word_1_211' title='bbox 244 2883 314 2946; x_wconf 68' lang='lat' dir='ltr'>time</span> <span class='ocrx_word' id='word_1_212' title='bbox 331 2889 525 2957; x_wconf 60' lang='lat' dir='ltr'>caementum</span> <span class='ocrx_word' id='word_1_213' title='bbox 540 2883 666 2962; x_wconf 84' lang='lat' dir='ltr'>quaestio</span> <span class='ocrx_word' id='word_1_214' title='bbox 677 2900 748 2963; x_wconf 84' lang='lat' dir='ltr'>ergo</span> <span class='ocrx_word' id='word_1_215' title='bbox 758 2882 861 2945; x_wconf 84' lang='lat' dir='ltr'>hicest</span> <span class='ocrx_word' id='word_1_216' title='bbox 871 2883 938 2944; x_wconf 78' lang='lat' dir='ltr'>ana</span> <span class='ocrx_word' id='word_1_217' title='bbox 952 2883 1109 2946; x_wconf 79' lang='lat' dir='ltr'>residentia</span> <span class='ocrx_word' id='word_1_218' title='bbox 1120 2899 1188 2946; x_wconf 81' lang='lat' dir='ltr'>excu</span> 
     </span>
     <span class='ocr_line' id='line_1_30' title="bbox 242 2971 1183 3054; baseline -0.001 -21"><span class='ocrx_word' id='word_1_219' title='bbox 242 2980 343 3035; x_wconf 87' lang='lat' dir='ltr'>sentur</span> <span class='ocrx_word' id='word_1_220' title='bbox 358 2991 367 3034; x_wconf 81' lang='lat' dir='ltr'>r</span> <span class='ocrx_word' id='word_1_221' title='bbox 382 2973 472 3054; x_wconf 88' lang='lat' dir='ltr'>porrd</span> <span class='ocrx_word' id='word_1_222' title='bbox 490 2971 528 3032; x_wconf 90' lang='lat' dir='ltr'>ab</span> <span class='ocrx_word' id='word_1_223' title='bbox 543 2971 592 3032; x_wconf 82' lang='lat' dir='ltr'>nra</span> <span class='ocrx_word' id='word_1_224' title='bbox 613 2971 745 3032; x_wconf 89' lang='lat' dir='ltr'>excusari</span> <span class='ocrx_word' id='word_1_225' title='bbox 762 2979 887 3052; x_wconf 87' lang='lat' dir='ltr'>possunt</span> <span class='ocrx_word' id='word_1_226' title='bbox 901 2972 944 3033; x_wconf 87' lang='lat' dir='ltr'>ret</span> <span class='ocrx_word' id='word_1_227' title='bbox 960 2973 1030 3053; x_wconf 87' lang='lat' dir='ltr'>quia</span> <span class='ocrx_word' id='word_1_228' title='bbox 1046 2979 1118 3034; x_wconf 80' lang='lat' dir='ltr'>sunt</span> <span class='ocrx_word' id='word_1_229' title='bbox 1135 2987 1183 3052; x_wconf 93' lang='lat' dir='ltr'>pro</span> 
     </span>
     <span class='ocr_line' id='line_1_31' title="bbox 241 3059 1183 3142; baseline -0.001 -21"><span class='ocrx_word' id='word_1_230' title='bbox 241 3061 382 3137; x_wconf 84' lang='lat' dir='ltr'>sessores,</span> <span class='ocrx_word' id='word_1_231' title='bbox 397 3060 441 3122; x_wconf 82' lang='lat' dir='ltr'>rat</span> <span class='ocrx_word' id='word_1_232' title='bbox 456 3061 526 3142; x_wconf 88' lang='lat' dir='ltr'>quia</span> <span class='ocrx_word' id='word_1_233' title='bbox 547 3077 607 3120; x_wconf 92' lang='lat' dir='ltr'>non</span> <span class='ocrx_word' id='word_1_234' title='bbox 626 3059 710 3120; x_wconf 87' lang='lat' dir='ltr'>adest</span> <span class='ocrx_word' id='word_1_235' title='bbox 728 3061 758 3120; x_wconf 92' lang='lat' dir='ltr'>in</span> <span class='ocrx_word' id='word_1_236' title='bbox 776 3060 915 3140; x_wconf 76' lang='lat' dir='ltr'>parochia</span> <span class='ocrx_word' id='word_1_237' title='bbox 927 3060 1035 3122; x_wconf 94' lang='lat' dir='ltr'>domus</span> <span class='ocrx_word' id='word_1_238' title='bbox 1050 3061 1183 3142; x_wconf 84' lang='lat' dir='ltr'>presbytc</span> 
     </span>
     <span class='ocr_line' id='line_1_32' title="bbox 243 3148 1198 3230; baseline -0.005 -20"><span class='ocrx_word' id='word_1_239' title='bbox 243 3150 309 3212; x_wconf 87' lang='lat' dir='ltr'>ralis</span> <span class='ocrx_word' id='word_1_240' title='bbox 333 3169 341 3211; x_wconf 76' lang='grc' dir='ltr'>ι</span> <span class='ocrx_word' id='word_1_241' title='bbox 367 3149 421 3212; x_wconf 88' lang='lat' dir='ltr'>sod</span> <span class='ocrx_word' id='word_1_242' title='bbox 451 3153 482 3210; x_wconf 80' lang='lat' dir='ltr'>t·</span> <span class='ocrx_word' id='word_1_243' title='bbox 507 3148 634 3210; x_wconf 89' lang='lat' dir='ltr'>dubium</span> <span class='ocrx_word' id='word_1_244' title='bbox 664 3155 708 3210; x_wconf 87' lang='lat' dir='ltr'>est</span> <span class='ocrx_word' id='word_1_245' title='bbox 736 3148 817 3229; x_wconf 86' lang='lat' dir='ltr'>qudd</span> <span class='ocrx_word' id='word_1_246' title='bbox 843 3159 1024 3212; x_wconf 85' lang='lat' dir='ltr'>excusentur</span> <span class='ocrx_word' id='word_1_247' title='bbox 1059 3158 1198 3230; x_wconf 82' lang='lat' dir='ltr'>quatenus</span> 
     </span>
     <span class='ocr_line' id='line_1_33' title="bbox 241 3235 1197 3319; baseline -0.003 -20"><span class='ocrx_word' id='word_1_248' title='bbox 241 3238 447 3319; x_wconf 81' lang='lat' dir='ltr'>professores:</span> <span class='ocrx_word' id='word_1_249' title='bbox 470 3255 507 3300; x_wconf 87' lang='lat' dir='ltr'>ex</span> <span class='ocrx_word' id='word_1_250' title='bbox 536 3239 598 3298; x_wconf 78' lang='lat' dir='ltr'>una</span> <span class='ocrx_word' id='word_1_251' title='bbox 619 3243 702 3317; x_wconf 88' lang='lat' dir='ltr'>parte</span> <span class='ocrx_word' id='word_1_252' title='bbox 723 3238 806 3298; x_wconf 90' lang='lat' dir='ltr'>enim</span> <span class='ocrx_word' id='word_1_253' title='bbox 831 3238 979 3314; x_wconf 88' lang='lat' dir='ltr'>Ferraris,</span> <span class='ocrx_word' id='word_1_254' title='bbox 1001 3247 1032 3299; x_wconf 71' lang='grc' dir='ltr'>ιιο</span> <span class='ocrx_word' id='word_1_255' title='bbox 1056 3235 1197 3301; x_wconf 76' lang='lat' dir='ltr'>Parochus</span> 
     </span>
     <span class='ocr_line' id='line_1_34' title="bbox 241 3324 1196 3408; baseline -0.006 -20"><span class='ocrx_word' id='word_1_256' title='bbox 241 3327 308 3408; x_wconf 87' lang='lat' dir='ltr'>(art.</span> <span class='ocrx_word' id='word_1_257' title='bbox 322 3332 357 3403; x_wconf 85' lang='grc' dir='ltr'>Ε,</span> <span class='ocrx_word' id='word_1_258' title='bbox 378 3335 411 3387; x_wconf 83' lang='lat' dir='ltr'>n⁰</span> <span class='ocrx_word' id='word_1_259' title='bbox 430 3325 494 3406; x_wconf 78' lang='lat'>26),</span> <span class='ocrx_word' id='word_1_260' title='bbox 509 3324 550 3385; x_wconf 85' lang='lat' dir='ltr'>ait</span> <span class='ocrx_word' id='word_1_261' title='bbox 571 3343 578 3384; x_wconf 93' lang='lat'><strong>:</strong></span> <span class='ocrx_word' id='word_1_262' title='bbox 599 3347 614 3383; x_wconf 89' lang='grc' dir='ltr'>ιι</span> <span class='ocrx_word' id='word_1_263' title='bbox 634 3325 784 3387; x_wconf 90' lang='lat' dir='ltr'>Parochus</span> <span class='ocrx_word' id='word_1_264' title='bbox 800 3344 860 3387; x_wconf 92' lang='lat' dir='ltr'>non</span> <span class='ocrx_word' id='word_1_265' title='bbox 883 3332 979 3406; x_wconf 85' lang='lat' dir='ltr'>potest</span> <span class='ocrx_word' id='word_1_266' title='bbox 996 3326 1128 3388; x_wconf 76' lang='lat' dir='ltr'>abessca</span> <span class='ocrx_word' id='word_1_267' title='bbox 1150 3327 1196 3386; x_wconf 77' lang='lat' dir='ltr'>suat</span> 
     </span>
     <span class='ocr_line' id='line_1_35' title="bbox 242 3413 1196 3497; baseline -0.003 -23"><span class='ocrx_word' id='word_1_268' title='bbox 242 3435 258 3474; x_wconf 83' lang='grc' dir='ltr'>ι</span> <span class='ocrx_word' id='word_1_269' title='bbox 279 3415 433 3494; x_wconf 79' lang='lat' dir='ltr'>parochia,</span> <span class='ocrx_word' id='word_1_270' title='bbox 458 3413 547 3475; x_wconf 87' lang='lat' dir='ltr'>etiam</span> <span class='ocrx_word' id='word_1_271' title='bbox 563 3415 666 3476; x_wconf 79' lang='lat' dir='ltr'>relicto</span> <span class='ocrx_word' id='word_1_272' title='bbox 680 3414 712 3474; x_wconf 93' lang='lat' dir='ltr'>in</span> <span class='ocrx_word' id='word_1_273' title='bbox 729 3417 765 3476; x_wconf 76' lang='lat' dir='ltr'>ea</span> <span class='ocrx_word' id='word_1_274' title='bbox 785 3415 893 3476; x_wconf 93' lang='lat' dir='ltr'>idoneo</span> <span class='ocrx_word' id='word_1_275' title='bbox 915 3415 1026 3478; x_wconf 90' lang='lat' dir='ltr'>vicario</span> <span class='ocrx_word' id='word_1_276' title='bbox 1040 3414 1196 3497; x_wconf 87' lang='lat' dir='ltr'>approbato</span> 
     </span>
     <span class='ocr_line' id='line_1_36' title="bbox 243 3500 1194 3585; baseline 0 -23"><span class='ocrx_word' id='word_1_277' title='bbox 243 3524 257 3562; x_wconf 89' lang='grc' dir='ltr'>ι</span> <span class='ocrx_word' id='word_1_278' title='bbox 277 3521 347 3564; x_wconf 92' lang='lat' dir='ltr'>cum</span> <span class='ocrx_word' id='word_1_279' title='bbox 362 3506 496 3583; x_wconf 73' lang='lat' dir='ltr'>congrua</span> <span class='ocrx_word' id='word_1_280' title='bbox 509 3503 662 3579; x_wconf 85' lang='lat' dir='ltr'>mercede,</span> <span class='ocrx_word' id='word_1_281' title='bbox 682 3507 716 3565; x_wconf 83' lang='lat' dir='ltr'>ut</span> <span class='ocrx_word' id='word_1_282' title='bbox 728 3503 835 3564; x_wconf 89' lang='lat' dir='ltr'>doceat</span> <span class='ocrx_word' id='word_1_283' title='bbox 849 3505 879 3564; x_wconf 93' lang='lat' dir='ltr'>in</span> <span class='ocrx_word' id='word_1_284' title='bbox 894 3504 1010 3566; x_wconf 87' lang='lat' dir='ltr'>civitate</span> <span class='ocrx_word' id='word_1_285' title='bbox 1025 3500 1194 3585; x_wconf 80' lang='lat' dir='ltr'>grammati-</span> 
     </span>
     <span class='ocr_line' id='line_1_37' title="bbox 242 3591 1194 3671; baseline 0 -21"><span class='ocrx_word' id='word_1_286' title='bbox 242 3612 257 3650; x_wconf 92' lang='grc' dir='ltr'>ιι</span> <span class='ocrx_word' id='word_1_287' title='bbox 278 3609 363 3663; x_wconf 87' lang='lat' dir='ltr'>carn,</span> <span class='ocrx_word' id='word_1_288' title='bbox 386 3591 500 3652; x_wconf 87' lang='lat' dir='ltr'>etiamsi</span> <span class='ocrx_word' id='word_1_289' title='bbox 526 3609 586 3652; x_wconf 94' lang='lat' dir='ltr'>non</span> <span class='ocrx_word' id='word_1_290' title='bbox 605 3591 788 3652; x_wconf 88' lang='lat' dir='ltr'>inveniretur</span> <span class='ocrx_word' id='word_1_291' title='bbox 801 3592 877 3654; x_wconf 88' lang='lat' dir='ltr'>atius</span> <span class='ocrx_word' id='word_1_292' title='bbox 898 3592 1025 3654; x_wconf 89' lang='lat' dir='ltr'>idoneus</span> <span class='ocrx_word' id='word_1_293' title='bbox 1039 3591 1075 3654; x_wconf 90' lang='lat' dir='ltr'>ad</span> <span class='ocrx_word' id='word_1_294' title='bbox 1098 3591 1194 3671; x_wconf 82' lang='lat' dir='ltr'>legen-</span> 
     </span>
     <span class='ocr_line' id='line_1_38' title="bbox 241 3679 1192 3758; baseline -0.001 -19"><span class='ocrx_word' id='word_1_295' title='bbox 241 3700 257 3739; x_wconf 83' lang='grc' dir='ltr'>ι</span> <span class='ocrx_word' id='word_1_296' title='bbox 277 3679 350 3741; x_wconf 95' lang='lat' dir='ltr'>dum</span> <span class='ocrx_word' id='word_1_297' title='bbox 365 3684 394 3740; x_wconf 87' lang='lat' dir='ltr'>et</span> <span class='ocrx_word' id='word_1_298' title='bbox 407 3682 470 3758; x_wconf 91' lang='lat' dir='ltr'>ipse</span> <span class='ocrx_word' id='word_1_299' title='bbox 480 3679 606 3758; x_wconf 86' lang='lat' dir='ltr'>singuiis</span> <span class='ocrx_word' id='word_1_300' title='bbox 616 3679 722 3740; x_wconf 87' lang='lat' dir='ltr'>diebus</span> <span class='ocrx_word' id='word_1_301' title='bbox 738 3679 774 3739; x_wconf 90' lang='lat' dir='ltr'>ad</span> <span class='ocrx_word' id='word_1_302' title='bbox 788 3698 874 3741; x_wconf 89' lang='lat' dir='ltr'>suam</span> <span class='ocrx_word' id='word_1_303' title='bbox 886 3681 1043 3742; x_wconf 87' lang='lat' dir='ltr'>ecclesiam</span> <span class='ocrx_word' id='word_1_304' title='bbox 1057 3679 1192 3742; x_wconf 86' lang='lat' dir='ltr'>accedere</span> 
     </span>
     <span class='ocr_line' id='line_1_39' title="bbox 241 3766 1191 3842; baseline 0 -19"><span class='ocrx_word' id='word_1_305' title='bbox 241 3788 256 3823; x_wconf 83' lang='grc' dir='ltr'>ιι</span> <span class='ocrx_word' id='word_1_306' title='bbox 275 3767 362 3826; x_wconf 69' lang='lat' dir='ltr'>tonet</span> <span class='ocrx_word' id='word_1_307' title='bbox 372 3766 416 3827; x_wconf 83' lang='lat' dir='ltr'>(S.</span> <span class='ocrx_word' id='word_1_308' title='bbox 424 3767 631 3842; x_wconf 67' lang='lat' dir='ltr'>Conanconc.</span> <span class='ocrx_word' id='word_1_309' title='bbox 643 3767 766 3828; x_wconf 83' lang='lat' dir='ltr'>testibus</span> <span class='ocrx_word' id='word_1_310' title='bbox 774 3770 927 3842; x_wconf 84' lang='lat' dir='ltr'>Gonzaiez,</span> <span class='ocrx_word' id='word_1_311' title='bbox 941 3767 1191 3834; x_wconf 82' lang='lat' dir='ltr'>Barbosa...etc.i.</span> 
     </span>
    </p>
   </div>
   <div class='ocr_carea' id='block_1_7' title="bbox 0 0 1291 4224">
    <p class='ocr_par' dir='ltr' id='par_1_10' title="bbox 0 0 1291 4224">
     <span class='ocr_line' id='line_1_40' title="bbox 0 0 1291 4224; baseline 0 0"><span class='ocrx_word' id='word_1_312' title='bbox 0 0 1291 4224; x_wconf 95' lang='lat' dir='ltr'> </span> 
     </span>
    </p>
   </div>
  </div>
 </body>
</html>
