2526 4210
460 199 546 242 circe
567 199 685 244 rursus.
1000 190 1058 246 273

80 300 112 353 et
125 293 257 373 singulus
271 294 421 369 dioecesem
438 293 496 356 huc
512 301 612 354 autem
635 312 696 354 nun
718 293 860 371 admisso,
875 294 939 356 haec
953 295 1054 356 absur-

79 381 160 443 ditas
182 392 372 463 sequeretur,
398 383 472 444 alios
496 399 605 461 nempe
628 381 793 462 Episcopus
817 383 1057 462 jurisdictionum

78 468 195 532 habere
214 471 230 531 a
245 470 341 552 Papa,
363 479 393 533 et
408 471 482 533 alius
497 473 515 532 a
536 469 653 532 Christo
668 490 675 530 :
698 471 769 532 cum
783 477 884 532 tamen
898 472 1055 534 adversarii
1125 546 1130 554 Ι

78 564 217 620 asserant
238 577 345 621 omnes
363 560 530 642 Episcopus
552 560 569 619 ὲ
587 557 701 621 Christo
726 559 898 620 immediate
921 560 1058 641 accipere

78 644 331 723 jurisdictionem.

121 733 252 814 Objiuies
266 740 298 798 -t⁰
311 737 409 800 Verba
430 739 462 800 S.
480 736 564 800 Pauli
583 735 662 818 (Act.
683 736 800 818 Apust„
823 755 850 798 c.
867 741 922 812 20,
940 759 966 800 v.
983 743 1055 823 28):

84 843 101 882 u
123 823 275 888 Attendite
298 826 382 888 vobis
403 834 431 888 et
458 825 599 889 universo
621 828 705 907 gregi
729 827 760 888 in
782 844 843 906 quo
863 845 916 888 vos
931 829 1058 908 Spiritus

85 932 102 970 a
122 911 250 976 Sanctus
261 916 361 996 posuit
374 915 539 997 Episcopus
552 933 658 996 regere
670 913 834 977 Ecclesiam
847 915 910 977 Dei.
926 937 942 974 u
960 919 1054 997 Ergo,

81 1017 145 1062 non
160 1003 177 1062 a
192 1001 514 1089 Papa,seddDeuseu
525 1005 556 1065 S.
568 1003 698 1084 Spiritu,
717 1000 857 1084 Episcopi
879 1011 1057 1086 potestatem

81 1089 245 1171 accipiunt.
407 1155 409 1158 .

122 1180 214 1260 Resp.
238 1180 403 1263 Episcopus
422 1181 531 1264 positos
553 1201 609 1243 esse
630 1180 747 1263 quidem
765 1181 784 1243 d
804 1181 928 1262 Spiritu
946 1182 1055 1245 Sancto

83 1286 184 1349 repere
208 1267 374 1331 Ecclesium
394 1270 467 1346 Dei,
488 1269 539 1332 sed
564 1270 713 1332 mediante
736 1270 766 1331 S.
792 1269 946 1333 Pontifice.
971 1273 1055 1335 Sicut

82 1357 166 1418 enim
180 1357 314 1420 Ecclesia
326 1358 485 1421 condendo
497 1376 628 1422 canones
642 1358 674 1420 in
689 1357 828 1420 conciliis
842 1359 932 1420 dicit:
954 1361 1054 1422 Visum

83 1453 124 1507 eat
136 1446 273 1528 Spiritui
290 1445 397 1510 Sancto
419 1457 447 1510 et
467 1447 562 1525 nobis,
581 1453 611 1510 et
630 1452 732 1510 lamen
755 1465 887 1509 canones
904 1467 965 1510 non
986 1450 1055 1512 ided

82 1541 230 1598 vucarrtur
238 1537 287 1614 jus
301 1533 474 1599 immediate
487 1536 638 1612 divinum,
654 1536 694 1596 ita
705 1536 845 1616 Episcopi
860 1535 934 1597 dum
947 1539 964 1598 a
976 1538 1053 1618 Papa

82 1623 238 1704 recipiunt
251 1625 507 1704 iurisdictionem,
522 1629 684 1686 censentur
706 1622 829 1704 quidem
849 1623 966 1702 positia
981 1627 1052 1706 Spi-

81 1711 145 1774 ritu
158 1713 270 1776 Sanctc
288 1713 325 1776 ad
340 1713 486 1795 regendas
506 1731 575 1774 suas
593 1711 752 1786 dioeceses,
770 1711 823 1772 sed
838 1730 900 1772 non
914 1712 982 1774 ided
996 1714 1051 1774 im-

81 1799 215 1862 mediate
229 1803 249 1863 'd
263 1803 375 1883 Spiritu
391 1804 501 1864 Sancto
514 1800 663 1882 recipiunt
674 1799 925 1880 jurisdictionem.

123 1888 254 1968 Objicies
273 1895 306 1954 2⁰
319 1891 458 1974 Episcopi
474 1909 536 1952 nun
554 1895 625 1951 sunt
637 1888 745 1950 Viuarii
762 1888 868 1968 Papae3
884 1889 966 1970 atqui
981 1891 1053 1954 tales

81 1985 185 2040 essent
198 1979 223 2040 si
237 1978 255 2041 d
269 1981 348 2060 Papa
364 1981 531 2060 reciperent
542 1977 792 2059 jurisdictionem.
808 1978 899 2059 Ergo,
916 1986 972 2042 etc.

122 2067 215 2148 Resp.
232 2069 268 2130 D.
284 2067 380 2130 Bouix
404 2067 502 2149 (idid,
523 2088 552 2147 p.
568 2069 635 2146 77):
657 2068 807 2128 «Stare...
826 2067 915 2129 simul
929 2077 1053 2148 possunt

86 2177 101 2214 ι
122 2155 190 2218 haec
202 2156 263 2219 duo
277 2177 284 2219 :
300 2157 382 2240 quud
396 2157 530 2220 Christus
540 2155 666 2218 voluerit
678 2162 710 2216 ut
724 2157 742 2216 a
755 2155 834 2234 Papa
847 2156 957 2234 singuli
970 2157 1052 2236 Epis-

86 2243 193 2326 ocupi
220 2263 305 2309 suam
328 2245 567 2325 jurisdictionem
592 2244 779 2324 acciperent,
807 2249 837 2304 et
859 2243 940 2324 quud
963 2249 1051 2305 etiam

86 2356 101 2393 o
121 2333 251 2396 voluerit
263 2334 413 2398 ordinarie
430 2332 573 2396 constitui
590 2335 606 2394 a
625 2331 705 2413 Papa
718 2331 893 2413 Episcopus,
910 2350 971 2392 non
984 2340 1052 2392 tnn-

86 2445 101 2480 c
123 2441 218 2504 quam
230 2423 364 2486 Vicarius
377 2424 414 2485 ad
433 2429 541 2486 nutum
555 2420 746 2494 revocabiles,
762 2420 814 2482 sed
829 2427 971 2500 tanquam
986 2439 1050 2499 pas-

85 2535 102 2572 α
122 2518 205 2575 tures
226 2531 260 2574 ac
274 2513 423 2594 principes
437 2513 519 2594 ,wqui
532 2510 653 2592 propriu
670 2509 794 2570 nomine
809 2510 983 2570 commissas
997 2509 1050 2570 silii

86 2600 275 2664 «Ecclesias
301 2607 458 2683 regerent,
482 2617 539 2661 neu
567 2598 710 2660 deberent
736 2595 797 2658 nisi
812 2614 851 2660 cu
860 2595 946 2677 jurtd
968 2601 1050 2659 euasit

86 2715 102 2751 (ι
122 2691 291 2767 removeri3
308 2691 462 2763 laudun,
479 2690 619 2770 inquam,
639 2687 811 2748 nullatenus
827 2684 905 2748 inter
918 2704 949 2746 se
967 2705 1050 2767 repu-

86 2805 101 2840 n
123 2785 236 2861 gnant,
252 2799 287 2843 au
301 2778 426 2860 proinde
440 2777 537 2839 inanis
551 2785 595 2839 est
607 2776 746 2856 objectio.
762 2796 778 2833 a

122 2873 195 2933 tua.
219 2871 340 2943 Ouaerit.
359 2872 392 2932 5⁰
411 2871 458 2930 An
475 2867 615 2948 Episcopi
632 2864 870 2945 iurisdictionem
891 2863 1049 2926 immedia-

83 2967 164 3036 tam,
181 2960 228 3022 vel
243 2961 341 3021 sullam
356 2957 514 3020 mediatam
524 2956 653 3018 habeant
666 2955 697 3015 in
712 2972 784 3020 suus
795 2953 1003 3015 dioecesanus?

122 3049 216 3127 Resp.
234 3053 256 3109 Α
272 3047 469 3129 quibusdam,
485 3064 555 3108 cum
569 3052 691 3106 auctore
705 3042 772 3102 libri
782 3041 830 3103 cui
844 3042 960 3103 titulus:
976 3042 1048 3100 Pou-

82 3139 165 3202 uor‘rs
185 3138 328 3220 legitimus
344 3137 385 3198 dn
407 3135 536 3218 premier
558 3142 584 3195 et
606 3131 647 3192 du
667 3129 772 3192 secund
791 3129 896 3204 ordre,
911 3131 1049 3190 contendi

82 3229 251 3310 Episcopus
275 3246 336 3290 nun
361 3244 426 3288 esse
451 3223 637 3286 immediatos
663 3225 796 3300 pastores
822 3217 955 3278 fidelium
981 3217 1049 3296 ipsis

81 3319 337 3390 commissorum,
361 3315 413 3377 sed
437 3311 574 3395 parochis
595 3307 785 3372 solummodo
803 3307 963 3387 pertinere,
984 3307 1050 3383 juro

81 3407 198 3484 divino,
213 3406 333 3468 illorum
349 3421 454 3468 curam
470 3399 693 3468 immediatam,
710 3397 749 3456 ita
763 3400 799 3458 ut
810 3394 963 3476 Episcopis
979 3393 1050 3454 nihii

80 3497 166 3561 aliud
185 3495 249 3558 fere
270 3499 423 3556 remaneat
442 3492 535 3573 quim
555 3487 708 3568 invigilare
727 3489 761 3546 ut
780 3483 949 3545 sacerdotes
962 3502 1050 3544 suum

80 3605 198 3654 munus
222 3583 379 3665 expleant,
405 3586 434 3642 et
457 3574 634 3641 eurumdem
659 3571 872 3654 negligentiam
899 3572 1047 3654 supplere.

79 3679 146 3739 lluc
158 3680 262 3738 autem
277 3676 322 3732 est
333 3687 426 3742 error,
440 3662 662 3729 etumtrarium
677 3667 722 3724 est
734 3661 859 3722 omnind
873 3661 1049 3724 tenendum.
