<?xml version="1.0" encoding="UTF-8"?>
<!DOCTYPE html PUBLIC "-//W3C//DTD XHTML 1.0 Transitional//EN"
    "http://www.w3.org/TR/xhtml1/DTD/xhtml1-transitional.dtd">
<html xmlns="http://www.w3.org/1999/xhtml" xml:lang="en" lang="en">
 <head>
  <title>
</title>
<meta http-equiv="Content-Type" content="text/html;charset=utf-8" />
  <meta name='ocr-system' content='tesseract 3.04.00' />
  <meta name='ocr-capabilities' content='ocr_page ocr_carea ocr_par ocr_line ocrx_word'/>
</head>
<body>
  <div class='ocr_page' id='page_1' title='image "./elementajurisca01craigoog_0497.png"; bbox 0 0 2590 4214; ppageno 0'>
   <div class='ocr_carea' id='block_1_1' title="bbox 169 257 869 332">
    <p class='ocr_par' dir='ltr' id='par_1_1' title="bbox 169 257 869 332">
     <span class='ocr_line' id='line_1_1' title="bbox 169 257 869 332; baseline -0.046 0"><span class='ocrx_word' id='word_1_1' title='bbox 169 268 225 332; x_wconf 80' lang='lat' dir='ltr'>tro</span> <span class='ocrx_word' id='word_1_2' title='bbox 438 269 594 318; x_wconf 79' lang='lat' dir='ltr'>stannum</span> <span class='ocrx_word' id='word_1_3' title='bbox 614 263 697 314; x_wconf 78' lang='lat' dir='ltr'>sums</span> <span class='ocrx_word' id='word_1_4' title='bbox 719 257 869 307; x_wconf 75' lang='lat' dir='ltr'>sasamon</span> 
     </span>
    </p>
   </div>
   <div class='ocr_carea' id='block_1_2' title="bbox 205 367 1163 469">
    <p class='ocr_par' dir='ltr' id='par_1_2' title="bbox 205 367 1163 469">
     <span class='ocr_line' id='line_1_2' title="bbox 205 367 1163 469; baseline -0.03 -9"><span class='ocrx_word' id='word_1_5' title='bbox 205 397 276 462; x_wconf 85' lang='grc'><strong>630.</strong></span> <span class='ocrx_word' id='word_1_6' title='bbox 300 392 425 469; x_wconf 89' lang='lat' dir='ltr'>Quaerit.</span> <span class='ocrx_word' id='word_1_7' title='bbox 440 389 471 451; x_wconf 68' lang='lat'>2⁰</span> <span class='ocrx_word' id='word_1_8' title='bbox 487 389 568 461; x_wconf 81' lang='lat' dir='ltr'>Quas</span> <span class='ocrx_word' id='word_1_9' title='bbox 584 401 694 465; x_wconf 87' lang='lat' dir='ltr'>paenas</span> <span class='ocrx_word' id='word_1_10' title='bbox 708 379 872 440; x_wconf 82' lang='lat' dir='ltr'><strong>incurrant</strong></span> <span class='ocrx_word' id='word_1_11' title='bbox 885 371 949 432; x_wconf 76' lang='lat' dir='ltr'>tdm</span> <span class='ocrx_word' id='word_1_12' title='bbox 965 367 1163 433; x_wconf 72' lang='lat' dir='ltr'>ordinantes</span> 
     </span>
    </p>
   </div>
   <div class='ocr_carea' id='block_1_3' title="bbox 168 465 1163 656">
    <p class='ocr_par' dir='ltr' id='par_1_3' title="bbox 168 465 1163 656">
     <span class='ocr_line' id='line_1_3' title="bbox 168 465 807 574; baseline -0.042 -22"><span class='ocrx_word' id='word_1_13' title='bbox 168 492 262 574; x_wconf 81' lang='lat' dir='ltr'>qutm</span> <span class='ocrx_word' id='word_1_14' title='bbox 274 481 412 546; x_wconf 88' lang='lat' dir='ltr'>ordinati</span> <span class='ocrx_word' id='word_1_15' title='bbox 427 477 548 558; x_wconf 88' lang='lat' dir='ltr'>absque</span> <span class='ocrx_word' id='word_1_16' title='bbox 561 490 636 535; x_wconf 83' lang='lat' dir='ltr'>vero</span> <span class='ocrx_word' id='word_1_17' title='bbox 650 468 741 531; x_wconf 87' lang='lat' dir='ltr'>titulo</span> <span class='ocrx_word' id='word_1_18' title='bbox 757 465 772 528; x_wconf 84' lang='lat' dir='ltr'>‘l</span> <span class='ocrx_word' id='word_1_19' title='bbox 803 515 807 525; x_wconf 92' lang='lat'><em>.</em></span> 
     </span>
     <span class='ocr_line' id='line_1_4' title="bbox 206 547 1163 656; baseline -0.038 -16"><span class='ocrx_word' id='word_1_20' title='bbox 206 579 298 656; x_wconf 82' lang='lat' dir='ltr'>llesp.</span> <span class='ocrx_word' id='word_1_21' title='bbox 312 573 343 634; x_wconf 87' lang='lat' dir='ltr'>l⁰</span> <span class='ocrx_word' id='word_1_22' title='bbox 353 555 756 634; x_wconf 84' lang='lat' dir='ltr'>ScienterOrdinantes,vcl</span> <span class='ocrx_word' id='word_1_23' title='bbox 773 549 967 616; x_wconf 86' lang='lat' dir='ltr'>dimissorias</span> <span class='ocrx_word' id='word_1_24' title='bbox 976 547 1163 610; x_wconf 89' lang='lat' dir='ltr'>conceden-</span> 
     </span>
    </p>
   </div>
   <div class='ocr_carea' id='block_1_4' title="bbox 170 636 1165 1180">
    <p class='ocr_par' dir='ltr' id='par_1_4' title="bbox 170 636 1165 1180">
     <span class='ocr_line' id='line_1_5' title="bbox 172 636 1161 734; baseline -0.035 -2"><span class='ocrx_word' id='word_1_25' title='bbox 172 675 214 734; x_wconf 86' lang='lat' dir='ltr'>tas</span> <span class='ocrx_word' id='word_1_26' title='bbox 229 663 297 728; x_wconf 74' lang='lat' dir='ltr'>sind</span> <span class='ocrx_word' id='word_1_27' title='bbox 310 660 404 724; x_wconf 93' lang='lat' dir='ltr'>titulo</span> <span class='ocrx_word' id='word_1_28' title='bbox 416 662 507 728; x_wconf 83' lang='lat' dir='ltr'>carta,</span> <span class='ocrx_word' id='word_1_29' title='bbox 520 645 946 734; x_wconf 80' lang='lat' dir='ltr'>ipsorumqueSuccessores,</span> <span class='ocrx_word' id='word_1_30' title='bbox 960 637 1055 699; x_wconf 88' lang='lat' dir='ltr'>etiam</span> <span class='ocrx_word' id='word_1_31' title='bbox 1063 636 1161 717; x_wconf 86' lang='lat' dir='ltr'>Capi-</span> 
     </span>
     <span class='ocr_line' id='line_1_6' title="bbox 170 726 1161 832; baseline -0.035 -10"><span class='ocrx_word' id='word_1_32' title='bbox 170 757 283 832; x_wconf 91' lang='lat' dir='ltr'>tulum,</span> <span class='ocrx_word' id='word_1_33' title='bbox 295 751 375 814; x_wconf 86' lang='lat' dir='ltr'>Sede</span> <span class='ocrx_word' id='word_1_34' title='bbox 386 753 529 819; x_wconf 80' lang='lat' dir='ltr'>vacante,</span> <span class='ocrx_word' id='word_1_35' title='bbox 544 743 588 804; x_wconf 90' lang='lat' dir='ltr'>sia</span> <span class='ocrx_word' id='word_1_36' title='bbox 599 735 753 802; x_wconf 87' lang='lat' dir='ltr'>ordinatis</span> <span class='ocrx_word' id='word_1_37' title='bbox 763 732 927 814; x_wconf 85' lang='lat' dir='ltr'>providere</span> <span class='ocrx_word' id='word_1_38' title='bbox 938 735 1090 788; x_wconf 89' lang='lat' dir='ltr'>tenentur</span> <span class='ocrx_word' id='word_1_39' title='bbox 1101 726 1161 788; x_wconf 93' lang='lat' dir='ltr'>do-</span> 
     </span>
     <span class='ocr_line' id='line_1_7' title="bbox 171 815 1162 909; baseline -0.039 0"><span class='ocrx_word' id='word_1_40' title='bbox 171 815 1162 909; x_wconf 74' lang='lat' dir='ltr'>necobtineantbeneliciaecclesiasticasufficientia.Gaptlam</span> 
     </span>
     <span class='ocr_line' id='line_1_8' title="bbox 171 905 1160 1004; baseline -0.035 -5"><span class='ocrx_word' id='word_1_41' title='bbox 171 933 347 1004; x_wconf 83' lang='lat' dir='ltr'>secuudum,</span> <span class='ocrx_word' id='word_1_42' title='bbox 361 927 409 1000; x_wconf 89' lang='grc'>10,</span> <span class='ocrx_word' id='word_1_43' title='bbox 424 927 465 988; x_wconf 83' lang='lat' dir='ltr'>Dc</span> <span class='ocrx_word' id='word_1_44' title='bbox 479 921 576 984; x_wconf 83' lang='lat' dir='ltr'>Prab.</span> <span class='ocrx_word' id='word_1_45' title='bbox 588 941 595 994; x_wconf 83' lang='lat'>3</span> <span class='ocrx_word' id='word_1_46' title='bbox 609 935 676 996; x_wconf 91' lang='lat' dir='ltr'>cap.</span> <span class='ocrx_word' id='word_1_47' title='bbox 688 911 869 990; x_wconf 77' lang='lat' dir='ltr'>decipimus,</span> <span class='ocrx_word' id='word_1_48' title='bbox 882 908 925 968; x_wconf 88' lang='lat' dir='ltr'>Da</span> <span class='ocrx_word' id='word_1_49' title='bbox 935 911 1017 982; x_wconf 71' lang='lat' dir='ltr'>aaut,</span> <span class='ocrx_word' id='word_1_50' title='bbox 1032 909 1063 966; x_wconf 87' lang='lat' dir='ltr'>at</span> <span class='ocrx_word' id='word_1_51' title='bbox 1075 905 1160 983; x_wconf 82' lang='lat' dir='ltr'>qual.</span> 
     </span>
     <span class='ocr_line' id='line_1_9' title="bbox 171 993 1164 1100; baseline -0.035 -12"><span class='ocrx_word' id='word_1_52' title='bbox 171 1025 269 1088; x_wconf 83' lang='lat' dir='ltr'>ordia.</span> <span class='ocrx_word' id='word_1_53' title='bbox 281 1016 526 1100; x_wconf 72' lang='lat' dir='ltr'>suspensionem</span> <span class='ocrx_word' id='word_1_54' title='bbox 538 1027 610 1071; x_wconf 86' lang='lat' dir='ltr'>vero</span> <span class='ocrx_word' id='word_1_55' title='bbox 620 1025 674 1088; x_wconf 92' lang='lat' dir='ltr'>per</span> <span class='ocrx_word' id='word_1_56' title='bbox 682 1001 856 1063; x_wconf 88' lang='lat' dir='ltr'>triennium</span> <span class='ocrx_word' id='word_1_57' title='bbox 867 994 1066 1059; x_wconf 88' lang='lat' dir='ltr'>acollatione</span> <span class='ocrx_word' id='word_1_58' title='bbox 1077 993 1164 1056; x_wconf 90' lang='lat' dir='ltr'>ordi-</span> 
     </span>
     <span class='ocr_line' id='line_1_10' title="bbox 173 1083 1165 1180; baseline -0.028 -4"><span class='ocrx_word' id='word_1_59' title='bbox 173 1113 482 1180; x_wconf 85' lang='lat' dir='ltr'>numinrurrunt,ex</span> <span class='ocrx_word' id='word_1_60' title='bbox 491 1101 595 1162; x_wconf 88' lang='lat' dir='ltr'>Gonst.</span> <span class='ocrx_word' id='word_1_61' title='bbox 605 1091 809 1176; x_wconf 77' lang='lat' dir='ltr'>Apasaseats,</span> <span class='ocrx_word' id='word_1_62' title='bbox 822 1088 960 1168; x_wconf 85' lang='lat' dir='ltr'>aliquem</span> <span class='ocrx_word' id='word_1_63' title='bbox 972 1083 1165 1148; x_wconf 87' lang='lat' dir='ltr'>ordinantes</span> 
     </span>
    </p>
   </div>
   <div class='ocr_carea' id='block_1_5' title="bbox 170 1173 1166 1364">
    <p class='ocr_par' dir='ltr' id='par_1_5' title="bbox 170 1173 1166 1364">
     <span class='ocr_line' id='line_1_11' title="bbox 170 1173 1166 1281; baseline -0.031 -16"><span class='ocrx_word' id='word_1_64' title='bbox 170 1203 290 1281; x_wconf 80' lang='lat' dir='ltr'>absque</span> <span class='ocrx_word' id='word_1_65' title='bbox 305 1196 397 1258; x_wconf 91' lang='lat' dir='ltr'>titulo</span> <span class='ocrx_word' id='word_1_66' title='bbox 413 1189 558 1254; x_wconf 87' lang='lat' dir='ltr'>beneficii</span> <span class='ocrx_word' id='word_1_67' title='bbox 570 1187 618 1249; x_wconf 84' lang='lat' dir='ltr'>vel</span> <span class='ocrx_word' id='word_1_68' title='bbox 628 1180 822 1266; x_wconf 82' lang='lat' dir='ltr'>patrimonii,</span> <span class='ocrx_word' id='word_1_69' title='bbox 835 1181 1011 1255; x_wconf 89' lang='lat' dir='ltr'>cumpacto</span> <span class='ocrx_word' id='word_1_70' title='bbox 1026 1183 1061 1234; x_wconf 90' lang='lat' dir='ltr'>ut</span> <span class='ocrx_word' id='word_1_71' title='bbox 1075 1173 1166 1236; x_wconf 93' lang='lat' dir='ltr'>ordi-</span> 
     </span>
     <span class='ocr_line' id='line_1_12' title="bbox 174 1266 1165 1364; baseline -0.029 -11"><span class='ocrx_word' id='word_1_72' title='bbox 174 1299 335 1352; x_wconf 90' lang='lat' dir='ltr'>natusnon</span> <span class='ocrx_word' id='word_1_73' title='bbox 351 1289 435 1364; x_wconf 92' lang='lat' dir='ltr'>petat</span> <span class='ocrx_word' id='word_1_74' title='bbox 445 1269 790 1356; x_wconf 80' lang='lat' dir='ltr'>abipsisalimenta.lld</span> <span class='ocrx_word' id='word_1_75' title='bbox 799 1266 880 1329; x_wconf 87' lang='lat' dir='ltr'>nihil</span> <span class='ocrx_word' id='word_1_76' title='bbox 895 1269 1165 1325; x_wconf 85' lang='lat' dir='ltr'>autemtenentur</span> 
     </span>
    </p>
   </div>
   <div class='ocr_carea' id='block_1_6' title="bbox 174 1353 1166 1539">
    <p class='ocr_par' dir='ltr' id='par_1_6' title="bbox 174 1353 1166 1539">
     <span class='ocr_line' id='line_1_13' title="bbox 174 1353 1166 1442; baseline -0.028 -2"><span class='ocrx_word' id='word_1_77' title='bbox 174 1377 374 1440; x_wconf 80' lang='lat' dir='ltr'>Ordinantes:</span> <span class='ocrx_word' id='word_1_78' title='bbox 385 1367 561 1431; x_wconf 80' lang='lat' dir='ltr'>l⁰sidebila</span> <span class='ocrx_word' id='word_1_79' title='bbox 577 1353 1166 1442; x_wconf 82' lang='lat' dir='ltr'>ndiligentiamadhibuerintutverus</span> 
     </span>
     <span class='ocr_line' id='line_1_14' title="bbox 177 1441 1163 1539; baseline -0.027 -9"><span class='ocrx_word' id='word_1_80' title='bbox 177 1473 251 1530; x_wconf 69' lang='lat' dir='ltr'>esset</span> <span class='ocrx_word' id='word_1_81' title='bbox 266 1465 433 1539; x_wconf 70' lang='lat' dir='ltr'>titulus320</span> <span class='ocrx_word' id='word_1_82' title='bbox 447 1459 472 1521; x_wconf 88' lang='lat' dir='ltr'>si</span> <span class='ocrx_word' id='word_1_83' title='bbox 487 1456 619 1518; x_wconf 89' lang='lat' dir='ltr'>clericus</span> <span class='ocrx_word' id='word_1_84' title='bbox 635 1452 734 1535; x_wconf 86' lang='lat' dir='ltr'>possit</span> <span class='ocrx_word' id='word_1_85' title='bbox 750 1447 878 1511; x_wconf 76' lang='lat' dir='ltr'>aliunde</span> <span class='ocrx_word' id='word_1_86' title='bbox 893 1445 997 1508; x_wconf 87' lang='lat' dir='ltr'>vivere</span> <span class='ocrx_word' id='word_1_87' title='bbox 1010 1441 1110 1504; x_wconf 89' lang='lat' dir='ltr'>etiam</span> <span class='ocrx_word' id='word_1_88' title='bbox 1125 1459 1163 1503; x_wconf 81' lang='lat' dir='ltr'>er</span> 
     </span>
    </p>
   </div>
   <div class='ocr_carea' id='block_1_7' title="bbox 188 1535 1156 1714">
    <p class='ocr_par' dir='ltr' id='par_1_7' title="bbox 188 1535 1156 1714">
     <span class='ocr_line' id='line_1_15' title="bbox 188 1535 1034 1627; baseline -0.028 -9"><span class='ocrx_word' id='word_1_89' title='bbox 188 1554 306 1618; x_wconf 86' lang='lat' dir='ltr'>onestis</span> <span class='ocrx_word' id='word_1_90' title='bbox 322 1549 495 1627; x_wconf 76' lang='lat' dir='ltr'>laboribus,</span> <span class='ocrx_word' id='word_1_91' title='bbox 521 1545 571 1609; x_wconf 86' lang='lat' dir='ltr'>vel</span> <span class='ocrx_word' id='word_1_92' title='bbox 585 1544 611 1606; x_wconf 92' lang='lat' dir='ltr'>si</span> <span class='ocrx_word' id='word_1_93' title='bbox 622 1544 737 1606; x_wconf 86' lang='lat' dir='ltr'>babeat</span> <span class='ocrx_word' id='word_1_94' title='bbox 753 1547 875 1622; x_wconf 87' lang='lat' dir='ltr'>patrem</span> <span class='ocrx_word' id='word_1_95' title='bbox 890 1535 1034 1597; x_wconf 84' lang='lat' dir='ltr'>divitem.</span> 
     </span>
     <span class='ocr_line' id='line_1_16' title="bbox 222 1616 1156 1714; baseline -0.019 -18"><span class='ocrx_word' id='word_1_96' title='bbox 222 1639 313 1714; x_wconf 88' lang='lat' dir='ltr'>Resp.</span> <span class='ocrx_word' id='word_1_97' title='bbox 331 1639 361 1695; x_wconf 71' lang='lat'>2⁰</span> <span class='ocrx_word' id='word_1_98' title='bbox 377 1634 469 1694; x_wconf 83' lang='lat' dir='ltr'>Poena</span> <span class='ocrx_word' id='word_1_99' title='bbox 483 1627 689 1707; x_wconf 79' lang='lat' dir='ltr'>suspensionis</span> <span class='ocrx_word' id='word_1_100' title='bbox 701 1625 849 1686; x_wconf 84' lang='lat' dir='ltr'>feriuntur</span> <span class='ocrx_word' id='word_1_101' title='bbox 860 1617 962 1683; x_wconf 89' lang='lat' dir='ltr'>clerici</span> <span class='ocrx_word' id='word_1_102' title='bbox 985 1616 1053 1698; x_wconf 77' lang='lat' dir='ltr'>sind</span> <span class='ocrx_word' id='word_1_103' title='bbox 1067 1617 1156 1681; x_wconf 88' lang='lat' dir='ltr'>titulo</span> 
     </span>
    </p>
   </div>
   <div class='ocr_carea' id='block_1_8' title="bbox 183 1707 1166 2868">
    <p class='ocr_par' dir='ltr' id='par_1_8' title="bbox 183 1707 1157 1892">
     <span class='ocr_line' id='line_1_17' title="bbox 183 1707 1157 1799; baseline -0.02 -14"><span class='ocrx_word' id='word_1_104' title='bbox 183 1742 254 1786; x_wconf 88' lang='lat' dir='ltr'>vero</span> <span class='ocrx_word' id='word_1_105' title='bbox 270 1722 409 1796; x_wconf 91' lang='lat' dir='ltr'>ordinati,</span> <span class='ocrx_word' id='word_1_106' title='bbox 423 1723 507 1799; x_wconf 80' lang='lat' dir='ltr'>juxta</span> <span class='ocrx_word' id='word_1_107' title='bbox 522 1719 627 1778; x_wconf 90' lang='lat' dir='ltr'>saltem</span> <span class='ocrx_word' id='word_1_108' title='bbox 642 1713 877 1795; x_wconf 81' lang='lat' dir='ltr'>probabiliorem</span> <span class='ocrx_word' id='word_1_109' title='bbox 892 1707 1077 1782; x_wconf 78' lang='lat' dir='ltr'>sententiam</span> <span class='ocrx_word' id='word_1_110' title='bbox 1094 1727 1101 1768; x_wconf 94' lang='lat'><strong>:</strong></span> <span class='ocrx_word' id='word_1_111' title='bbox 1118 1708 1157 1772; x_wconf 81' lang='lat' dir='ltr'>de</span> 
     </span>
     <span class='ocr_line' id='line_1_18' title="bbox 184 1799 1156 1892; baseline -0.016 -18"><span class='ocrx_word' id='word_1_112' title='bbox 184 1812 326 1892; x_wconf 76' lang='lat' dir='ltr'>quotide</span> <span class='ocrx_word' id='word_1_113' title='bbox 348 1817 483 1870; x_wconf 89' lang='lat' dir='ltr'>nostrum</span> <span class='ocrx_word' id='word_1_114' title='bbox 499 1804 651 1877; x_wconf 78' lang='lat' dir='ltr'>Manuale,</span> <span class='ocrx_word' id='word_1_115' title='bbox 668 1814 702 1862; x_wconf 85' lang='lat' dir='ltr'>n0</span> <span class='ocrx_word' id='word_1_116' title='bbox 717 1805 806 1864; x_wconf 71' lang='lat'>2018.</span> <span class='ocrx_word' id='word_1_117' title='bbox 825 1799 928 1859; x_wconf 80' lang='lat' dir='ltr'>Ablata</span> <span class='ocrx_word' id='word_1_118' title='bbox 950 1802 994 1858; x_wconf 92' lang='lat' dir='ltr'>est</span> <span class='ocrx_word' id='word_1_119' title='bbox 1012 1813 1156 1858; x_wconf 90' lang='lat' dir='ltr'>censura.</span> 
     </span>
    </p>

    <p class='ocr_par' dir='ltr' id='par_1_9' title="bbox 186 1887 1160 2156">
     <span class='ocr_line' id='line_1_19' title="bbox 225 1887 1159 1977; baseline -0.017 -15"><span class='ocrx_word' id='word_1_120' title='bbox 225 1899 333 1962; x_wconf 82' lang='lat' dir='ltr'>Clerici</span> <span class='ocrx_word' id='word_1_121' title='bbox 355 1897 476 1960; x_wconf 88' lang='lat' dir='ltr'>titulum</span> <span class='ocrx_word' id='word_1_122' title='bbox 500 1903 565 1977; x_wconf 89' lang='lat' dir='ltr'>post</span> <span class='ocrx_word' id='word_1_123' title='bbox 591 1893 811 1954; x_wconf 87' lang='lat' dir='ltr'>ordinationem</span> <span class='ocrx_word' id='word_1_124' title='bbox 834 1888 999 1950; x_wconf 85' lang='lat' dir='ltr'>alienantes</span> <span class='ocrx_word' id='word_1_125' title='bbox 1024 1887 1159 1965; x_wconf 85' lang='lat' dir='ltr'>graviter</span> 
     </span>
     <span class='ocr_line' id='line_1_20' title="bbox 186 1975 1160 2070; baseline -0.015 -19"><span class='ocrx_word' id='word_1_126' title='bbox 186 1988 310 2070; x_wconf 90' lang='lat' dir='ltr'>quidem</span> <span class='ocrx_word' id='word_1_127' title='bbox 327 1992 462 2066; x_wconf 86' lang='lat' dir='ltr'>peccant,</span> <span class='ocrx_word' id='word_1_128' title='bbox 480 2001 640 2047; x_wconf 87' lang='lat' dir='ltr'>censuram</span> <span class='ocrx_word' id='word_1_129' title='bbox 654 1988 755 2042; x_wconf 86' lang='lat' dir='ltr'>lamen</span> <span class='ocrx_word' id='word_1_130' title='bbox 770 1997 832 2040; x_wconf 92' lang='lat' dir='ltr'>nan</span> <span class='ocrx_word' id='word_1_131' title='bbox 846 1977 1016 2047; x_wconf 90' lang='lat' dir='ltr'>incurrunt,</span> <span class='ocrx_word' id='word_1_132' title='bbox 1031 1975 1160 2055; x_wconf 82' lang='lat' dir='ltr'>quiade</span> 
     </span>
     <span class='ocr_line' id='line_1_21' title="bbox 186 2074 520 2156; baseline -0.012 -16"><span class='ocrx_word' id='word_1_133' title='bbox 186 2096 223 2140; x_wconf 91' lang='lat' dir='ltr'>ea</span> <span class='ocrx_word' id='word_1_134' title='bbox 235 2078 285 2156; x_wconf 86' lang='lat' dir='ltr'>jus</span> <span class='ocrx_word' id='word_1_135' title='bbox 300 2074 428 2138; x_wconf 88' lang='lat' dir='ltr'>amnind</span> <span class='ocrx_word' id='word_1_136' title='bbox 444 2074 520 2136; x_wconf 88' lang='lat' dir='ltr'>silet.</span> 
     </span>
    </p>

    <p class='ocr_par' dir='ltr' id='par_1_10' title="bbox 184 2153 1166 2868">
     <span class='ocr_line' id='line_1_22' title="bbox 227 2153 1157 2240; baseline -0.013 -12"><span class='ocrx_word' id='word_1_137' title='bbox 227 2169 297 2228; x_wconf 83' lang='grc'><strong>631.</strong></span> <span class='ocrx_word' id='word_1_138' title='bbox 313 2199 354 2213; x_wconf 89' lang='grc'>-</span> <span class='ocrx_word' id='word_1_139' title='bbox 366 2165 416 2228; x_wconf 88' lang='grc' dir='ltr'>ΙΠ.</span> <span class='ocrx_word' id='word_1_140' title='bbox 433 2164 477 2226; x_wconf 85' lang='lat' dir='ltr'>De</span> <span class='ocrx_word' id='word_1_141' title='bbox 490 2161 655 2224; x_wconf 81' lang='lat' dir='ltr'>necessitate</span> <span class='ocrx_word' id='word_1_142' title='bbox 671 2155 791 2220; x_wconf 78' lang='lat' dir='ltr'>Ordines</span> <span class='ocrx_word' id='word_1_143' title='bbox 806 2153 967 2240; x_wconf 80' lang='lat' dir='ltr'>recipiendi</span> <span class='ocrx_word' id='word_1_144' title='bbox 980 2153 1123 2218; x_wconf 74' lang='lat' dir='ltr'>ordinate</span> <span class='ocrx_word' id='word_1_145' title='bbox 1132 2171 1157 2218; x_wconf 84' lang='lat' dir='ltr'>el</span> 
     </span>
     <span class='ocr_line' id='line_1_23' title="bbox 184 2245 1157 2336; baseline -0.012 -18"><span class='ocrx_word' id='word_1_146' title='bbox 184 2275 242 2318; x_wconf 84' lang='lat' dir='ltr'>aaa</span> <span class='ocrx_word' id='word_1_147' title='bbox 252 2275 307 2336; x_wconf 84' lang='lat' dir='ltr'>pa·</span> <span class='ocrx_word' id='word_1_148' title='bbox 326 2256 436 2317; x_wconf 84' lang='lat' dir='ltr'>sultam</span> <span class='ocrx_word' id='word_1_149' title='bbox 455 2274 462 2313; x_wconf 76' lang='grc' dir='ltr'><strong>ε</strong></span> <span class='ocrx_word' id='word_1_150' title='bbox 486 2251 613 2314; x_wconf 89' lang='lat' dir='ltr'>Inferior</span> <span class='ocrx_word' id='word_1_151' title='bbox 627 2247 702 2310; x_wconf 92' lang='lat' dir='ltr'>ordo</span> <span class='ocrx_word' id='word_1_152' title='bbox 716 2254 784 2308; x_wconf 88' lang='lat' dir='ltr'>ante</span> <span class='ocrx_word' id='word_1_153' title='bbox 803 2245 989 2324; x_wconf 90' lang='lat' dir='ltr'>superiorem</span> <span class='ocrx_word' id='word_1_154' title='bbox 1000 2246 1157 2325; x_wconf 88' lang='lat' dir='ltr'>recipien-</span> 
     </span>
     <span class='ocr_line' id='line_1_24' title="bbox 186 2331 1159 2422; baseline -0.008 -16"><span class='ocrx_word' id='word_1_155' title='bbox 186 2345 243 2408; x_wconf 89' lang='lat' dir='ltr'>dus</span> <span class='ocrx_word' id='word_1_156' title='bbox 255 2350 300 2405; x_wconf 88' lang='lat' dir='ltr'>est</span> <span class='ocrx_word' id='word_1_157' title='bbox 311 2364 320 2422; x_wconf 85' lang='lat'>3</span> <span class='ocrx_word' id='word_1_158' title='bbox 332 2344 403 2406; x_wconf 75' lang='lat' dir='ltr'>alias</span> <span class='ocrx_word' id='word_1_159' title='bbox 413 2341 579 2403; x_wconf 85' lang='lat' dir='ltr'>nansolbm</span> <span class='ocrx_word' id='word_1_160' title='bbox 589 2338 877 2418; x_wconf 79' lang='lat' dir='ltr'>graviterpeccatur,</span> <span class='ocrx_word' id='word_1_161' title='bbox 889 2331 1041 2395; x_wconf 87' lang='lat' dir='ltr'>sedetiam</span> <span class='ocrx_word' id='word_1_162' title='bbox 1050 2335 1159 2398; x_wconf 79' lang='lat' dir='ltr'>incur-</span> 
     </span>
     <span class='ocr_line' id='line_1_25' title="bbox 187 2419 1159 2514; baseline -0.006 -20"><span class='ocrx_word' id='word_1_163' title='bbox 187 2435 262 2496; x_wconf 88' lang='lat' dir='ltr'>ritur</span> <span class='ocrx_word' id='word_1_164' title='bbox 286 2432 444 2514; x_wconf 85' lang='lat' dir='ltr'>suspensio</span> <span class='ocrx_word' id='word_1_165' title='bbox 461 2431 498 2492; x_wconf 85' lang='lat' dir='ltr'>ab</span> <span class='ocrx_word' id='word_1_166' title='bbox 519 2427 662 2491; x_wconf 86' lang='lat' dir='ltr'>exercitio</span> <span class='ocrx_word' id='word_1_167' title='bbox 676 2419 791 2487; x_wconf 88' lang='lat' dir='ltr'>ordinis</span> <span class='ocrx_word' id='word_1_168' title='bbox 805 2423 949 2505; x_wconf 87' lang='lat' dir='ltr'>suscepti,</span> <span class='ocrx_word' id='word_1_169' title='bbox 971 2423 997 2483; x_wconf 89' lang='lat' dir='ltr'>si</span> <span class='ocrx_word' id='word_1_170' title='bbox 1012 2424 1050 2486; x_wconf 88' lang='lat' dir='ltr'>sit</span> <span class='ocrx_word' id='word_1_171' title='bbox 1062 2443 1159 2498; x_wconf 70' lang='lat' dir='ltr'>sacer,</span> 
     </span>
     <span class='ocr_line' id='line_1_26' title="bbox 186 2509 1160 2612; baseline -0.011 -25"><span class='ocrx_word' id='word_1_172' title='bbox 186 2541 349 2612; x_wconf 38' lang='lat' dir='ltr'>,quousque</span> <span class='ocrx_word' id='word_1_173' title='bbox 361 2521 529 2602; x_wconf 86' lang='lat' dir='ltr'>Episcopus</span> <span class='ocrx_word' id='word_1_174' title='bbox 545 2518 697 2597; x_wconf 85' lang='lat' dir='ltr'>dispenset</span> <span class='ocrx_word' id='word_1_175' title='bbox 717 2533 776 2576; x_wconf 80' lang='lat' dir='ltr'>:ex</span> <span class='ocrx_word' id='word_1_176' title='bbox 789 2532 856 2593; x_wconf 88' lang='lat' dir='ltr'>cap.</span> <span class='ocrx_word' id='word_1_177' title='bbox 874 2513 976 2585; x_wconf 90' lang='lat' dir='ltr'>unico,</span> <span class='ocrx_word' id='word_1_178' title='bbox 993 2509 1035 2572; x_wconf 85' lang='lat' dir='ltr'>Da</span> <span class='ocrx_word' id='word_1_179' title='bbox 1054 2512 1160 2576; x_wconf 83' lang='lat' dir='ltr'>cleric.</span> 
     </span>
     <span class='ocr_line' id='line_1_27' title="bbox 188 2600 1162 2693; baseline -0.009 -19"><span class='ocrx_word' id='word_1_180' title='bbox 188 2631 244 2693; x_wconf 80' lang='lat' dir='ltr'>per</span> <span class='ocrx_word' id='word_1_181' title='bbox 255 2612 364 2673; x_wconf 87' lang='lat' dir='ltr'>saltum</span> <span class='ocrx_word' id='word_1_182' title='bbox 379 2610 457 2683; x_wconf 78' lang='lat' dir='ltr'>ard,</span> <span class='ocrx_word' id='word_1_183' title='bbox 474 2616 503 2670; x_wconf 90' lang='lat' dir='ltr'>et</span> <span class='ocrx_word' id='word_1_184' title='bbox 518 2609 609 2669; x_wconf 84' lang='lat' dir='ltr'>Cana.</span> <span class='ocrx_word' id='word_1_185' title='bbox 623 2604 719 2677; x_wconf 82' lang='lat' dir='ltr'>Trid,</span> <span class='ocrx_word' id='word_1_186' title='bbox 732 2620 805 2664; x_wconf 90' lang='lat' dir='ltr'>sess.</span> <span class='ocrx_word' id='word_1_187' title='bbox 822 2604 872 2675; x_wconf 74' lang='lat'>23,</span> <span class='ocrx_word' id='word_1_188' title='bbox 885 2618 912 2662; x_wconf 87' lang='lat' dir='ltr'>a.</span> <span class='ocrx_word' id='word_1_189' title='bbox 931 2604 978 2676; x_wconf 77' lang='lat' dir='ltr'>lt,</span> <span class='ocrx_word' id='word_1_190' title='bbox 994 2600 1027 2680; x_wconf 88' lang='lat' dir='ltr'>in</span> <span class='ocrx_word' id='word_1_191' title='bbox 1040 2600 1114 2664; x_wconf 87' lang='lat' dir='ltr'>fine.</span> <span class='ocrx_word' id='word_1_192' title='bbox 1131 2605 1162 2664; x_wconf 87' lang='lat' dir='ltr'>Si</span> 
     </span>
     <span class='ocr_line' id='line_1_28' title="bbox 191 2681 1166 2772; baseline -0.008 -10"><span class='ocrx_word' id='word_1_193' title='bbox 191 2707 292 2763; x_wconf 88' lang='lat' dir='ltr'>autem</span> <span class='ocrx_word' id='word_1_194' title='bbox 302 2701 436 2761; x_wconf 89' lang='lat' dir='ltr'>minores</span> <span class='ocrx_word' id='word_1_195' title='bbox 447 2698 568 2759; x_wconf 89' lang='lat' dir='ltr'>ordines</span> <span class='ocrx_word' id='word_1_196' title='bbox 581 2703 650 2758; x_wconf 90' lang='lat' dir='ltr'>ante</span> <span class='ocrx_word' id='word_1_197' title='bbox 664 2701 822 2754; x_wconf 88' lang='lat' dir='ltr'>tonsuram</span> <span class='ocrx_word' id='word_1_198' title='bbox 834 2681 1052 2772; x_wconf 80' lang='lat' dir='ltr'>reciperentur,</span> <span class='ocrx_word' id='word_1_199' title='bbox 1063 2691 1166 2754; x_wconf 87' lang='lat' dir='ltr'>adbuc</span> 
     </span>
     <span class='ocr_line' id='line_1_29' title="bbox 191 2771 1161 2868; baseline -0.007 -19"><span class='ocrx_word' id='word_1_200' title='bbox 191 2790 357 2849; x_wconf 88' lang='lat' dir='ltr'>mortaliter</span> <span class='ocrx_word' id='word_1_201' title='bbox 372 2793 559 2868; x_wconf 86' lang='lat' dir='ltr'>peccaretur,</span> <span class='ocrx_word' id='word_1_202' title='bbox 572 2785 624 2847; x_wconf 89' lang='lat' dir='ltr'>sed</span> <span class='ocrx_word' id='word_1_203' title='bbox 639 2790 712 2844; x_wconf 90' lang='lat' dir='ltr'>tunc</span> <span class='ocrx_word' id='word_1_204' title='bbox 727 2799 790 2842; x_wconf 93' lang='lat' dir='ltr'>non</span> <span class='ocrx_word' id='word_1_205' title='bbox 810 2779 973 2842; x_wconf 85' lang='lat' dir='ltr'>incurritur</span> <span class='ocrx_word' id='word_1_206' title='bbox 986 2771 1161 2860; x_wconf 84' lang='lat' dir='ltr'>suspensio.</span> 
     </span>
    </p>
   </div>
   <div class='ocr_carea' id='block_1_9' title="bbox 191 2868 1152 3038">
    <p class='ocr_par' dir='ltr' id='par_1_11' title="bbox 191 2868 1152 3038">
     <span class='ocr_line' id='line_1_30' title="bbox 191 2868 777 2955; baseline -0.01 -17"><span class='ocrx_word' id='word_1_207' title='bbox 191 2878 235 2939; x_wconf 92' lang='lat' dir='ltr'>De</span> <span class='ocrx_word' id='word_1_208' title='bbox 249 2875 329 2939; x_wconf 76' lang='lat' dir='ltr'>dicta</span> <span class='ocrx_word' id='word_1_209' title='bbox 343 2894 481 2955; x_wconf 88' lang='lat' dir='ltr'>suspens.</span> <span class='ocrx_word' id='word_1_210' title='bbox 498 2875 565 2936; x_wconf 88' lang='lat' dir='ltr'>silet</span> <span class='ocrx_word' id='word_1_211' title='bbox 578 2875 611 2935; x_wconf 85' lang='lat' dir='ltr'>G.</span> <span class='ocrx_word' id='word_1_212' title='bbox 628 2873 685 2952; x_wconf 83' lang='lat' dir='ltr'>Ap.</span> <span class='ocrx_word' id='word_1_213' title='bbox 708 2868 777 2934; x_wconf 81' lang='lat' dir='ltr'>sea.</span> 
     </span>
     <span class='ocr_line' id='line_1_31' title="bbox 211 2951 1152 3038; baseline -0.005 -18"><span class='ocrx_word' id='word_1_214' title='bbox 211 2980 227 3019; x_wconf 84' lang='lat' dir='ltr'>a</span> <span class='ocrx_word' id='word_1_215' title='bbox 249 2959 279 3020; x_wconf 87' lang='lat' dir='ltr'>si</span> <span class='ocrx_word' id='word_1_216' title='bbox 295 2961 365 3018; x_wconf 84' lang='lat' dir='ltr'>vero</span> <span class='ocrx_word' id='word_1_217' title='bbox 380 2963 448 3038; x_wconf 90' lang='lat' dir='ltr'>quis</span> <span class='ocrx_word' id='word_1_218' title='bbox 461 2955 609 3034; x_wconf 87' lang='lat' dir='ltr'>reciperet</span> <span class='ocrx_word' id='word_1_219' title='bbox 624 2953 840 3032; x_wconf 84' lang='lat' dir='ltr'>Episcopatum</span> <span class='ocrx_word' id='word_1_220' title='bbox 852 2951 1152 3030; x_wconf 84' lang='lat' dir='ltr'>antesaaerdotium,</span> 
     </span>
    </p>
   </div>
   <div class='ocr_carea' id='block_1_10' title="bbox 172 3039 1159 3827">
    <p class='ocr_par' dir='ltr' id='par_1_12' title="bbox 172 3039 1159 3474">
     <span class='ocr_line' id='line_1_32' title="bbox 172 3039 1143 3124; baseline -0.005 -15"><span class='ocrx_word' id='word_1_221' title='bbox 172 3069 189 3124; x_wconf 72' lang='lat' dir='ltr'>c</span> <span class='ocrx_word' id='word_1_222' title='bbox 207 3046 339 3109; x_wconf 79' lang='lat' dir='ltr'>invalide</span> <span class='ocrx_word' id='word_1_223' title='bbox 354 3043 535 3124; x_wconf 86' lang='lat' dir='ltr'>susciperet,</span> <span class='ocrx_word' id='word_1_224' title='bbox 551 3047 586 3102; x_wconf 89' lang='lat' dir='ltr'>ut</span> <span class='ocrx_word' id='word_1_225' title='bbox 598 3040 709 3101; x_wconf 88' lang='lat' dir='ltr'>docent</span> <span class='ocrx_word' id='word_1_226' title='bbox 721 3041 822 3115; x_wconf 70' lang='lat' dir='ltr'>Suae,</span> <span class='ocrx_word' id='word_1_227' title='bbox 836 3040 989 3101; x_wconf 78' lang='lat' dir='ltr'>sanabat</span> <span class='ocrx_word' id='word_1_228' title='bbox 1003 3039 1054 3100; x_wconf 89' lang='lat' dir='ltr'>alii</span> <span class='ocrx_word' id='word_1_229' title='bbox 1070 3061 1143 3104; x_wconf 92' lang='lat' dir='ltr'>com</span> 
     </span>
     <span class='ocr_line' id='line_1_33' title="bbox 173 3129 1155 3210; baseline -0.006 -14"><span class='ocrx_word' id='word_1_230' title='bbox 173 3159 189 3196; x_wconf 78' lang='lat' dir='ltr'>a</span> <span class='ocrx_word' id='word_1_231' title='bbox 209 3133 391 3198; x_wconf 74' lang='lat' dir='ltr'>mandensi</span> <span class='ocrx_word' id='word_1_232' title='bbox 406 3139 507 3195; x_wconf 88' lang='lat' dir='ltr'>autem</span> <span class='ocrx_word' id='word_1_233' title='bbox 518 3131 587 3210; x_wconf 86' lang='lat' dir='ltr'>quis</span> <span class='ocrx_word' id='word_1_234' title='bbox 599 3129 764 3208; x_wconf 90' lang='lat' dir='ltr'>susciperet</span> <span class='ocrx_word' id='word_1_235' title='bbox 778 3129 980 3190; x_wconf 87' lang='lat' dir='ltr'>sacerdotium</span> <span class='ocrx_word' id='word_1_236' title='bbox 992 3136 1064 3190; x_wconf 87' lang='lat' dir='ltr'>ante</span> <span class='ocrx_word' id='word_1_237' title='bbox 1078 3131 1155 3200; x_wconf 81' lang='lat' dir='ltr'>alios</span> 
     </span>
     <span class='ocr_line' id='line_1_34' title="bbox 174 3215 1159 3304; baseline -0.001 -21"><span class='ocrx_word' id='word_1_238' title='bbox 174 3223 351 3300; x_wconf 83' lang='lat' dir='ltr'>cardines,</span> <span class='ocrx_word' id='word_1_239' title='bbox 375 3225 477 3304; x_wconf 88' lang='lat' dir='ltr'>posset</span> <span class='ocrx_word' id='word_1_240' title='bbox 499 3217 623 3300; x_wconf 90' lang='lat' dir='ltr'>quidem</span> <span class='ocrx_word' id='word_1_241' title='bbox 649 3217 816 3298; x_wconf 82' lang='lat' dir='ltr'>Episcopus</span> <span class='ocrx_word' id='word_1_242' title='bbox 836 3215 901 3278; x_wconf 86' lang='lat' dir='ltr'>fieri</span> <span class='ocrx_word' id='word_1_243' title='bbox 925 3221 955 3278; x_wconf 87' lang='lat' dir='ltr'>et</span> <span class='ocrx_word' id='word_1_244' title='bbox 979 3217 1079 3278; x_wconf 77' lang='lat' dir='ltr'>valide</span> <span class='ocrx_word' id='word_1_245' title='bbox 1103 3218 1159 3291; x_wconf 86' lang='lat' dir='ltr'>hic.</span> 
     </span>
     <span class='ocr_line' id='line_1_35' title="bbox 175 3301 1155 3389; baseline -0.002 -17"><span class='ocrx_word' id='word_1_246' title='bbox 175 3336 190 3373; x_wconf 82' lang='lat' dir='ltr'>n</span> <span class='ocrx_word' id='word_1_247' title='bbox 210 3330 301 3377; x_wconf 92' lang='lat' dir='ltr'>suum</span> <span class='ocrx_word' id='word_1_248' title='bbox 315 3328 428 3382; x_wconf 86' lang='lat' dir='ltr'>munus</span> <span class='ocrx_word' id='word_1_249' title='bbox 447 3315 613 3380; x_wconf 86' lang='lat' dir='ltr'>exerceret,</span> <span class='ocrx_word' id='word_1_250' title='bbox 629 3324 692 3366; x_wconf 91' lang='lat' dir='ltr'>nan</span> <span class='ocrx_word' id='word_1_251' title='bbox 709 3311 811 3367; x_wconf 89' lang='lat' dir='ltr'>tamen</span> <span class='ocrx_word' id='word_1_252' title='bbox 827 3305 923 3383; x_wconf 79' lang='lat' dir='ltr'>licite,</span> <span class='ocrx_word' id='word_1_253' title='bbox 939 3311 1010 3366; x_wconf 88' lang='lat' dir='ltr'>ante</span> <span class='ocrx_word' id='word_1_254' title='bbox 1025 3301 1155 3389; x_wconf 76' lang='lat' dir='ltr'>suscep-³</span> 
     </span>
     <span class='ocr_line' id='line_1_36' title="bbox 175 3394 1059 3474; baseline -0.002 -14"><span class='ocrx_word' id='word_1_255' title='bbox 175 3423 191 3460; x_wconf 82' lang='lat' dir='ltr'>a</span> <span class='ocrx_word' id='word_1_256' title='bbox 209 3403 325 3464; x_wconf 91' lang='lat' dir='ltr'>tionem</span> <span class='ocrx_word' id='word_1_257' title='bbox 339 3397 454 3462; x_wconf 89' lang='lat' dir='ltr'>ordinis</span> <span class='ocrx_word' id='word_1_258' title='bbox 467 3396 580 3459; x_wconf 88' lang='lat' dir='ltr'>omissi.</span> <span class='ocrx_word' id='word_1_259' title='bbox 595 3415 610 3454; x_wconf 80' lang='lat' dir='ltr'>a</span> <span class='ocrx_word' id='word_1_260' title='bbox 627 3395 658 3455; x_wconf 89' lang='lat' dir='ltr'>S.</span> <span class='ocrx_word' id='word_1_261' title='bbox 669 3395 806 3474; x_wconf 70' lang='lat' dir='ltr'>Lignor,</span> <span class='ocrx_word' id='word_1_262' title='bbox 821 3394 873 3455; x_wconf 92' lang='lat' dir='ltr'>lib.</span> <span class='ocrx_word' id='word_1_263' title='bbox 890 3397 922 3470; x_wconf 82' lang='lat' dir='ltr'>l,</span> <span class='ocrx_word' id='word_1_264' title='bbox 939 3403 973 3453; x_wconf 89' lang='lat' dir='ltr'>n·</span> <span class='ocrx_word' id='word_1_265' title='bbox 986 3397 1059 3458; x_wconf 69' lang='lat'><strong>⁵193.</strong></span> 
     </span>
    </p>

    <p class='ocr_par' dir='ltr' id='par_1_13' title="bbox 174 3481 1155 3827">
     <span class='ocr_line' id='line_1_37' title="bbox 214 3481 1155 3568; baseline -0.004 -19"><span class='ocrx_word' id='word_1_266' title='bbox 214 3511 230 3549; x_wconf 80' lang='lat' dir='ltr'>a</span> <span class='ocrx_word' id='word_1_267' title='bbox 249 3493 326 3551; x_wconf 86' lang='lat' dir='ltr'>Gnm</span> <span class='ocrx_word' id='word_1_268' title='bbox 340 3487 486 3568; x_wconf 90' lang='lat' dir='ltr'>promotis</span> <span class='ocrx_word' id='word_1_269' title='bbox 496 3503 549 3566; x_wconf 90' lang='lat' dir='ltr'>per</span> <span class='ocrx_word' id='word_1_270' title='bbox 563 3484 716 3559; x_wconf 89' lang='lat' dir='ltr'>saltum,si</span> <span class='ocrx_word' id='word_1_271' title='bbox 731 3501 793 3544; x_wconf 93' lang='lat' dir='ltr'>non</span> <span class='ocrx_word' id='word_1_272' title='bbox 808 3481 1056 3556; x_wconf 86' lang='lat' dir='ltr'>ministraverint,</span> <span class='ocrx_word' id='word_1_273' title='bbox 1069 3484 1155 3565; x_wconf 86' lang='lat' dir='ltr'>Epis·</span> 
     </span>
     <span class='ocr_line' id='line_1_38' title="bbox 178 3569 1153 3656; baseline -0.002 -20"><span class='ocrx_word' id='word_1_274' title='bbox 178 3598 193 3636; x_wconf 82' lang='lat' dir='ltr'>c</span> <span class='ocrx_word' id='word_1_275' title='bbox 211 3593 307 3656; x_wconf 88' lang='lat' dir='ltr'>copus</span> <span class='ocrx_word' id='word_1_276' title='bbox 319 3594 355 3636; x_wconf 86' lang='lat' dir='ltr'>ex</span> <span class='ocrx_word' id='word_1_277' title='bbox 370 3575 502 3654; x_wconf 72' lang='lat' dir='ltr'>legitime</span> <span class='ocrx_word' id='word_1_278' title='bbox 514 3576 604 3634; x_wconf 78' lang='lat' dir='ltr'>causa</span> <span class='ocrx_word' id='word_1_279' title='bbox 618 3571 710 3652; x_wconf 90' lang='lat' dir='ltr'>possit</span> <span class='ocrx_word' id='word_1_280' title='bbox 720 3570 895 3650; x_wconf 89' lang='lat' dir='ltr'>dispensare</span> <span class='ocrx_word' id='word_1_281' title='bbox 905 3591 935 3648; x_wconf 82' lang='lat' dir='ltr'>a,</span> <span class='ocrx_word' id='word_1_282' title='bbox 948 3569 1153 3644; x_wconf 77' lang='lat' dir='ltr'>eitTrident.,</span> 
     </span>
     <span class='ocr_line' id='line_1_39' title="bbox 174 3659 564 3736; baseline -0.013 -11"><span class='ocrx_word' id='word_1_283' title='bbox 174 3680 262 3736; x_wconf 81' lang='lat' dir='ltr'>sess,</span> <span class='ocrx_word' id='word_1_284' title='bbox 277 3665 327 3733; x_wconf 69' lang='lat' dir='ltr'>bl,</span> <span class='ocrx_word' id='word_1_285' title='bbox 340 3678 367 3720; x_wconf 90' lang='lat' dir='ltr'>c.</span> <span class='ocrx_word' id='word_1_286' title='bbox 384 3665 433 3734; x_wconf 80' lang='grc'>11,</span> <span class='ocrx_word' id='word_1_287' title='bbox 446 3659 477 3720; x_wconf 94' lang='lat' dir='ltr'>in</span> <span class='ocrx_word' id='word_1_288' title='bbox 491 3660 564 3720; x_wconf 88' lang='lat' dir='ltr'>tine.</span> 
     </span>
     <span class='ocr_line' id='line_1_40' title="bbox 179 3746 912 3827; baseline 0 -17"><span class='ocrx_word' id='word_1_289' title='bbox 179 3820 180 3823; x_wconf 8' lang='grc' dir='ltr'><strong>Ἴ</strong></span> <span class='ocrx_word' id='word_1_290' title='bbox 214 3749 246 3810; x_wconf 80' lang='lat' dir='ltr'>Si</span> <span class='ocrx_word' id='word_1_291' title='bbox 261 3747 511 3821; x_wconf 86' lang='lat' dir='ltr'>ministraverint,</span> <span class='ocrx_word' id='word_1_292' title='bbox 525 3747 705 3827; x_wconf 82' lang='lat' dir='ltr'>irregulares</span> <span class='ocrx_word' id='word_1_293' title='bbox 719 3746 816 3810; x_wconf 85' lang='lat' dir='ltr'>effecti</span> <span class='ocrx_word' id='word_1_294' title='bbox 831 3753 912 3810; x_wconf 67' lang='lat' dir='ltr'>sunl·</span> 
     </span>
    </p>
   </div>
   <div class='ocr_carea' id='block_1_11' title="bbox 0 0 1312 4212">
    <p class='ocr_par' dir='ltr' id='par_1_14' title="bbox 0 0 1312 4212">
     <span class='ocr_line' id='line_1_41' title="bbox 0 0 1312 4212; baseline 0 0"><span class='ocrx_word' id='word_1_295' title='bbox 0 0 1312 4212; x_wconf 95' lang='lat' dir='ltr'> </span> 
     </span>
    </p>
   </div>
  </div>
 </body>
</html>
