2548 4216
155 274 214 329 390
432 281 580 325 manuum
601 279 683 323 runis
703 276 852 324 canumet.

159 401 173 436 n
195 383 239 439 est
245 398 256 452 3
273 379 344 440 chin
359 375 410 458 (ad
430 376 637 458 Superiorem)
653 393 716 437 non
734 374 773 436 ad
791 390 1022 456 quemcumque
1037 373 1138 454 priva·

159 489 174 526 a
196 473 259 528 tum
277 467 433 528 hominem
448 472 560 546 spectet
578 465 724 544 judicium
740 463 818 526 terre
831 463 870 524 de
884 461 1009 524 veritate
1024 480 1137 538 causae,

159 578 173 615 a
199 555 254 616 nisi
266 556 342 616 forte
355 556 523 636 perieulum
534 559 612 616 esset
621 555 651 614 in
662 554 796 629 mord‚et
806 569 895 632 grave
905 551 976 612 inde
986 551 1140 612 damnum

160 666 173 701 a
196 653 394 725 sequeretur,
420 646 504 722 Juxta
533 643 690 705 decretum
708 643 819 720 Congr.
839 639 980 713 concil„
1011 643 1051 700 ta
1073 657 1138 720 apr.

161 755 173 792 r
200 737 287 796 1797.
304 756 319 792 u
335 737 372 794 lta
389 732 530 794 Barbosa.
822 801 825 805 ⁸

200 824 233 882 3⁰
252 825 295 882 Ex
326 819 546 883 consuetudine
577 817 699 901 parochi
732 823 861 898 possunt
894 816 1075 896 dispensare
1110 815 1142 876 in

160 909 285 971 minutis
308 916 338 970 et
361 909 591 989 frequentibuS‚
616 907 703 968 iniis
723 913 824 967 tamen
847 905 939 980 rebus
961 905 1085 966 tanthm
1108 904 1142 965 in

159 997 271 1078 quihus
286 1017 322 1060 ex
337 995 556 1064 consuetudine
575 994 782 1057 introductum
796 1001 839 1054 est
855 993 936 1072 ipsos
951 991 1144 1071 dispensare

201 1089 243 1146 De
262 1087 330 1164 jure
345 1085 544 1166 parochorum
563 1085 643 1146 circa
661 1084 719 1144 alia
738 1082 877 1162 superius
892 1099 955 1142 non
969 1081 1122 1142 recensita

161 1173 228 1235 vide
242 1173 273 1234 in
290 1184 391 1234 nostro
405 1173 560 1249 Mannoh‘,
574 1181 610 1234 n⁰
624 1176 714 1248 1439,
730 1178 788 1232 etc.

610 1313 630 1392 ᾗ
643 1313 680 1372 V.

397 1441 440 1501 De
457 1438 685 1522 ablipute'onidas
700 1438 905 1521 parochorum.

164 1585 270 1647 L-Da
284 1602 440 1645 EEITTENDA
457 1599 643 1644 PROFESSIONE
658 1600 732 1642 eruet
747 1599 781 1642 ET
796 1600 961 1644 SPONDENEA
975 1599 1142 1647 ouantem

505 1681 617 1724 ROMANO
636 1680 781 1724 rourtrrcr.

206 1796 276 1856 53t.
301 1793 350 1855 Sic
371 1795 388 1855 a
411 1793 544 1854 Concilio
558 1792 735 1855 Tridentino
758 1791 843 1872 (sess.
864 1797 918 1869 Ἃ,
940 1811 1010 1872 cap.
1031 1793 1145 1869 12,st

164 1881 237 1964 ref.)
251 1880 307 1942 fuit
321 1883 469 1944 sancitum
487 1901 494 1943 :
515 1904 530 1940 n
545 1880 658 1944 Provisi
673 1883 710 1942 de
727 1879 883 1942 beneficiis
896 1881 1145 1964 quibuscumque

170 1991 186 2028 a
207 1987 313 2032 curam
333 1970 504 2032 animarum
522 1968 724 2045 habentibus,
745 1971 935 2031 teneanturb
956 1969 1006 2030 die
1027 1970 1146 2050 adeptae

170 2079 186 2117 a
207 2057 420 2139 possessionis,
438 2057 476 2120 ad
497 2059 599 2120 minus
613 2059 692 2120 intra
708 2057 784 2119 duos
798 2074 938 2131 menses,
955 2056 1146 2120 inmanibus

170 2167 185 2206 u
204 2146 300 2228 ipsius
320 2147 478 2227 Episcopi,
491 2146 558 2224 vei,
574 2165 610 2208 eo
626 2147 786 2227 impedito,
806 2163 909 2207 eoram
923 2145 1066 2208 Generali
1081 2147 1146 2226 ejus

166 2255 186 2294 a
207 2235 328 2296 Vicario
346 2253 400 2296 seu
419 2235 563 2314 afficiat,
583 2235 757 2296 orthodoxae
777 2233 848 2296 fidei
868 2233 1025 2316 publicam
1047 2234 1146 2297 facere

171 2323 447 2404 «professionem,
474 2331 503 2386 et
525 2323 555 2384 in
579 2325 725 2386 Romanae
748 2322 891 2385 Ecclesiae
919 2321 1095 2385 obedientia
1113 2342 1147 2386 se

170 2432 186 2471 ι
207 2429 421 2494 permansuros
436 2411 603 2492 spondeant
615 2430 650 2474 ac
662 2413 775 2491 jurent.
791 2435 806 2470 n

211 2501 254 2560 nd
270 2501 347 2562 hanc
362 2501 431 2561 fidei
447 2500 664 2580 professionem
684 2501 881 2562 emittendam
895 2502 977 2564 ultrd
993 2503 1147 2583 parochus

162 2593 285 2651 tenetur
307 2607 339 2650 se
353 2589 479 2664 offerre,
500 2589 585 2670 juxta
606 2589 780 2664 Giraldnm,
797 2597 827 2652 et
840 2590 897 2650 hoc
911 2591 1146 2671 intelligendum

164 2675 203 2737 tle
224 2677 356 2757 quhiibet
377 2678 525 2757 parochiae
545 2678 723 2758 adeptione:
745 2697 801 2740 nec
822 2696 876 2759 per
897 2685 1144 2760 procuratorem,

170 2764 221 2826 sed
237 2783 290 2844 per
305 2765 438 2845 seipsum
452 2767 590 2828 emittere
604 2773 733 2829 tenetur.
749 2769 780 2829 S.
797 2768 890 2847 Gong.
907 2769 1016 2847 Cone,
1033 2773 1052 2832 9
1067 2769 1143 2832 sehr.

207 2944 298 3005 Juxta
314 2943 426 3005 Concil.
443 2943 577 3008 Trident.
598 2944 689 3006 modd
704 2944 851 3024 relatum,
867 2945 1011 3007 omittens
1029 2946 1144 3028 proies-

162 3033 285 3094 aionem
301 3031 371 3092 iidei
384 3033 492 3094 amittit
506 3032 619 3096 fructus
641 3051 749 3096 omnes
763 3034 808 3094 sui
823 3033 980 3110 beneficii,
997 3035 1052 3096 sed
1065 3038 1082 3097 a
1095 3034 1145 3099 die

168 3121 287 3184 tantum
302 3121 473 3202 elapsorum
489 3121 619 3184 duorum
634 3122 803 3197 mensium3
817 3121 841 3182 si
852 3130 955 3202 postea
966 3123 1145 3204 obligationi

166 3206 239 3271 huic
257 3209 431 3286 satisfaciat,
446 3217 520 3272 tunc
533 3209 655 3291 quidem
676 3207 792 3272 fructus
806 3229 877 3272 suos
891 3209 996 3284 faciet,
1011 3213 1066 3275 sed
1081 3231 1144 3276 non

168 3298 359 3380 recuperabit
385 3299 521 3360 amissos.
555 3297 664 3379 Nequit
696 3307 798 3362 antem
830 3300 999 3381 Episcopus
1028 3301 1144 3366 fructur

167 3386 293 3446 amissos
307 3385 498 3460 condonare,
515 3386 567 3448 sed
579 3386 617 3448 ad
632 3387 742 3450 Sedem
756 3386 960 3469 Apostolicam
974 3396 1020 3450 est
1034 3409 1143 3455 recur-

164 3472 308 3533 rendum.
324 3475 558 3536 controvertitur
572 3481 674 3538 utrum
694 3483 763 3538 ante
777 3477 955 3538 sententiam
970 3477 1144 3543 declarato-

166 3563 242 3618 riam
255 3564 392 3622 teneatur
406 3562 555 3642 parochus
570 3563 636 3625 iilos
647 3564 762 3628 fructus
777 3565 949 3626 restituere..

207 3645 252 3703 Ad
273 3646 355 3706 iilam
376 3650 594 3726 professionem
609 3651 820 3732 astringuntur
839 3653 956 3732 pariter
973 3655 1044 3733 jure
1058 3676 1143 3723 com·

166 3730 251 3789 muni
268 3731 387 3805 parochi
399 3735 436 3794 ad
452 3740 560 3796 nutum
574 3739 758 3801 amoribites.
775 3734 820 3799 ut.
836 3739 916 3820 App.
931 3757 962 3802 u.
981 3759 1023 3805 ιν.
