2590 4214
205 289 263 346 tlt
471 297 628 346 munaum
649 296 731 342 roais
753 295 902 342 canonici.

204 409 312 473 diebus
326 405 508 469 continuatis
520 415 602 469 extra
616 411 764 486 tempora,
781 403 847 464 sine
861 401 995 475 licentia,
1010 374 1183 480 suspensus

204 505 247 560 est
272 497 311 558 ab
331 497 457 572 ullirno;
473 503 502 557 et
524 496 625 576 plures
643 496 705 554 DD.
729 493 877 554 sustinent
897 509 969 552 eum
988 507 1054 550 esse
1077 488 1182 568 quoad

203 593 367 666 utrumque
382 602 574 664 suspensum.
597 583 761 662 Suspensio
776 581 842 643 haec
854 581 887 644 S.
913 579 1054 641 Pontifici
1079 595 1181 640 reser-

204 681 300 738 vatur.
316 674 421 736 Ablata
433 680 479 734 est.
493 691 578 754 susp.
594 671 629 735 C.
644 677 701 752 Ap.
718 669 812 733 Sedis.
1285 711 1286 758 ἶ

234 755 313 832 Oui,
338 755 445 817 eadem
465 753 536 830 die,
552 759 682 833 quatuor
700 752 835 813 minores
853 751 977 814 ordines
992 752 1087 813 simul
1103 768 1175 813 cum

196 843 414 906 subdiaconatu
435 843 621 924 susciperet,
641 847 781 922 peccaret
800 837 924 918 quidem
944 841 1097 920 graviter,
1117 839 1174 902 nisi

139 983 143 990 ,
196 931 313 994 adesset
335 931 525 994 consuetudo
545 931 577 990 in
601 931 809 1004 contrarium;
826 928 877 989 sed
893 929 1085 1010 probabilius
1106 946 1176 990 sus-

196 1021 376 1102 pensionem
390 1039 451 1081 non
467 1019 652 1094 incurreret,
669 1017 740 1096 quia
758 1016 796 1078 de
811 1035 847 1077 eo
857 1017 924 1094 jura
945 1016 1045 1078 silent.
1059 1019 1177 1096 lrregu-

196 1109 266 1170 laris
279 1115 382 1172 tamen
397 1109 485 1170 fleret
498 1105 598 1190 quoad
614 1105 785 1186 superiores
801 1104 923 1166 ordines
939 1104 1176 1184 suscipiendos:

85 1195 92 1206 '
196 1215 310 1279 excep.
324 1205 353 1271 2,
370 1197 456 1258 Dceo
470 1197 610 1277 quiscat.

236 1285 412 1361 Conterens,
429 1286 536 1346 eadem
547 1284 618 1359 die,
640 1282 762 1344 ordines
784 1281 917 1342 minores
934 1287 965 1342 el
978 1281 1180 1343 subdiacona-

197 1379 281 1449 tum,
295 1375 392 1436 nullas
407 1392 512 1456 poenas
526 1371 654 1434 incurrit
668 1371 734 1452 ipso
749 1369 838 1431 lacto.

239 1464 306 1524 Non
325 1463 487 1525 observans
505 1459 682 1535 interstitia,
699 1463 805 1540 peccat
818 1457 942 1540 quidem
960 1459 1111 1539 graviter,
1127 1457 1180 1520 sed

198 1551 384 1632 probabilius
399 1551 632 1631 suspensionem
643 1565 705 1609 non
718 1548 855 1610 incurrit.

237 1643 308 1702 636.
331 1643 419 1702 -V.
445 1640 488 1702 De
513 1637 648 1700 acumine
668 1644 696 1698 et
719 1635 1009 1718 proclamationibus
1033 1636 1180 1698 ordinan-

197 1727 314 1791 doram.
328 1731 351 1790 l.
369 1727 473 1804 Quoad
485 1745 609 1790 acumen
623 1745 630 1786 ε
648 1727 679 1787 1⁰
693 1725 816 1787 Certum
831 1733 877 1786 est
888 1725 1087 1806 Episcopum,
1099 1731 1181 1788 ante

200 1835 293 1896 quam
308 1817 444 1879 subditos
458 1835 529 1878 suos
543 1814 682 1892 ordinet,
697 1814 814 1890 teneri,
833 1831 888 1895 per
901 1831 934 1875 se
950 1813 997 1875 vel
1015 1832 1073 1894 per
1088 1815 1179 1888 alios,

199 1904 360 1985 diligenter
374 1923 426 1967 eos
435 1901 620 1982 examinare,
636 1919 699 1964 non
713 1903 832 1964 tantbm
842 1903 923 1964 circa
932 1902 1118 1980 doctrinam,
1128 1903 1179 1966 sed

199 1991 288 2052 etiam
303 1993 404 2072 quoad
418 2012 531 2074 genus,
546 2007 729 2073 personam,
744 1997 883 2068 atatem,
900 2007 1001 2053 mores
1015 1997 1046 2053 et
1065 1990 1178 2067 fidem,
1285 2023 1286 2046 i

198 2079 255 2142 nisi
278 2080 336 2142 sint
356 2082 461 2143 saltem
485 2081 647 2158 licentiati,
675 2079 722 2141 vel
745 2077 802 2140 nisi
822 2079 943 2140 aliunde
962 2080 1001 2140 sit
1019 2087 1124 2142 certus
1144 2080 1179 2142 da

199 2167 319 2231 illorum
348 2167 512 2232 idoneitate
535 2189 588 2251 per
603 2167 755 2250 propriam
772 2168 908 2254 notitiam
921 2169 1179 2232 velcommunem

200 2257 387 2338 opinionem.

237 2351 270 2407 ἓ·
292 2351 426 2410 Examen
446 2347 520 2411 illud
546 2365 691 2428 peragere
715 2346 805 2408 debet
835 2363 898 2407 non
922 2345 1022 2423 solus,
1047 2347 1104 2408 sed
1124 2347 1179 2409 sibi

199 2433 319 2496 adscitis
331 2435 409 2497 adid
424 2436 528 2517 peritis
539 2444 569 2498 et
583 2435 700 2498 idoneis
709 2433 790 2506 viris,
805 2440 837 2495 ut
850 2433 914 2495 vult
927 2435 1021 2496 Cone.
1041 2435 1179 2498 {trident

200 2521 285 2603 (sess.
308 2526 365 2598 23,
385 2543 412 2586 c.
434 2527 475 2602 7).
492 2559 531 2570 —
547 2523 594 2584 Ad
609 2522 690 2584 idem
711 2539 839 2584 exanren
853 2527 973 2583 tenetur
988 2521 1180 2604 Episcopus,

142 2607 145 2610 ’
199 2611 289 2672 etiam
305 2630 376 2674 casu
394 2631 456 2693 quo
471 2631 524 2694 per
534 2612 732 2692 semetipsum
742 2609 879 2672 subditos
892 2629 955 2672 non
970 2610 1113 2690 ordinat,
1129 2613 1180 2676 sed

200 2696 239 2760 ad
252 2700 345 2761 alium
359 2701 542 2782 Episcopum
555 2719 607 2763 eos
618 2699 739 2761 dimittit
753 2697 948 2761 ordinandos.

237 2790 270 2848 3⁰
292 2787 419 2858 Quando
447 2791 518 2850 verb
546 2788 714 2870 Episcopus
748 2786 870 2849 ordinat
894 2783 1032 2849 subditos
1064 2787 1181 2849 alienos

234 2875 351 2936 nientes
372 2893 444 2938 curn
464 2876 573 2938 debitis
595 2875 793 2952 dimissoriis,
809 2874 848 2936 ad
868 2873 1027 2956 prelatum
1048 2893 1180 2937 examen

216 2966 259 3026 on
269 2969 410 3041 tenetur,
427 2965 499 3046 quia
508 2965 669 3027 ordinandi
681 2969 897 3045 supponuntur
910 2961 1099 3026 sufficienter
1113 2981 1180 3026 exa·

199 3053 303 3114 minati
322 3059 352 3116 et
371 3054 548 3134 approbati;
576 3059 677 3134 posset
702 3058 804 3114 tamen
831 3069 884 3115 eos
913 3051 1026 3115 iterbm
1045 3053 1179 3115 examini

198 3140 357 3220 subjicere.

215 3241 217 3248 ’
234 3234 266 3291 4⁰
289 3232 386 3308 Certe,
398 3231 423 3294 ai
437 3231 519 3306 velit,
535 3229 704 3312 Episcopus
718 3235 816 3311 potest
831 3228 999 3311 religiosos,
1009 3233 1178 3310 antequam
1203 3263 1205 3270 ⁴

199 3317 262 3380 illos
284 3319 425 3396 ordinet,
442 3319 615 3382 examinare
638 3319 742 3398 (Cone.
759 3317 857 3394 Trid„
880 3335 953 3379 sess.
976 3319 1033 3394 23,
1051 3335 1081 3380 e.
1104 3316 1177 3399 l2);

196 3405 248 3467 sed
261 3413 358 3486 potest
372 3408 463 3470 etiam
477 3426 529 3470 eos
543 3407 610 3470 sine
623 3407 764 3469 examine
776 3406 935 3480 ordinare,
952 3405 1178 3488 acquiescendo

197 3493 367 3556 testimonio
377 3505 503 3557 suorum
518 3496 725 3557 Praelalorum.

230 3591 305 3733 (psl.
328 3592 449 3734 Qpaerit.
462 3592 564 3664 Qualis
578 3590 878 3674 scientiareqniratur
891 3588 931 3652 nd
944 3590 1175 3671 susceptionem

196 3690 230 3733 or
252 3691 337 3734 mum

236 3773 325 3847 Resp.
343 3773 375 3830 l·
388 3775 590 3836 Promovendi
611 3775 648 3834 ad
663 3775 792 3852 primam
806 3781 963 3836 tonsuram
989 3771 1058 3833 lldei
1073 3767 1175 3837 doen·
