2590 4214
217 259 275 316 ull
491 269 640 314 succuum
661 268 743 312 runis
764 267 910 314 canonici.

222 371 299 434 oilli
325 369 425 452 aliqua
449 370 648 434 ecclesiastica
672 369 836 445 beneficia,
856 371 977 433 etiarnsi
1002 390 1115 436 curam
1141 391 1200 436 uon
1283 399 1284 452 y

219 484 237 520 a
257 459 387 522 habeant
399 460 589 537 animarum,
604 458 735 522 conferri
752 458 838 520 liceat
853 479 884 533 n;
900 467 958 522 etc.

257 571 327 630 oto.
341 601 379 613 -
394 570 568 629 Phoroslmo
581 571 611 626 2.
629 563 798 626 Homicidii
812 564 981 626 voluntarii
992 567 1122 628 reiciam
1138 585 1200 628 om·

218 676 267 718 aes
281 658 334 738 qai
341 703 350 732 ,
369 656 482 717 actione
493 656 553 716 siue
563 653 688 736 physico
702 654 761 716 siue
775 651 886 713 morali
893 701 900 728 ,
912 656 1053 734 proximi
1079 663 1199 717 mortem

221 745 327 807 directi
340 743 495 806 intendunt
509 751 538 804 et
550 751 724 824 procurant.

259 853 381 912 Constat
403 868 440 910 ex
461 849 563 929 regula
577 848 676 928 iuris:
699 870 713 905 a
727 846 757 909 Ia
771 846 911 908 domnum
934 847 1002 918 dat,
1021 866 1087 910 non
1102 849 1200 912 solhm

222 965 238 999 a
259 939 312 1020 qui
336 956 389 1020 per·
412 956 444 999 sc
470 937 547 1017 agit,
573 937 625 998 sed
644 945 671 998 et
691 936 745 1018 poi
758 935 995 1018 jactatione
1017 936 1201 1020 irregulares

218 1028 297 1091 liunt
317 1028 369 1108 qui
390 1026 557 1088 voluntario
581 1031 782 1106 cooperantur
802 1024 840 1086 ad
860 1023 1086 1102 homicidium,
1103 1027 1150 1090 vel
1172 1035 1202 1088 ut

220 1115 293 1177 illud
307 1113 452 1190 celeriirs,
468 1113 613 1176 audacius
631 1120 683 1176 aut
702 1113 839 1174 securius
853 1111 903 1174 fiat
917 1133 923 1173 :
939 1121 1031 1192 prout
1047 1116 1202 1178 mandau·
1284 1107 1285 1180 s

219 1208 284 1279 tes,
304 1202 515 1275 consulentes,
536 1203 561 1263 si
585 1203 686 1264 rever'a
710 1200 886 1262 mandatum
910 1201 958 1262 vel
980 1202 1151 1266 consilium
1174 1205 1201 1264 in

218 1290 403 1353 occisionem
418 1289 588 1351 influxerit:
606 1309 641 1352 ex
656 1309 723 1371 cap,
744 1289 781 1352 Si
797 1290 864 1371 quis
878 1287 1021 1366 uiduam,
1042 1299 1074 1353 et
1088 1311 1158 1374 cap.
1173 1299 1201 1365 al,

219 1380 287 1441 dist.
304 1383 353 1455 50,
370 1397 436 1460 cap.
453 1377 644 1460 Sipm'ficcsti
658 1381 706 1454 18,
722 1377 767 1440 De
778 1377 947 1455 horm'cidio,
960 1385 989 1440 et
1003 1397 1074 1461 cap.
1091 1384 1145 1456 23,
1162 1381 1204 1443 oe

220 1467 400 1532 Poeuitmtid
413 1515 421 1545 ,
436 1467 504 1530 dist.
523 1473 550 1530 l.

258 1567 372 1628 Omnes
390 1565 442 1646 qui
460 1583 492 1626 sa
510 1565 548 1626 ad
566 1563 764 1626 homicidium
785 1564 935 1640 excitant,
955 1566 1099 1645 quamvis
1121 1587 1202 1630 unus

219 1656 301 1716 solus
313 1653 445 1730 occidat,
462 1653 642 1734 irregulares
655 1653 754 1714 fiunt:
769 1653 811 1715 uti
833 1653 1007 1734 omnesqui
1023 1655 1202 1734 praeliantur
1285 1689 1286 1716 t

219 1745 251 1804 in
274 1743 354 1804 bello
375 1743 506 1820 injusto,
523 1743 547 1802 si
563 1741 670 1821 aliquis
693 1741 724 1802 in
744 1759 781 1803 eo
801 1739 974 1816 occidatur,
991 1741 1047 1802 etsi
1064 1741 1125 1804 hoc
1140 1761 1200 1806 non

218 1830 374 1891 intendant
388 1829 437 1890 alii
454 1849 461 1890 :
478 1829 530 1890 sed
545 1835 619 1890 tunc
633 1833 771 1909 respectu
787 1828 908 1889 illorum
924 1826 1130 1890 homicidium
1145 1833 1201 1892 erit
1285 1827 1286 1864 l

218 1919 338 1980 casuale
352 1919 490 1980 mixtum.
506 1921 579 1979 ltem
594 1935 702 1978 omnes
722 1916 774 1997 qui
789 1916 960 1977 ministrant
977 1933 1065 1977 arma
1080 1925 1134 1980 aut
1148 1937 1199 2000 pe·

214 2007 323 2069 cunias
338 2005 374 2066 ad
390 2005 585 2068 homicidium
604 2006 650 2066 val
664 2005 778 2066 bellum
792 2005 949 2087 iniustum.

258 2103 365 2164 Verius
380 2101 551 2181 irregularis
566 2101 599 2165 tit
613 2099 764 2162 homicida
776 2102 843 2176 etsi,
854 2107 923 2162 anta
938 2107 1073 2163 mortem
1089 2105 1194 2180 occisi,

214 2191 285 2254 lacti
300 2192 345 2253 sui
361 2192 513 2272 poeniteat.

257 2287 313 2360 Qui
327 2287 479 2348 consuluit
489 2285 686 2349 homicidium
699 2334 707 2362 ,
722 2303 794 2348 casu
809 2304 871 2367 quo
888 2287 1053 2350 consilium
1068 2288 1199 2353 falsitate

215 2375 307 2437 luerit
319 2375 458 2436 innixum
470 2381 521 2436 aut
534 2375 636 2436 datum
651 2374 857 2436 auctoritativa
877 2375 988 2452 modo,
1004 2376 1029 2436 si
1057 2377 1137 2440 illud
1153 2399 1198 2442 re·

217 2473 301 2526 vocet
314 2471 343 2525 et
356 2464 514 2526 salsitatem
528 2462 594 2544 ejus
606 2464 778 2543 patefaciat,
792 2481 853 2524 non
870 2462 903 2524 nt
917 2462 1113 2543 irregularis:
1127 2471 1199 2550 quia
1286 2471 1287 2530 f

214 2558 290 2614 tuno
301 2571 424 2614 causam
435 2551 627 2633 impulsivam
639 2559 732 2612 totam
746 2557 865 2612 revocat
868 2571 879 2626 3
891 2569 980 2614 secus
990 2553 1015 2614 si
1030 2558 1198 2620 consulens

213 2641 376 2705 insinuavit
393 2641 537 2703 motivum
552 2640 597 2702 vel
613 2640 738 2702 modum
753 2639 910 2702 occidendi
928 2660 935 2700 :
952 2641 1026 2722 quia
1046 2644 1196 2708 motivum

212 2726 262 2788 val
277 2729 380 2790 notitia
403 2729 485 2790 modi
512 2745 631 2809 semper
653 2727 780 2790 influere
805 2735 945 2810 pergunt.
972 2731 1045 2792 Haec
1070 2734 1196 2814 quaestiu

215 2832 316 2880 tamen
328 2816 569 2878 controvertitur.

253 2915 425 2996 Disputatur
448 2933 486 2976 an
511 2913 645 2977 incurrat
666 2913 915 2996 irregularitatem
941 2915 967 2977 is
991 2917 1044 2997 qui
1076 2921 1193 3000 primus

211 3003 359 3068 lethaliter
373 3005 534 3086 percussit,
549 3005 573 3065 si
588 3005 637 3066 alii
652 3002 845 3086 postmodum
859 3006 1056 3086 peremerint.
1073 3009 1117 3070 De
1131 3029 1192 3092 quo

210 3094 281 3158 vide
294 3093 460 3169 Manuale,
477 3101 510 3154 n⁰
525 3095 614 3156 loct.

252 3192 374 3266 Quaerit.
391 3195 437 3252 lln
452 3189 791 3271 irregularishabandus
805 3189 840 3250 sit
852 3189 1001 3252 mandans
1011 3199 1066 3254 aut
1080 3212 1186 3258 consu-

213 3279 298 3359 lens,
314 3281 346 3342 in
361 3279 455 3342 dubio
469 3299 508 3342 an
523 3279 699 3340 mandatum
711 3278 757 3339 vel
770 3278 931 3340 consilium
945 3278 1057 3356 luerit,
1072 3281 1118 3344 rel
1134 3301 1185 3360 na,

208 3389 302 3433 causa
315 3369 421 3432 efficax
434 3366 614 3432 homicidii?

251 3471 340 3547 Resp.
358 3465 604 3529 Conamuniorcm
627 3465 691 3526 DI).
709 3464 889 3526 sententiam
913 3464 1065 3530 affirmare
1086 3487 1095 3529 ε
1116 3467 1186 3549 quia

201 3563 242 3624 tn
256 3555 350 3616 dubio
365 3555 556 3634 praesumitur
571 3551 749 3614 mandatum
763 3552 809 3614 vel
822 3553 984 3616 consilium
994 3573 1088 3618 suum
1101 3557 1185 3620 aliac-

201 3650 275 3702 lum
288 3641 464 3721 produxisse
483 3641 655 3721 usquedum
668 3639 853 3702 contrarium
868 3642 1023 3721 probetur.
1040 3644 1182 3707 Praeterea

200 3745 246 3794 ,cx
260 3725 327 3806 cap.
344 3727 394 3788 Ad
406 3728 605 3805 audientiam,
617 3728 750 3791 indubio
765 3729 922 3792 homicidii
932 3777 941 3810 ,
951 3731 1044 3794 tutior
1058 3751 1127 3814 pars
1138 3741 1183 3796 est
