<?xml version="1.0" encoding="UTF-8"?>
<!DOCTYPE html PUBLIC "-//W3C//DTD XHTML 1.0 Transitional//EN"
    "http://www.w3.org/TR/xhtml1/DTD/xhtml1-transitional.dtd">
<html xmlns="http://www.w3.org/1999/xhtml" xml:lang="en" lang="en">
 <head>
  <title>
</title>
<meta http-equiv="Content-Type" content="text/html;charset=utf-8" />
  <meta name='ocr-system' content='tesseract 3.04.00' />
  <meta name='ocr-capabilities' content='ocr_page ocr_carea ocr_par ocr_line ocrx_word'/>
</head>
<body>
  <div class='ocr_page' id='page_1' title='image "./elementajurisca01craigoog_0238.png"; bbox 0 0 2526 4210; ppageno 0'>
   <div class='ocr_carea' id='block_1_1' title="bbox 104 249 1080 459">
    <p class='ocr_par' dir='ltr' id='par_1_1' title="bbox 104 249 1080 459">
     <span class='ocr_line' id='line_1_1' title="bbox 382 249 1079 317; baseline 0.034 -23"><span class='ocrx_word' id='word_1_1' title='bbox 382 257 385 264; x_wconf 93' lang='lat'>·</span> <span class='ocrx_word' id='word_1_2' title='bbox 477 249 564 299; x_wconf 79' lang='lat' dir='ltr'>unua</span> <span class='ocrx_word' id='word_1_3' title='bbox 582 255 698 303; x_wconf 82' lang='lat' dir='ltr'>ramus.</span> <span class='ocrx_word' id='word_1_4' title='bbox 789 291 794 302; x_wconf 71' lang='grc'><strong>.</strong></span> <span class='ocrx_word' id='word_1_5' title='bbox 1018 250 1079 317; x_wconf 71' lang='grc'>219</span> 
     </span>
     <span class='ocr_line' id='line_1_2' title="bbox 104 355 1080 459; baseline 0.03 -42"><span class='ocrx_word' id='word_1_6' title='bbox 104 371 125 418; x_wconf 75' lang='grc' dir='ltr'>ι</span> <span class='ocrx_word' id='word_1_7' title='bbox 145 355 322 438; x_wconf 69' lang='lat' dir='ltr'>pausulam</span> <span class='ocrx_word' id='word_1_8' title='bbox 334 356 550 441; x_wconf 68' lang='lat' dir='ltr'>iurisdictionis</span> <span class='ocrx_word' id='word_1_9' title='bbox 564 366 594 427; x_wconf 92' lang='lat' dir='ltr'>in</span> <span class='ocrx_word' id='word_1_10' title='bbox 607 371 777 436; x_wconf 72' lang='lat' dir='ltr'>universam</span> <span class='ocrx_word' id='word_1_11' title='bbox 792 377 1011 459; x_wconf 84' lang='lat' dir='ltr'>Ecclesiam...,</span> <span class='ocrx_word' id='word_1_12' title='bbox 1026 363 1080 446; x_wconf 85' lang='lat' dir='ltr'>aut</span> 
     </span>
    </p>
   </div>
   <div class='ocr_carea' id='block_1_2' title="bbox 85 441 1131 2846">
    <p class='ocr_par' dir='ltr' id='par_1_2' title="bbox 105 441 1080 712">
     <span class='ocr_line' id='line_1_3' title="bbox 106 441 1078 549; baseline 0.028 -43"><span class='ocrx_word' id='word_1_13' title='bbox 106 463 125 506; x_wconf 74' lang='lat' dir='ltr'>c</span> <span class='ocrx_word' id='word_1_14' title='bbox 147 441 1078 549; x_wconf 15' lang='lat' dir='ltr'>hvancejuspoteslatemnoncsseorrlinariametimmediatam,</span> 
     </span>
     <span class='ocr_line' id='line_1_4' title="bbox 105 533 1080 633; baseline 0.03 -39"><span class='ocrx_word' id='word_1_15' title='bbox 105 551 124 594; x_wconf 77' lang='lat' dir='ltr'>s</span> <span class='ocrx_word' id='word_1_16' title='bbox 145 549 209 633; x_wconf 70' lang='lat' dir='ltr'>cruc</span> <span class='ocrx_word' id='word_1_17' title='bbox 226 533 261 600; x_wconf 88' lang='lat' dir='ltr'>ln</span> <span class='ocrx_word' id='word_1_18' title='bbox 272 550 382 604; x_wconf 78' lang='lat' dir='ltr'>omues</span> <span class='ocrx_word' id='word_1_19' title='bbox 395 547 448 606; x_wconf 85' lang='lat' dir='ltr'>aut</span> <span class='ocrx_word' id='word_1_20' title='bbox 461 543 599 626; x_wconf 80' lang='lat' dir='ltr'>singulas</span> <span class='ocrx_word' id='word_1_21' title='bbox 612 548 777 628; x_wconf 83' lang='lat' dir='ltr'>Ecclesiaa,</span> <span class='ocrx_word' id='word_1_22' title='bbox 798 554 859 617; x_wconf 83' lang='lat' dir='ltr'>sire</span> <span class='ocrx_word' id='word_1_23' title='bbox 878 557 910 618; x_wconf 93' lang='lat' dir='ltr'>in</span> <span class='ocrx_word' id='word_1_24' title='bbox 928 575 1035 621; x_wconf 86' lang='lat' dir='ltr'>omncs</span> <span class='ocrx_word' id='word_1_25' title='bbox 1049 567 1080 624; x_wconf 89' lang='lat' dir='ltr'>et</span> 
     </span>
     <span class='ocr_line' id='line_1_5' title="bbox 108 622 888 712; baseline 0.026 -29"><span class='ocrx_word' id='word_1_26' title='bbox 108 641 125 683; x_wconf 85' lang='lat' dir='ltr'>u</span> <span class='ocrx_word' id='word_1_27' title='bbox 144 622 287 706; x_wconf 75' lang='lat' dir='ltr'>singulos</span> <span class='ocrx_word' id='word_1_28' title='bbox 300 638 438 707; x_wconf 82' lang='lat' dir='ltr'>pastores</span> <span class='ocrx_word' id='word_1_29' title='bbox 451 640 482 694; x_wconf 87' lang='lat' dir='ltr'>ct</span> <span class='ocrx_word' id='word_1_30' title='bbox 497 633 613 712; x_wconf 84' lang='lat' dir='ltr'>fideles,</span> <span class='ocrx_word' id='word_1_31' title='bbox 626 640 785 703; x_wconf 84' lang='lat' dir='ltr'>anathema</span> <span class='ocrx_word' id='word_1_32' title='bbox 801 644 848 704; x_wconf 91' lang='lat' dir='ltr'>sit.</span> <span class='ocrx_word' id='word_1_33' title='bbox 872 665 888 703; x_wconf 78' lang='lat' dir='ltr'>u</span> 
     </span>
    </p>

    <p class='ocr_par' dir='ltr' id='par_1_3' title="bbox 131 717 1004 804">
     <span class='ocr_line' id='line_1_6' title="bbox 131 717 1004 804; baseline 0.014 -28"><span class='ocrx_word' id='word_1_34' title='bbox 131 721 200 778; x_wconf 76' lang='lat'>344.</span> <span class='ocrx_word' id='word_1_35' title='bbox 224 717 347 788; x_wconf 79' lang='lat' dir='ltr'>Quaerit.</span> <span class='ocrx_word' id='word_1_36' title='bbox 365 721 399 780; x_wconf 81' lang='lat'>5⁰</span> <span class='ocrx_word' id='word_1_37' title='bbox 410 719 516 782; x_wconf 85' lang='lat' dir='ltr'>Utrum</span> <span class='ocrx_word' id='word_1_38' title='bbox 532 725 563 783; x_wconf 81' lang='lat' dir='ltr'>S.</span> <span class='ocrx_word' id='word_1_39' title='bbox 582 724 719 784; x_wconf 77' lang='lat' dir='ltr'>Pontifex</span> <span class='ocrx_word' id='word_1_40' title='bbox 736 723 827 804; x_wconf 83' lang='lat' dir='ltr'><strong>possit</strong></span> <span class='ocrx_word' id='word_1_41' title='bbox 838 723 1004 789; x_wconf 76' lang='lat' dir='ltr'>abdicare?</span> 
     </span>
    </p>

    <p class='ocr_par' dir='ltr' id='par_1_4' title="bbox 87 803 1071 1157">
     <span class='ocr_line' id='line_1_7' title="bbox 130 803 1068 892; baseline 0.016 -29"><span class='ocrx_word' id='word_1_42' title='bbox 130 803 220 884; x_wconf 85' lang='lat' dir='ltr'>Resp.</span> <span class='ocrx_word' id='word_1_43' title='bbox 244 803 439 882; x_wconf 72' lang='lat' dir='ltr'>Affirmative,</span> <span class='ocrx_word' id='word_1_44' title='bbox 459 825 495 868; x_wconf 85' lang='lat' dir='ltr'>ex</span> <span class='ocrx_word' id='word_1_45' title='bbox 509 826 575 890; x_wconf 88' lang='lat' dir='ltr'>cap.</span> <span class='ocrx_word' id='word_1_46' title='bbox 602 808 745 885; x_wconf 81' lang='lat' dir='ltr'><em>Quoniam</em></span> <span class='ocrx_word' id='word_1_47' title='bbox 768 814 798 888; x_wconf 93' lang='lat' dir='ltr'>l,</span> <span class='ocrx_word' id='word_1_48' title='bbox 813 810 858 874; x_wconf 88' lang='lat' dir='ltr'>De</span> <span class='ocrx_word' id='word_1_49' title='bbox 880 813 1068 892; x_wconf 69' lang='lat' dir='ltr'>Renuntiut„</span> 
     </span>
     <span class='ocr_line' id='line_1_8' title="bbox 92 891 1071 984; baseline 0.019 -36"><span class='ocrx_word' id='word_1_50' title='bbox 92 908 120 950; x_wconf 78' lang='lat' dir='ltr'>,a</span> <span class='ocrx_word' id='word_1_51' title='bbox 136 893 181 952; x_wconf 87' lang='lat'>6⁰.</span> <span class='ocrx_word' id='word_1_52' title='bbox 199 891 296 970; x_wconf 91' lang='lat' dir='ltr'>Ipsius</span> <span class='ocrx_word' id='word_1_53' title='bbox 312 899 413 954; x_wconf 87' lang='lat' dir='ltr'>autern</span> <span class='ocrx_word' id='word_1_54' title='bbox 433 895 615 959; x_wconf 85' lang='lat' dir='ltr'>renuntiatio</span> <span class='ocrx_word' id='word_1_55' title='bbox 630 899 695 960; x_wconf 89' lang='lat' dir='ltr'>lieri</span> <span class='ocrx_word' id='word_1_56' title='bbox 709 898 799 961; x_wconf 89' lang='lat' dir='ltr'>debet</span> <span class='ocrx_word' id='word_1_57' title='bbox 810 899 891 981; x_wconf 88' lang='lat' dir='ltr'>apud</span> <span class='ocrx_word' id='word_1_58' title='bbox 903 901 1071 984; x_wconf 78' lang='lat' dir='ltr'>Collegium</span> 
     </span>
     <span class='ocr_line' id='line_1_9' title="bbox 88 978 1070 1072; baseline 0.017 -33"><span class='ocrx_word' id='word_1_59' title='bbox 88 978 312 1056; x_wconf 85' lang='lat' dir='ltr'>Gardlnalium,</span> <span class='ocrx_word' id='word_1_60' title='bbox 334 982 406 1044; x_wconf 82' lang='lat' dir='ltr'>clrrn</span> <span class='ocrx_word' id='word_1_61' title='bbox 424 982 463 1044; x_wconf 89' lang='lat' dir='ltr'>ad</span> <span class='ocrx_word' id='word_1_62' title='bbox 477 983 578 1064; x_wconf 86' lang='lat' dir='ltr'>ipsum</span> <span class='ocrx_word' id='word_1_63' title='bbox 592 985 737 1050; x_wconf 78' lang='lat' dir='ltr'>duntaxat</span> <span class='ocrx_word' id='word_1_64' title='bbox 757 993 872 1070; x_wconf 81' lang='lat' dir='ltr'>spectet</span> <span class='ocrx_word' id='word_1_65' title='bbox 894 993 982 1072; x_wconf 82' lang='lat' dir='ltr'>Papae</span> <span class='ocrx_word' id='word_1_66' title='bbox 996 1009 1070 1055; x_wconf 91' lang='lat' dir='ltr'>suc-</span> 
     </span>
     <span class='ocr_line' id='line_1_10' title="bbox 87 1067 951 1157; baseline 0.014 -29"><span class='ocrx_word' id='word_1_67' title='bbox 87 1067 218 1129; x_wconf 87' lang='lat' dir='ltr'>cessoris</span> <span class='ocrx_word' id='word_1_68' title='bbox 228 1068 345 1132; x_wconf 83' lang='lat' dir='ltr'>electio.</span> <span class='ocrx_word' id='word_1_69' title='bbox 363 1071 399 1132; x_wconf 89' lang='lat' dir='ltr'>V.</span> <span class='ocrx_word' id='word_1_70' title='bbox 416 1071 561 1151; x_wconf 86' lang='lat' dir='ltr'>Ferraris,</span> <span class='ocrx_word' id='word_1_71' title='bbox 574 1086 605 1136; x_wconf 68' lang='grc' dir='ltr'>νο</span> <span class='ocrx_word' id='word_1_72' title='bbox 620 1076 717 1157; x_wconf 87' lang='lat' dir='ltr'>Papo,</span> <span class='ocrx_word' id='word_1_73' title='bbox 734 1083 789 1138; x_wconf 90' lang='lat' dir='ltr'>art.</span> <span class='ocrx_word' id='word_1_74' title='bbox 806 1081 836 1152; x_wconf 70' lang='lat' dir='ltr'>t,</span> <span class='ocrx_word' id='word_1_75' title='bbox 851 1091 886 1139; x_wconf 88' lang='lat' dir='ltr'>n⁰</span> <span class='ocrx_word' id='word_1_76' title='bbox 901 1079 951 1140; x_wconf 89' lang='grc'>36.</span> 
     </span>
    </p>

    <p class='ocr_par' dir='ltr' id='par_1_5' title="bbox 85 1157 1072 1328">
     <span class='ocr_line' id='line_1_11' title="bbox 127 1157 1072 1250; baseline 0.014 -30"><span class='ocrx_word' id='word_1_77' title='bbox 127 1159 201 1220; x_wconf 77' lang='grc'><strong>345.</strong></span> <span class='ocrx_word' id='word_1_78' title='bbox 224 1157 346 1230; x_wconf 85' lang='lat' dir='ltr'>Quaerit.</span> <span class='ocrx_word' id='word_1_79' title='bbox 362 1162 395 1222; x_wconf 84' lang='lat'>6·</span> <span class='ocrx_word' id='word_1_80' title='bbox 412 1161 521 1225; x_wconf 82' lang='lat' dir='ltr'><strong>Utrum</strong></span> <span class='ocrx_word' id='word_1_81' title='bbox 543 1163 624 1244; x_wconf 87' lang='lat' dir='ltr'>Papa</span> <span class='ocrx_word' id='word_1_82' title='bbox 649 1163 681 1226; x_wconf 94' lang='lat' dir='ltr'>in</span> <span class='ocrx_word' id='word_1_83' title='bbox 700 1163 839 1228; x_wconf 87' lang='lat' dir='ltr'>haeresim</span> <span class='ocrx_word' id='word_1_84' title='bbox 854 1166 976 1249; x_wconf 84' lang='lat' dir='ltr'>lapsus,</span> <span class='ocrx_word' id='word_1_85' title='bbox 1003 1167 1072 1250; x_wconf 90' lang='lat' dir='ltr'>ipso</span> 
     </span>
     <span class='ocr_line' id='line_1_12' title="bbox 85 1246 543 1328; baseline 0.011 -19"><span class='ocrx_word' id='word_1_86' title='bbox 85 1246 155 1328; x_wconf 87' lang='lat' dir='ltr'>jure</span> <span class='ocrx_word' id='word_1_87' title='bbox 170 1247 189 1308; x_wconf 76' lang='lat' dir='ltr'>a</span> <span class='ocrx_word' id='word_1_88' title='bbox 205 1247 384 1312; x_wconf 86' lang='lat' dir='ltr'>Pontificatu</span> <span class='ocrx_word' id='word_1_89' title='bbox 398 1249 543 1314; x_wconf 76' lang='lat' dir='ltr'>decidat?</span> 
     </span>
    </p>

    <p class='ocr_par' dir='ltr' id='par_1_6' title="bbox 88 1337 1073 2226">
     <span class='ocr_line' id='line_1_13' title="bbox 127 1337 1070 1425; baseline 0.012 -28"><span class='ocrx_word' id='word_1_90' title='bbox 127 1337 223 1417; x_wconf 88' lang='lat' dir='ltr'>Resp.</span> <span class='ocrx_word' id='word_1_91' title='bbox 239 1338 315 1400; x_wconf 85' lang='lat' dir='ltr'>Cum</span> <span class='ocrx_word' id='word_1_92' title='bbox 337 1339 373 1401; x_wconf 88' lang='lat' dir='ltr'>R.</span> <span class='ocrx_word' id='word_1_93' title='bbox 401 1338 439 1402; x_wconf 90' lang='lat' dir='ltr'>de</span> <span class='ocrx_word' id='word_1_94' title='bbox 460 1341 501 1404; x_wconf 87' lang='grc' dir='ltr'>Μ.</span> <span class='ocrx_word' id='word_1_95' title='bbox 522 1341 565 1418; x_wconf 91' lang='lat' dir='ltr'>(in</span> <span class='ocrx_word' id='word_1_96' title='bbox 583 1341 645 1406; x_wconf 89' lang='lat' dir='ltr'>suis</span> <span class='ocrx_word' id='word_1_97' title='bbox 663 1343 739 1406; x_wconf 82' lang='lat' dir='ltr'>lust.</span> <span class='ocrx_word' id='word_1_98' title='bbox 758 1343 827 1425; x_wconf 87' lang='lat' dir='ltr'>jur.</span> <span class='ocrx_word' id='word_1_99' title='bbox 853 1365 973 1423; x_wconf 70' lang='lat' dir='ltr'>canoa,</span> <span class='ocrx_word' id='word_1_100' title='bbox 993 1351 1015 1409; x_wconf 87' lang='lat' dir='ltr'>t.</span> <span class='ocrx_word' id='word_1_101' title='bbox 1040 1349 1070 1423; x_wconf 91' lang='lat' dir='ltr'>l,</span> 
     </span>
     <span class='ocr_line' id='line_1_14' title="bbox 88 1425 1071 1516; baseline 0.009 -29"><span class='ocrx_word' id='word_1_102' title='bbox 88 1444 118 1505; x_wconf 89' lang='lat' dir='ltr'>p.</span> <span class='ocrx_word' id='word_1_103' title='bbox 134 1425 232 1508; x_wconf 75' lang='lat'>265):</span> <span class='ocrx_word' id='word_1_104' title='bbox 253 1428 356 1490; x_wconf 76' lang='lat' dir='ltr'>ulluae</span> <span class='ocrx_word' id='word_1_105' title='bbox 374 1432 447 1490; x_wconf 90' lang='lat' dir='ltr'>sunt</span> <span class='ocrx_word' id='word_1_106' title='bbox 459 1429 635 1511; x_wconf 88' lang='lat' dir='ltr'>opiniones,</span> <span class='ocrx_word' id='word_1_107' title='bbox 649 1432 689 1494; x_wconf 85' lang='lat' dir='ltr'>ait</span> <span class='ocrx_word' id='word_1_108' title='bbox 709 1436 843 1510; x_wconf 83' lang='lat' dir='ltr'>Azor...‚</span> <span class='ocrx_word' id='word_1_109' title='bbox 864 1453 995 1516; x_wconf 88' lang='lat' dir='ltr'>quarum</span> <span class='ocrx_word' id='word_1_110' title='bbox 1009 1453 1071 1496; x_wconf 87' lang='lat' dir='ltr'>nna</span> 
     </span>
     <span class='ocr_line' id='line_1_15' title="bbox 92 1514 1069 1603; baseline 0.011 -30"><span class='ocrx_word' id='word_1_111' title='bbox 92 1536 107 1572; x_wconf 80' lang='lat' dir='ltr'>a</span> <span class='ocrx_word' id='word_1_112' title='bbox 125 1514 259 1586; x_wconf 80' lang='lat' dir='ltr'>affirmat</span> <span class='ocrx_word' id='word_1_113' title='bbox 274 1534 338 1578; x_wconf 90' lang='lat' dir='ltr'>esse</span> <span class='ocrx_word' id='word_1_114' title='bbox 359 1516 485 1599; x_wconf 89' lang='lat' dir='ltr'>quidem</span> <span class='ocrx_word' id='word_1_115' title='bbox 501 1519 570 1600; x_wconf 87' lang='lat' dir='ltr'>jure</span> <span class='ocrx_word' id='word_1_116' title='bbox 587 1520 690 1582; x_wconf 91' lang='lat' dir='ltr'>divino</span> <span class='ocrx_word' id='word_1_117' title='bbox 709 1521 860 1601; x_wconf 90' lang='lat' dir='ltr'>privatum</span> <span class='ocrx_word' id='word_1_118' title='bbox 880 1521 1069 1603; x_wconf 88' lang='lat' dir='ltr'>pontificatu,</span> 
     </span>
     <span class='ocr_line' id='line_1_16' title="bbox 92 1603 1071 1690; baseline 0.008 -28"><span class='ocrx_word' id='word_1_119' title='bbox 92 1625 106 1662; x_wconf 80' lang='lat' dir='ltr'>a</span> <span class='ocrx_word' id='word_1_120' title='bbox 128 1603 185 1666; x_wconf 88' lang='lat' dir='ltr'>sed</span> <span class='ocrx_word' id='word_1_121' title='bbox 208 1603 349 1668; x_wconf 73' lang='lat' dir='ltr'>Ecclesiae</span> <span class='ocrx_word' id='word_1_122' title='bbox 371 1608 520 1670; x_wconf 74' lang='lat' dir='ltr'>sententio</span> <span class='ocrx_word' id='word_1_123' title='bbox 539 1614 642 1690; x_wconf 88' lang='lat' dir='ltr'>postea</span> <span class='ocrx_word' id='word_1_124' title='bbox 660 1609 877 1672; x_wconf 87' lang='lat' dir='ltr'>declarandum</span> <span class='ocrx_word' id='word_1_125' title='bbox 898 1610 938 1672; x_wconf 91' lang='lat' dir='ltr'>ob</span> <span class='ocrx_word' id='word_1_126' title='bbox 956 1609 1071 1674; x_wconf 85' lang='lat' dir='ltr'>crimen</span> 
     </span>
     <span class='ocr_line' id='line_1_17' title="bbox 92 1691 1072 1778; baseline 0.007 -26"><span class='ocrx_word' id='word_1_127' title='bbox 92 1716 107 1752; x_wconf 80' lang='lat' dir='ltr'>u</span> <span class='ocrx_word' id='word_1_128' title='bbox 128 1691 255 1756; x_wconf 84' lang='lat' dir='ltr'>haeresis</span> <span class='ocrx_word' id='word_1_129' title='bbox 269 1695 452 1758; x_wconf 64' lang='lat' dir='ltr'>pronuncio</span> <span class='ocrx_word' id='word_1_130' title='bbox 463 1696 610 1778; x_wconf 79' lang='lat' dir='ltr'>dignitate</span> <span class='ocrx_word' id='word_1_131' title='bbox 623 1697 785 1776; x_wconf 88' lang='lat' dir='ltr'>cecidisse;</span> <span class='ocrx_word' id='word_1_132' title='bbox 798 1697 877 1762; x_wconf 88' lang='lat' dir='ltr'>hano</span> <span class='ocrx_word' id='word_1_133' title='bbox 889 1699 1072 1762; x_wconf 88' lang='lat' dir='ltr'>sententiam</span> 
     </span>
     <span class='ocr_line' id='line_1_18' title="bbox 93 1783 1070 1864; baseline 0.006 -22"><span class='ocrx_word' id='word_1_134' title='bbox 93 1806 107 1842; x_wconf 79' lang='lat' dir='ltr'>n</span> <span class='ocrx_word' id='word_1_135' title='bbox 128 1789 255 1846; x_wconf 84' lang='lat' dir='ltr'>tuentur</span> <span class='ocrx_word' id='word_1_136' title='bbox 270 1783 453 1862; x_wconf 86' lang='lat' dir='ltr'>Paludcnus,</span> <span class='ocrx_word' id='word_1_137' title='bbox 464 1793 548 1848; x_wconf 90' lang='lat' dir='ltr'>etc...</span> <span class='ocrx_word' id='word_1_138' title='bbox 562 1786 729 1850; x_wconf 89' lang='lat' dir='ltr'>Haereticus</span> <span class='ocrx_word' id='word_1_139' title='bbox 740 1794 785 1850; x_wconf 89' lang='lat' dir='ltr'>est</span> <span class='ocrx_word' id='word_1_140' title='bbox 794 1793 878 1850; x_wconf 83' lang='lat' dir='ltr'>extra</span> <span class='ocrx_word' id='word_1_141' title='bbox 892 1787 1070 1864; x_wconf 80' lang='lat' dir='ltr'>Ecclesiam,</span> 
     </span>
     <span class='ocr_line' id='line_1_19' title="bbox 93 1872 1069 1958; baseline 0.007 -27"><span class='ocrx_word' id='word_1_142' title='bbox 93 1893 108 1931; x_wconf 79' lang='lat' dir='ltr'>a</span> <span class='ocrx_word' id='word_1_143' title='bbox 127 1889 166 1934; x_wconf 89' lang='lat' dir='ltr'>ac</span> <span class='ocrx_word' id='word_1_144' title='bbox 181 1872 309 1953; x_wconf 81' lang='lat' dir='ltr'>proinde</span> <span class='ocrx_word' id='word_1_145' title='bbox 328 1873 471 1936; x_wconf 78' lang='lat' dir='ltr'>Ecclesiae</span> <span class='ocrx_word' id='word_1_146' title='bbox 484 1875 658 1939; x_wconf 85' lang='lat' dir='ltr'>membrum</span> <span class='ocrx_word' id='word_1_147' title='bbox 673 1894 736 1939; x_wconf 94' lang='lat' dir='ltr'>non</span> <span class='ocrx_word' id='word_1_148' title='bbox 750 1874 898 1939; x_wconf 89' lang='lat' dir='ltr'>habetur:</span> <span class='ocrx_word' id='word_1_149' title='bbox 915 1876 1069 1958; x_wconf 86' lang='lat' dir='ltr'>quomodo</span> 
     </span>
     <span class='ocr_line' id='line_1_20' title="bbox 92 1959 1073 2046; baseline 0.007 -25"><span class='ocrx_word' id='word_1_150' title='bbox 92 1983 107 2020; x_wconf 80' lang='lat' dir='ltr'>a</span> <span class='ocrx_word' id='word_1_151' title='bbox 128 1959 224 2042; x_wconf 82' lang='lat' dir='ltr'>igilur</span> <span class='ocrx_word' id='word_1_152' title='bbox 237 1967 327 2044; x_wconf 85' lang='lat' dir='ltr'>caput</span> <span class='ocrx_word' id='word_1_153' title='bbox 336 1963 479 2025; x_wconf 72' lang='lat' dir='ltr'>Ecclesia</span> <span class='ocrx_word' id='word_1_154' title='bbox 490 1970 588 2045; x_wconf 89' lang='lat' dir='ltr'>potest</span> <span class='ocrx_word' id='word_1_155' title='bbox 602 1983 668 2028; x_wconf 89' lang='lat' dir='ltr'>esse</span> <span class='ocrx_word' id='word_1_156' title='bbox 680 1965 732 2046; x_wconf 86' lang='lat' dir='ltr'>qui</span> <span class='ocrx_word' id='word_1_157' title='bbox 747 1965 920 2029; x_wconf 88' lang='lat' dir='ltr'>membrum</span> <span class='ocrx_word' id='word_1_158' title='bbox 931 1965 1073 2040; x_wconf 72' lang='lat' dir='ltr'>Ecclesia</span> 
     </span>
     <span class='ocr_line' id='line_1_21' title="bbox 93 2050 1073 2136; baseline 0.005 -26"><span class='ocrx_word' id='word_1_159' title='bbox 93 2071 108 2110; x_wconf 72' lang='lat' dir='ltr'>a</span> <span class='ocrx_word' id='word_1_160' title='bbox 128 2067 195 2112; x_wconf 92' lang='lat' dir='ltr'>non</span> <span class='ocrx_word' id='word_1_161' title='bbox 216 2050 321 2114; x_wconf 76' lang='lat' dir='ltr'>esti...</span> <span class='ocrx_word' id='word_1_162' title='bbox 341 2050 425 2114; x_wconf 90' lang='lat' dir='ltr'>ldem</span> <span class='ocrx_word' id='word_1_163' title='bbox 443 2052 561 2116; x_wconf 88' lang='lat' dir='ltr'>videtur</span> <span class='ocrx_word' id='word_1_164' title='bbox 579 2053 688 2116; x_wconf 90' lang='lat' dir='ltr'>deduci</span> <span class='ocrx_word' id='word_1_165' title='bbox 709 2073 746 2116; x_wconf 82' lang='lat' dir='ltr'>ex</span> <span class='ocrx_word' id='word_1_166' title='bbox 764 2073 830 2136; x_wconf 85' lang='lat' dir='ltr'>cap.</span> <span class='ocrx_word' id='word_1_167' title='bbox 855 2054 938 2130; x_wconf 80' lang='lat' dir='ltr'>Quod</span> <span class='ocrx_word' id='word_1_168' title='bbox 950 2064 1050 2117; x_wconf 85' lang='lat' dir='ltr'>autem</span> <span class='ocrx_word' id='word_1_169' title='bbox 1059 2070 1073 2130; x_wconf 88' lang='lat'><em>;</em></span> 
     </span>
     <span class='ocr_line' id='line_1_22' title="bbox 93 2141 975 2226; baseline 0.008 -27"><span class='ocrx_word' id='word_1_170' title='bbox 93 2161 108 2198; x_wconf 82' lang='lat' dir='ltr'>c</span> <span class='ocrx_word' id='word_1_171' title='bbox 127 2158 200 2221; x_wconf 89' lang='lat' dir='ltr'>cap.</span> <span class='ocrx_word' id='word_1_172' title='bbox 215 2141 341 2202; x_wconf 79' lang='lat' dir='ltr'>Aeacius</span> <span class='ocrx_word' id='word_1_173' title='bbox 353 2161 360 2216; x_wconf 93' lang='lat'>;</span> <span class='ocrx_word' id='word_1_174' title='bbox 374 2159 440 2226; x_wconf 82' lang='lat' dir='ltr'>cap.</span> <span class='ocrx_word' id='word_1_175' title='bbox 457 2142 643 2219; x_wconf 84' lang='lat' dir='ltr'>Audivimus,</span> <span class='ocrx_word' id='word_1_176' title='bbox 660 2161 742 2206; x_wconf 91' lang='lat' dir='ltr'>caus.</span> <span class='ocrx_word' id='word_1_177' title='bbox 756 2148 807 2220; x_wconf 74' lang='lat' dir='ltr'>al,</span> <span class='ocrx_word' id='word_1_178' title='bbox 824 2163 854 2225; x_wconf 92' lang='lat' dir='ltr'>q.</span> <span class='ocrx_word' id='word_1_179' title='bbox 873 2147 902 2220; x_wconf 90' lang='lat' dir='ltr'>l,</span> <span class='ocrx_word' id='word_1_180' title='bbox 916 2149 975 2206; x_wconf 90' lang='lat' dir='ltr'>etc.</span> 
     </span>
    </p>

    <p class='ocr_par' dir='ltr' id='par_1_7' title="bbox 93 2229 1131 2846">
     <span class='ocr_line' id='line_1_23' title="bbox 133 2229 1071 2312; baseline 0.003 -22"><span class='ocrx_word' id='word_1_181' title='bbox 133 2251 149 2290; x_wconf 82' lang='grc' dir='ltr'>ι</span> <span class='ocrx_word' id='word_1_182' title='bbox 172 2230 313 2292; x_wconf 91' lang='lat' dir='ltr'>Secunda</span> <span class='ocrx_word' id='word_1_183' title='bbox 325 2230 427 2311; x_wconf 91' lang='lat' dir='ltr'>opinio</span> <span class='ocrx_word' id='word_1_184' title='bbox 439 2238 528 2311; x_wconf 84' lang='lat' dir='ltr'>negat</span> <span class='ocrx_word' id='word_1_185' title='bbox 543 2235 710 2312; x_wconf 82' lang='lat' dir='ltr'>generatim</span> <span class='ocrx_word' id='word_1_186' title='bbox 725 2234 853 2312; x_wconf 88' lang='lat' dir='ltr'>Papam,</span> <span class='ocrx_word' id='word_1_187' title='bbox 872 2230 985 2294; x_wconf 86' lang='lat' dir='ltr'>lactum</span> <span class='ocrx_word' id='word_1_188' title='bbox 1008 2229 1071 2293; x_wconf 88' lang='lat' dir='ltr'>hae·</span> 
     </span>
     <span class='ocr_line' id='line_1_24' title="bbox 93 2316 1074 2402; baseline -0.001 -24"><span class='ocrx_word' id='word_1_189' title='bbox 93 2341 108 2378; x_wconf 78' lang='lat' dir='ltr'>a</span> <span class='ocrx_word' id='word_1_190' title='bbox 129 2319 274 2397; x_wconf 78' lang='lat' dir='ltr'>relicum,</span> <span class='ocrx_word' id='word_1_191' title='bbox 291 2337 356 2381; x_wconf 87' lang='lat' dir='ltr'>esse</span> <span class='ocrx_word' id='word_1_192' title='bbox 367 2321 436 2399; x_wconf 87' lang='lat' dir='ltr'>jure</span> <span class='ocrx_word' id='word_1_193' title='bbox 450 2320 552 2382; x_wconf 90' lang='lat' dir='ltr'>divino</span> <span class='ocrx_word' id='word_1_194' title='bbox 567 2323 622 2383; x_wconf 79' lang='lat' dir='ltr'>sut</span> <span class='ocrx_word' id='word_1_195' title='bbox 642 2325 825 2402; x_wconf 81' lang='lat' dir='ltr'>potestate...</span> <span class='ocrx_word' id='word_1_196' title='bbox 842 2326 997 2395; x_wconf 89' lang='lat' dir='ltr'>amotum,</span> <span class='ocrx_word' id='word_1_197' title='bbox 1019 2316 1074 2382; x_wconf 88' lang='lat' dir='ltr'>sed</span> 
     </span>
     <span class='ocr_line' id='line_1_25' title="bbox 94 2407 1077 2490; baseline 0.004 -24"><span class='ocrx_word' id='word_1_198' title='bbox 94 2407 337 2471; x_wconf 73' lang='lat' dir='ltr'>«amovendum</span> <span class='ocrx_word' id='word_1_199' title='bbox 359 2427 366 2469; x_wconf 92' lang='lat'><strong>:</strong></span> <span class='ocrx_word' id='word_1_200' title='bbox 392 2428 460 2490; x_wconf 81' lang='lat' dir='ltr'>quaa</span> <span class='ocrx_word' id='word_1_201' title='bbox 486 2411 634 2471; x_wconf 88' lang='lat' dir='ltr'>sententia</span> <span class='ocrx_word' id='word_1_202' title='bbox 655 2417 700 2471; x_wconf 89' lang='lat' dir='ltr'>est</span> <span class='ocrx_word' id='word_1_203' title='bbox 722 2408 875 2490; x_wconf 86' lang='lat' dir='ltr'>Cajetani‚</span> <span class='ocrx_word' id='word_1_204' title='bbox 897 2415 983 2471; x_wconf 91' lang='lat' dir='ltr'>etc...</span> <span class='ocrx_word' id='word_1_205' title='bbox 1005 2411 1077 2470; x_wconf 82' lang='lat' dir='ltr'>Non</span> 
     </span>
     <span class='ocr_line' id='line_1_26' title="bbox 93 2497 1131 2580; baseline 0.005 -25"><span class='ocrx_word' id='word_1_206' title='bbox 93 2519 109 2555; x_wconf 81' lang='lat' dir='ltr'>n</span> <span class='ocrx_word' id='word_1_207' title='bbox 129 2498 328 2560; x_wconf 85' lang='lat' dir='ltr'>enimcaeterl</span> <span class='ocrx_word' id='word_1_208' title='bbox 342 2498 485 2580; x_wconf 84' lang='lat' dir='ltr'>Episcopi</span> <span class='ocrx_word' id='word_1_209' title='bbox 500 2500 601 2559; x_wconf 89' lang='lat' dir='ltr'>statim</span> <span class='ocrx_word' id='word_1_210' title='bbox 613 2517 648 2560; x_wconf 91' lang='lat' dir='ltr'>ac</span> <span class='ocrx_word' id='word_1_211' title='bbox 656 2504 726 2560; x_wconf 88' lang='lat' dir='ltr'>sunt</span> <span class='ocrx_word' id='word_1_212' title='bbox 736 2497 878 2575; x_wconf 73' lang='lat' dir='ltr'>haeretici,</span> <span class='ocrx_word' id='word_1_213' title='bbox 892 2498 958 2578; x_wconf 92' lang='lat' dir='ltr'>ipso</span> <span class='ocrx_word' id='word_1_214' title='bbox 966 2499 1074 2577; x_wconf 86' lang='lat' dir='ltr'>juro...</span> <span class='ocrx_word' id='word_1_215' title='bbox 1127 2497 1131 2505; x_wconf 87' lang='lat'>&#39;</span> 
     </span>
     <span class='ocr_line' id='line_1_27' title="bbox 95 2586 1073 2665; baseline 0.003 -19"><span class='ocrx_word' id='word_1_216' title='bbox 95 2609 110 2646; x_wconf 80' lang='lat' dir='ltr'>a</span> <span class='ocrx_word' id='word_1_217' title='bbox 130 2586 242 2665; x_wconf 85' lang='lat' dir='ltr'>dejecti</span> <span class='ocrx_word' id='word_1_218' title='bbox 258 2595 434 2656; x_wconf 85' lang='lat' dir='ltr'>censentur,</span> <span class='ocrx_word' id='word_1_219' title='bbox 447 2591 589 2650; x_wconf 82' lang='lat' dir='ltr'>Donec...</span> <span class='ocrx_word' id='word_1_220' title='bbox 603 2587 709 2649; x_wconf 88' lang='lat' dir='ltr'>saltem</span> <span class='ocrx_word' id='word_1_221' title='bbox 722 2603 829 2649; x_wconf 88' lang='lat' dir='ltr'>eorum</span> <span class='ocrx_word' id='word_1_222' title='bbox 843 2588 959 2648; x_wconf 89' lang='lat' dir='ltr'>crimen</span> <span class='ocrx_word' id='word_1_223' title='bbox 972 2587 1073 2650; x_wconf 88' lang='lat' dir='ltr'>decla·</span> 
     </span>
     <span class='ocr_line' id='line_1_28' title="bbox 93 2675 1075 2758; baseline 0.006 -24"><span class='ocrx_word' id='word_1_224' title='bbox 93 2698 111 2734; x_wconf 79' lang='lat' dir='ltr'>u</span> <span class='ocrx_word' id='word_1_225' title='bbox 130 2683 228 2746; x_wconf 86' lang='lat' dir='ltr'>ratur,</span> <span class='ocrx_word' id='word_1_226' title='bbox 241 2676 402 2740; x_wconf 85' lang='lat' dir='ltr'>interim...</span> <span class='ocrx_word' id='word_1_227' title='bbox 419 2675 520 2738; x_wconf 87' lang='lat' dir='ltr'>valent</span> <span class='ocrx_word' id='word_1_228' title='bbox 533 2695 602 2757; x_wconf 85' lang='lat' dir='ltr'>quae</span> <span class='ocrx_word' id='word_1_229' title='bbox 612 2683 744 2758; x_wconf 82' lang='lat' dir='ltr'>agunt...</span> <span class='ocrx_word' id='word_1_230' title='bbox 754 2679 780 2738; x_wconf 84' lang='grc' dir='ltr'>Α</span> <span class='ocrx_word' id='word_1_231' title='bbox 791 2676 926 2738; x_wconf 86' lang='lat' dir='ltr'>Concilio</span> <span class='ocrx_word' id='word_1_232' title='bbox 936 2676 1075 2740; x_wconf 88' lang='lat' dir='ltr'>Gcnerali</span> 
     </span>
     <span class='ocr_line' id='line_1_29' title="bbox 94 2763 970 2846; baseline 0.002 -21"><span class='ocrx_word' id='word_1_233' title='bbox 94 2785 112 2825; x_wconf 77' lang='grc' dir='ltr'><strong><em>ι</em></strong></span> <span class='ocrx_word' id='word_1_234' title='bbox 130 2763 322 2830; x_wconf 87' lang='lat' dir='ltr'>amovendus</span> <span class='ocrx_word' id='word_1_235' title='bbox 336 2770 416 2827; x_wconf 85' lang='lat' dir='ltr'>esset</span> <span class='ocrx_word' id='word_1_236' title='bbox 429 2766 526 2846; x_wconf 83' lang='lat' dir='ltr'>Papa,</span> <span class='ocrx_word' id='word_1_237' title='bbox 538 2765 564 2828; x_wconf 94' lang='lat' dir='ltr'>si</span> <span class='ocrx_word' id='word_1_238' title='bbox 578 2765 611 2828; x_wconf 90' lang='lat' dir='ltr'>in</span> <span class='ocrx_word' id='word_1_239' title='bbox 624 2765 764 2830; x_wconf 85' lang='lat' dir='ltr'>haeresim</span> <span class='ocrx_word' id='word_1_240' title='bbox 778 2765 939 2830; x_wconf 87' lang='lat' dir='ltr'>laberetur.</span> <span class='ocrx_word' id='word_1_241' title='bbox 954 2787 970 2827; x_wconf 75' lang='lat' dir='ltr'>a</span> 
     </span>
    </p>
   </div>
   <div class='ocr_carea' id='block_1_3' title="bbox 518 2836 1099 3026">
    <p class='ocr_par' dir='ltr' id='par_1_8' title="bbox 518 2836 1099 3026">
     <span class='ocr_line' id='line_1_30' title="bbox 1088 2836 1099 2905; baseline 0 0"><span class='ocrx_word' id='word_1_242' title='bbox 1088 2836 1099 2905; x_wconf 87' lang='lat' dir='ltr'>l</span> 
     </span>
     <span class='ocr_line' id='line_1_31' title="bbox 518 2963 663 3026; baseline 0.021 -4"><span class='ocrx_word' id='word_1_243' title='bbox 518 2963 605 3023; x_wconf 84' lang='lat' dir='ltr'>ART.</span> <span class='ocrx_word' id='word_1_244' title='bbox 628 2965 663 3026; x_wconf 85' lang='lat' dir='ltr'>ll.</span> 
     </span>
    </p>
   </div>
   <div class='ocr_carea' id='block_1_4' title="bbox 218 3103 949 3154">
    <p class='ocr_par' dir='ltr' id='par_1_9' title="bbox 218 3103 949 3154">
     <span class='ocr_line' id='line_1_32' title="bbox 218 3103 949 3154; baseline 0.004 -3"><span class='ocrx_word' id='word_1_245' title='bbox 218 3103 258 3151; x_wconf 80' lang='lat' dir='ltr'>DE</span> <span class='ocrx_word' id='word_1_246' title='bbox 279 3103 397 3152; x_wconf 80' lang='lat' dir='ltr'>Junsstus</span> <span class='ocrx_word' id='word_1_247' title='bbox 418 3106 560 3153; x_wconf 76' lang='lat' dir='ltr'>rmunuul</span> <span class='ocrx_word' id='word_1_248' title='bbox 581 3107 605 3152; x_wconf 89' lang='lat' dir='ltr'>S.</span> <span class='ocrx_word' id='word_1_249' title='bbox 628 3107 792 3154; x_wconf 78' lang='lat' dir='ltr'>rouummrs</span> <span class='ocrx_word' id='word_1_250' title='bbox 812 3108 949 3154; x_wconf 71' lang='lat' dir='ltr'>luctuum.</span> 
     </span>
    </p>
   </div>
   <div class='ocr_carea' id='block_1_5' title="bbox 133 3279 1076 3651">
    <p class='ocr_par' dir='ltr' id='par_1_10' title="bbox 133 3279 1076 3651">
     <span class='ocr_line' id='line_1_33' title="bbox 554 3279 615 3362; baseline 0.049 -20"><span class='ocrx_word' id='word_1_251' title='bbox 554 3279 571 3362; x_wconf 70' lang='grc' dir='ltr'><strong>ς</strong></span> <span class='ocrx_word' id='word_1_252' title='bbox 591 3283 615 3345; x_wconf 93' lang='grc' dir='ltr'>Ι.</span> 
     </span>
     <span class='ocr_line' id='line_1_34' title="bbox 376 3413 795 3497; baseline 0 -17"><span class='ocrx_word' id='word_1_253' title='bbox 376 3415 422 3480; x_wconf 85' lang='lat' dir='ltr'>De</span> <span class='ocrx_word' id='word_1_254' title='bbox 431 3413 555 3478; x_wconf 68' lang='lat' dir='ltr'>duribus</span> <span class='ocrx_word' id='word_1_255' title='bbox 567 3415 599 3476; x_wconf 86' lang='lat' dir='ltr'>in</span> <span class='ocrx_word' id='word_1_256' title='bbox 610 3414 795 3497; x_wconf 73' lang='lat' dir='ltr'>spiritualia.</span> 
     </span>
     <span class='ocr_line' id='line_1_35' title="bbox 133 3567 1076 3651; baseline -0.002 -14"><span class='ocrx_word' id='word_1_257' title='bbox 133 3574 206 3638; x_wconf 69' lang='grc'><strong>366.</strong></span> <span class='ocrx_word' id='word_1_258' title='bbox 230 3569 340 3634; x_wconf 87' lang='lat' dir='ltr'>Omnia</span> <span class='ocrx_word' id='word_1_259' title='bbox 352 3569 421 3650; x_wconf 80' lang='lat' dir='ltr'>iura</span> <span class='ocrx_word' id='word_1_260' title='bbox 442 3567 585 3651; x_wconf 87' lang='lat' dir='ltr'>primatui</span> <span class='ocrx_word' id='word_1_261' title='bbox 604 3568 636 3631; x_wconf 89' lang='lat' dir='ltr'>S.</span> <span class='ocrx_word' id='word_1_262' title='bbox 657 3567 854 3631; x_wconf 77' lang='lat' dir='ltr'>Pontificatus</span> <span class='ocrx_word' id='word_1_263' title='bbox 878 3569 1016 3645; x_wconf 83' lang='lat' dir='ltr'>adnexa,</span> <span class='ocrx_word' id='word_1_264' title='bbox 1039 3571 1076 3634; x_wconf 85' lang='lat' dir='ltr'>ab</span> 
     </span>
    </p>
   </div>
   <div class='ocr_carea' id='block_1_6' title="bbox 95 3657 1077 3828">
    <p class='ocr_par' dir='ltr' id='par_1_11' title="bbox 95 3657 1077 3828">
     <span class='ocr_line' id='line_1_36' title="bbox 95 3657 1077 3742; baseline -0.001 -19"><span class='ocrx_word' id='word_1_265' title='bbox 95 3663 148 3724; x_wconf 93' lang='lat' dir='ltr'>illo</span> <span class='ocrx_word' id='word_1_266' title='bbox 158 3661 312 3742; x_wconf 89' lang='lat' dir='ltr'>imprimis</span> <span class='ocrx_word' id='word_1_267' title='bbox 321 3658 472 3742; x_wconf 90' lang='lat' dir='ltr'>principio</span> <span class='ocrx_word' id='word_1_268' title='bbox 479 3657 637 3720; x_wconf 86' lang='lat' dir='ltr'>dimanant</span> <span class='ocrx_word' id='word_1_269' title='bbox 646 3657 729 3738; x_wconf 79' lang='lat' dir='ltr'>quod</span> <span class='ocrx_word' id='word_1_270' title='bbox 739 3660 770 3720; x_wconf 91' lang='lat' dir='ltr'>S.</span> <span class='ocrx_word' id='word_1_271' title='bbox 784 3658 921 3722; x_wconf 86' lang='lat' dir='ltr'>Pontilex</span> <span class='ocrx_word' id='word_1_272' title='bbox 934 3659 970 3721; x_wconf 88' lang='lat' dir='ltr'>sit</span> <span class='ocrx_word' id='word_1_273' title='bbox 987 3660 1077 3722; x_wconf 73' lang='lat' dir='ltr'>tritius</span> 
     </span>
     <span class='ocr_line' id='line_1_37' title="bbox 96 3748 1076 3828; baseline -0.004 -14"><span class='ocrx_word' id='word_1_274' title='bbox 96 3751 327 3815; x_wconf 83' lang='lat' dir='ltr'>communionis</span> <span class='ocrx_word' id='word_1_275' title='bbox 345 3748 500 3814; x_wconf 79' lang='lat' dir='ltr'>catholicoe</span> <span class='ocrx_word' id='word_1_276' title='bbox 521 3753 661 3812; x_wconf 88' lang='lat' dir='ltr'>centrum</span> <span class='ocrx_word' id='word_1_277' title='bbox 681 3749 899 3813; x_wconf 88' lang='lat' dir='ltr'>necessarium.</span> <span class='ocrx_word' id='word_1_278' title='bbox 921 3751 986 3811; x_wconf 91' lang='lat' dir='ltr'>Hoc</span> <span class='ocrx_word' id='word_1_279' title='bbox 1004 3767 1076 3828; x_wconf 81' lang='lat' dir='ltr'>ergo</span> 
     </span>
    </p>
   </div>
   <div class='ocr_carea' id='block_1_7' title="bbox 0 0 1274 4210">
    <p class='ocr_par' dir='ltr' id='par_1_12' title="bbox 0 0 1274 4210">
     <span class='ocr_line' id='line_1_38' title="bbox 0 0 1274 4210; baseline 0 0"><span class='ocrx_word' id='word_1_280' title='bbox 0 0 1274 4210; x_wconf 95' lang='lat' dir='ltr'> </span> 
     </span>
    </p>
   </div>
  </div>
 </body>
</html>
