2562 4224
208 202 247 259 at
482 208 633 254 ausurum
653 207 736 253 tutus
757 205 907 252 canuntur.

209 310 246 372 ad
267 329 357 392 quem
372 329 433 373 non
444 309 575 392 pertinet
589 307 772 382 concedere,
789 326 817 370 v.
832 327 862 388 g.
882 307 919 369 ab
935 308 1182 391 Arcbiepiscopu,

210 406 291 462 extra
320 419 407 462 casus
432 399 464 461 in
489 399 600 480 quibus
625 397 682 478 ipsi
705 396 847 459 tribuitur
874 396 1000 459 lacultas
1025 399 1187 479 supplendi

211 489 423 570 negligentiam
449 488 727 576 suffraganeorum
746 487 792 548 vel
815 485 840 547 si
864 485 952 547 fuerit
970 505 1138 550 concessus
1150 488 1188 548 ab

209 596 245 639 eo
263 579 299 638 ad
320 597 409 659 quem
435 578 563 659 pertinet
585 575 773 652 concedere,
794 573 908 636 laborat
924 574 995 636 vilio
1012 576 1186 641 manifesto.

209 669 275 728 Non
290 675 391 728 tamen
411 667 574 748 requiritur
595 671 627 726 ut
646 682 754 726 omnes
773 663 881 727 incolae
900 664 1041 726 noverint
1057 665 1186 742 vitium,

209 757 261 818 sed
276 756 384 817 suflicit
394 758 417 816 si
433 755 520 817 multi
534 760 728 835 cognoscant.

212 859 323 1006 ΗΠΒὸ
344 851 464 924 Quaerit.
491 857 523 913 1ο
543 855 650 916 Utrum
669 850 832 930 aliquando
853 851 1005 914 sufficiens
1024 853 1063 914 sit
1082 853 1188 937 titulus

222 963 238 1003 il
251 961 319 1004 SUS.

249 1047 339 1122 Resp.
352 1043 409 1106 Ubi
419 1043 502 1104 deest
516 1043 621 1104 titulus
644 1060 747 1118 verus,
764 1040 873 1102 sufficit
886 1041 1049 1122 [claussen
1063 1047 1186 1126 putati-

212 1129 647 1206 111,1111111111111111111
666 1129 908 1208 iurisdictionem
933 1133 993 1192 tam
1015 1132 1187 1214 delegatam

211 1223 302 1301 quam
331 1220 533 1296 ordinariam,
550 1218 581 1280 in
595 1227 722 1300 utroque
745 1217 811 1280 foro
836 1225 960 1280 externo
982 1229 1012 1282 et
1039 1221 1183 1300 interno;

212 1311 302 1370 modd
318 1313 347 1370 1ο
360 1309 467 1370 existat
478 1325 561 1369 error
585 1306 745 1370 commanis
761 1307 965 1388 etprobobt'lis
984 1309 1064 1372 circa
1078 1311 1186 1374 vitium

212 1398 287 1459 tituli
301 1419 308 1472 ;
325 1399 355 1458 2⁰
369 1399 432 1476 eJus
446 1396 484 1458 sit
499 1401 612 1458 naturae
626 1397 731 1457 vitium
747 1396 796 1458 oui
806 1395 939 1458 Ecclesia
948 1398 1063 1461 mederi
1074 1401 1182 1480 possit;

212 1489 243 1549 3·
260 1488 364 1548 titulus
374 1487 412 1547 sit
423 1485 527 1548 saltem
540 1485 697 1546 coloratus.

253 1596 398 1656 Probatur
408 1592 564 1674 responsio
578 1591 647 1654 cxl,
664 1591 890 1673 Barbaricaff.
909 1591 945 1655 de
955 1594 1036 1675 Offic.
1052 1595 1182 1658 Proetor.

216 1708 231 1744 u
252 1685 425 1758 Quitertus,
441 1683 496 1744 etsi
511 1681 615 1758 civilis,
630 1681 730 1762 inquit
745 1682 775 1742 S.
791 1681 912 1762 Lignor.
930 1681 995 1764 (lib.
1013 1687 1043 1758 6,
1054 1695 1089 1744 n⁰
1102 1687 1182 1766 572),

217 1797 231 1831 a
251 1781 370 1844 tamen,
395 1773 466 1833 clun
481 1789 543 1831 non
558 1770 596 1832 sit
608 1770 784 1849 reprobatus
806 1771 823 1831 a
844 1770 912 1848 jure
937 1772 1107 1850 canonicO,
1123 1775 1183 1835 vim

217 1885 231 1919 u
251 1861 342 1921 habet
354 1859 445 1921 etiam
459 1860 490 1920 in
506 1859 576 1936 illo,
593 1861 627 1920 ut
635 1857 763 1920 habetur
774 1859 806 1920 in
825 1864 919 1940 oapi
940 1909 947 1934 ,
973 1859 1008 1922 de
1024 1862 1103 1924 Nou.
1133 1881 1181 1944 op.

217 1958 364 2010 annot...
388 1970 403 2007 n

258 2077 272 2113 u
294 2054 442 2115 Probatur
453 2053 541 2115 etiarn
557 2070 669 2133 excap.
686 2052 827 2133 insumis,
843 2056 924 2135 3,q.
942 2051 972 2128 1,
989 2054 1182 2118 ubidicitur:

217 2169 232 2206 u
253 2145 283 2206 Si
298 2144 405 2205 Servus
419 2141 484 2224 (qui
507 2148 550 2202 est
564 2141 689 2222 incapax
701 2140 929 2224 jurisdictionis)
948 2142 1017 2204 dum
1026 2153 1185 2225 putaretur

217 2257 232 2293 a
253 2233 329 2294 liber
344 2281 351 2306 ,
366 2252 403 2293 es
416 2231 595 2312 delegatione
605 2231 778 2292 sententiam
791 2229 883 2304 duret,
896 2231 1028 2312 quamvis
1036 2234 1138 2314 posted
1151 2235 1183 2296 in

217 2345 232 2384 n
251 2323 414 2385 servitutem
425 2319 564 2402 depulsus
575 2319 614 2381 sit
625 2369 633 2394 ,
644 2321 785 2380 sententio
799 2319 836 2378 ob
849 2339 882 2380 eo
896 2320 975 2382 dicta
987 2321 1184 2404 reijudicatoe

218 2435 232 2472 o
251 2412 425 2495 firmitatem
435 2418 519 2472 tenet.
537 2409 642 2485 ilatio,
658 2408 729 2488 quia
743 2428 780 2468 ex
795 2407 927 2489 benigna
937 2408 1183 2490 interpretatione

218 2523 232 2561 u
253 2500 445 2581 praesumitur
456 2516 492 2559 eo
502 2516 572 2559 casu
580 2497 629 2576 pia
643 2503 739 2557 mater
749 2495 882 2558 Ecclesia
892 2497 930 2558 ad
942 2497 1059 2560 bonum
1072 2500 1183 2564 anima-

218 2611 233 2648 «
253 2607 321 2650 rum
336 2587 476 2668 supplere
487 2584 766 2664 jurisdictionemn

251 2691 366 2753 Dicitur
381 2693 412 2750 1ο
428 2686 695 2752 :Adeaereendum
706 2687 817 2766 aalide,
838 2689 910 2770 quia
925 2708 987 2752 non
1001 2709 1124 2774 semper
1140 2704 1183 2758 cst

213 2780 364 2846 sufficiens
378 2777 414 2840 ad
429 2777 627 2840 exercendam
647 2777 743 2852 licitb,
758 2777 923 2858 praesertim
943 2779 974 2840 in
990 2799 1027 2842 eo
1047 2783 1101 2864 qui
1123 2803 1183 2847 non

213 2869 330 2951 ignorat
344 2867 390 2930 sui
404 2866 481 2930 tituli
497 2865 613 2945 vitium,
625 2866 682 2928 nisi
694 2866 725 2928 in
740 2884 811 2929 casu
825 2868 1021 2932 necessitatis.

252 2977 321 3034 119.
345 2969 459 3032 Dicitur
473 2968 526 3031 2⁹:
552 2969 796 3032 iurisdictionem
822 2969 881 3032 tdm
904 2968 1068 3052 deleputom
1095 2975 1181 3056 quom

211 3061 409 3124 ordinarium.
424 3059 551 3132 Quidam
561 3061 622 3120 bb.
636 3061 780 3138 putarunt
793 3058 914 3121 titulum
926 3061 1095 3140 putativum
1106 3063 1183 3126 suffi-

211 3170 279 3214 cere
293 3170 365 3214 cum
379 3167 480 3211 errore
493 3148 650 3211 communi
668 3147 706 3208 ad
721 3148 921 3211 exercendam
939 3149 1183 3228 jurisdictionem

211 3241 418 3314 ordinarium,
437 3256 499 3300 non
512 3237 582 3299 verb
596 3237 781 3318 delegatum,
799 3238 868 3318 quia
882 3237 997 3301 bonum
1020 3259 1182 3305 commune

212 3349 273 3391 non
283 3331 393 3409 exigit,
415 3327 572 3410 inquiunt,
599 3325 681 3407 qubd
695 3327 869 3407 suppleatur
876 3327 1045 3406 jurisdictio
1060 3329 1091 3392 in
1112 3349 1182 3395 casu

212 3417 430 3497 delegationis,
452 3435 520 3498 quae
546 3433 608 3476 nou
635 3415 756 3496 respicit
777 3415 834 3477 nisi
857 3435 955 3480 unum
982 3419 1028 3479 vel
1052 3419 1180 3485 alterum

212 3523 313 3567 casum
327 3527 334 3580 3
347 3506 417 3583 sed,
442 3504 540 3585 inquit
552 3504 685 3566 Sancbea
701 3503 747 3584 (de
761 3504 869 3580 Moto,
887 3504 964 3587 disp.
981 3510 1036 3583 22,
1059 3521 1093 3570 n·
1105 3508 1155 3592 16)
1170 3529 1178 3571 :

216 3617 229 3649 a
251 3595 404 3654 Sententia
425 3595 520 3654 multo
544 3593 749 3674 probabilior,
775 3594 862 3656 docet
878 3595 975 3656 valere
993 3604 1097 3676 gesta,
1122 3598 1180 3661 sive

216 3682 340 3756 uindex
361 3681 397 3742 sit
420 3680 589 3743 ordin-arius
611 3682 674 3744 siue
693 3680 858 3762 delegatus.
883 3684 1030 3746 Probatur
1052 3705 1090 3748 ex
1113 3705 1177 3770 cap.
