2616 4228
430 229 527 274 cucur
548 207 733 274 raoeunlam.
1040 227 1078 282 35

93 336 156 410 133,
173 351 242 408 cap.
258 333 297 407 3,
313 338 347 391 n·
361 333 399 405 6,
420 334 450 390 et
472 329 585 408 Bouix,
607 329 641 391 de
661 328 825 409 Episcopo,
846 334 869 394 t.
894 336 931 409 2,
953 353 984 416 p.
1007 339 1077 400 391.

136 425 189 484 56.
214 418 337 492 Quaerit.
357 419 387 479 l⁰
403 420 550 491 Quaenam
566 419 603 480 sit
617 417 777 480 auotoritas
790 419 1021 486 Conciliorum't

136 513 231 590 Resp.
248 507 317 570 Vim
332 505 407 587 legis
421 505 600 569 universalis
610 506 733 584 habent,
747 513 775 567 et
786 514 856 569 sunt
869 527 950 573 unus
961 530 997 574 er
1012 512 1080 576 lon-

93 597 182 662 tibus
202 595 280 676 juris
303 595 443 658 canonici
471 596 572 658 stricti
594 595 725 676 sumpti,
750 594 774 655 si
798 594 856 657 sint
880 601 1078 664 oeoumenica.

95 685 249 750 Eamdem
263 686 335 747 verd
350 685 412 746 vim
433 703 496 746 non
516 684 629 745 habent
646 681 769 763 quando
784 689 855 745 sunt
869 687 1080 768 particularia,

96 775 158 838 nisi
178 775 210 836 S.
235 771 392 852 Pontifex,
407 791 443 835 ea
463 772 674 835 confirmando
688 818 696 848 ,
711 771 848 852 ipsorum
868 773 1083 856 obligationem

95 861 244 926 extendat
260 861 299 922 ad
312 868 406 922 totam
421 860 605 935 Ecclesiam,
621 865 672 923 aut
686 859 859 938 hujusmodi
874 865 1083 928 extensionem
1141 896 1142 904 .

96 952 259 1013 obtineant
270 968 324 1030 per
338 949 506 1030 legitimam
520 949 772 1012 consuetudinem
785 969 794 1026 ;
807 951 883 1014 ratio
897 958 988 1033 patet.

140 1044 194 1103 57.
218 1038 343 1111 Quaerit.
359 1042 393 1099 2⁰
406 1041 515 1102 Utrum
529 1038 567 1100 ad
581 1037 791 1120 derogandum
812 1039 942 1104 decretis
957 1043 1084 1106 Concilii

97 1127 254 1210 generalis
266 1127 437 1208 requiratur
451 1146 591 1208 expressa
605 1127 696 1206 buJ'us
711 1126 845 1188 mentiol

143 1219 236 1297 Resp.
262 1218 330 1279 Non
345 1235 457 1297 paucos
480 1215 646 1294 affirmare,
662 1216 714 1297 qui
735 1221 765 1277 et
785 1216 909 1298 exigunt
930 1221 1013 1302 qudd
1034 1220 1087 1284 fiat

98 1305 262 1386 derogatio
281 1305 429 1368 similibus
451 1305 569 1367 verbis:
590 1325 646 1366 oon
664 1304 795 1366 obstante
810 1305 987 1389 qudcumque
1002 1310 1085 1391 iope,

99 1395 198 1456 ctiam
210 1393 243 1455 in
258 1393 393 1456 Concilio
402 1393 536 1475 pancrati
549 1393 639 1455 editi.
655 1394 720 1456 lmd
730 1394 865 1456 Sanchez
880 1401 909 1457 et
923 1397 1025 1477 plures
1036 1397 1085 1460 alii

100 1483 214 1546 dicunt
230 1481 333 1564 quod,
351 1483 374 1544 si
396 1488 502 1562 agatur
520 1483 558 1544 de
572 1483 675 1562 aliquo
688 1482 817 1545 concilio
834 1485 967 1564 generali
982 1486 1086 1548 novis-

100 1572 203 1648 simo,
225 1577 259 1632 ut
279 1589 363 1633 nuno
393 1578 439 1632 est
462 1571 689 1646 Tridentinum,
717 1589 858 1652 expressa
888 1573 996 1635 debeat
1021 1574 1086 1635 lieri

102 1659 224 1722 mentio
235 1657 328 1739 hujus
341 1659 460 1721 concilii
475 1660 666 1722 nominatim.
690 1659 749 1721 Sed
768 1658 978 1736 Reiffenstuel,
992 1662 1088 1724 citans

104 1749 300 1828 Fagnanum
316 1747 480 1829 dicitquod
493 1748 518 1810 si
532 1747 695 1828 derogetur
705 1767 758 1829 per
768 1749 916 1828 posterius
930 1749 1087 1814 decretum

104 1836 235 1898 Concilii
246 1837 411 1917 generalis,
427 1837 475 1898 vel
488 1855 541 1916 per
554 1855 645 1898 novas
654 1837 890 1900 constitutiones
905 1840 1086 1920 pontificias

106 1924 195 1988 uulld
217 1943 294 2006 opus
318 1925 357 1986 sit
378 1926 534 1987 mentione
556 1929 697 2006 expressit
710 1926 830 1988 concilii
845 1927 893 1990 cui
907 1927 1086 2009 derogatum

107 2012 221 2076 sufficit
229 2013 312 2094 qudd
321 2032 434 2076 novum
444 2013 599 2076 decretum
610 2013 656 2076 vel
669 2033 745 2076 nova
753 2015 932 2077 Constitutio
941 2017 980 2077 sit
989 2017 1089 2080 eidem

105 2102 224 2164 directe
234 2103 420 2165 contrarium
432 2103 478 2165 vel
488 2104 638 2170 contraria
651 2104 741 2185 :quia
755 2104 787 2166 in
801 2104 847 2166 his
858 2105 978 2170 casibus
992 2105 1089 2188 appli-

105 2191 172 2254 cari
186 2197 284 2273 potest
304 2191 435 2269 decisio,
451 2211 518 2273 cap.
536 2195 565 2267 i,
579 2192 614 2254 dc
629 2192 768 2270 Corolia,
784 2193 815 2255 in
830 2197 875 2270 6⁰,
889 2195 941 2256 ubi
955 2194 1087 2256 dicitur:

113 2301 129 2338 ι
150 2280 235 2342 Licet
253 2281 408 2343 Romanus
422 2279 560 2343 Pontifex
572 2281 634 2362 (qui
645 2282 714 2360 jura
728 2282 830 2343 omnia
843 2283 875 2342 in
889 2282 1001 2344 scrinio
1015 2301 1089 2363 pec-

112 2390 129 2427 c
150 2367 225 2430 toris
238 2368 285 2430 sui
294 2377 435 2432 censetur
445 2369 578 2448 babere),
588 2370 837 2432 constitutionem
845 2369 1006 2430 condendo
1021 2389 1090 2450 pos·

113 2480 129 2516 ι
151 2455 314 2534 terimam,
336 2458 484 2538 priorem,
505 2457 645 2538 quamvis
666 2457 705 2520 de
730 2458 795 2539 ipsa
818 2457 1004 2519 mentionem
1028 2475 1089 2519 nou

113 2566 130 2604 ι
151 2544 258 2621 faciat,
273 2563 413 2609 revocare
429 2552 582 2610 noscatur.
597 2549 663 2610 Eto.
686 2568 702 2606 n

152 2637 204 2697 58.
229 2634 260 2696 Si
273 2635 345 2697 uerd
359 2633 520 2716 derogetur
534 2655 589 2717 per
601 2637 745 2718 rescripta
759 2636 935 2716 apostolica,
950 2635 1007 2698 nisi
1018 2643 1091 2718 aga-

110 2730 163 2785 tur
185 2721 225 2784 de
248 2721 382 2785 Concilio
403 2724 599 2800 Tridentino,
613 2731 688 2786 tuno
710 2725 879 2786 necessario
893 2729 939 2787 est
952 2743 1093 2805 expressa

112 2811 230 2873 mentio
250 2811 392 2885 Concilii3
412 2811 502 2874 idest
520 2813 671 2875 enuntiari
685 2819 803 2894 oportet
821 2813 904 2894 qudd
917 2807 1091 2891 derogetur,

112 2899 232 2964 coeteris
244 2899 421 2978 contrariis,
437 2902 525 2963 ctiam
544 2902 577 2962 in
589 2902 713 2964 concilio
734 2903 872 2984 pancrati
890 2905 1023 2966 statutis.
1050 2905 1093 2965 lta

112 2986 219 3052 Glossa
230 2990 253 3064 ¹,
274 3007 342 3070 cap.
369 2990 439 3052 licet
456 2995 495 3070 l,
518 2990 553 3052 dc
574 2990 700 3055 Constit.
725 2995 756 3054 v⁰
778 3003 917 3055 noscatur
939 2994 970 3056 in
992 2995 1042 3066 6⁰,
1065 2997 1094 3054 et

114 3078 204 3140 multi
216 3078 398 3154 canonistae,
413 3080 491 3141 inter
504 3098 581 3161 quos
595 3080 683 3144 Gard.
699 3080 737 3142 de
751 3083 852 3158 Luca,
867 3082 920 3164 qui
934 3083 1014 3145 hano
1024 3099 1093 3144 scn-

113 3167 241 3230 tentiam
255 3167 385 3248 appellat
407 3167 575 3232 indubiam.
598 3169 668 3232 Vid.
691 3171 781 3233 etiam
799 3172 887 3234 Gard.
903 3173 999 3252 Sogl„
1015 3171 1091 3233 lost.

111 3253 179 3337 jar.
200 3254 335 3336 publici,
349 3255 364 3336 5
378 3259 427 3318 31.
442 3257 527 3319 Ratio
544 3262 590 3319 est
606 3258 677 3339 quia
691 3260 920 3322 constitutiones
933 3268 961 3322 et
975 3260 1094 3322 decreta

113 3343 237 3407 concilii
249 3347 400 3425 generalis
413 3363 485 3408 cum
500 3349 622 3408 summa
637 3349 808 3411 maturitate
822 3355 853 3410 et
867 3367 922 3426 pro
933 3353 995 3411 toti
1007 3368 1094 3412 oom-

115 3433 264 3498 munitate
276 3432 414 3496 seruntur
422 3453 431 3509 ;
445 3452 505 3498 non
519 3436 563 3497 sic
576 3442 678 3497 autem
688 3439 832 3518 rescripta
842 3457 912 3520 quae
923 3437 1095 3520 diriguntur

115 3521 155 3584 ad
178 3540 324 3603 personas
345 3523 558 3604 particulares,
573 3531 603 3586 et
619 3533 740 3607 propter
760 3527 1017 3608 importunitatem
1037 3547 1095 3610 pe-

146 3649 155 3677 ·
175 3645 224 3698 llbi
237 3645 345 3698 dieitur:
361 3647 490 3712 descripta
505 3647 562 3698 doto
577 3651 663 3699 contro
679 3649 756 3712 lepcm
772 3663 822 3700 nor
838 3651 920 3703 volent
935 3650 983 3701 nisi
998 3650 1024 3698 in
1036 3649 1094 3714 ipris

116 3718 161 3768 dut
172 3720 266 3769 mentio
278 3720 307 3768 de
320 3719 370 3779 icoc
