2548 4216
178 217 237 266 314
452 216 603 261 stertente
624 217 706 263 touls
727 215 877 262 canorum.

183 341 198 378 c
218 318 249 378 in
265 317 435 378 dioecesana
449 316 587 396 Synodo,
610 323 661 379 aut
676 317 838 380 Generales
856 315 888 376 in
904 312 1050 395 Capitulis
1067 333 1150 394 gene·

169 427 199 467 ,5
219 403 332 466 ralibus
347 403 391 466 rel
406 403 490 477 alias,
507 405 726 486 quoquomodo
740 405 887 469 reducant
899 421 993 466 onera
1008 402 1070 464 ulla
1085 403 1154 466 mis-

186 517 200 552 r
220 511 322 556 sarum
340 491 609 570 celebrandarum,
626 500 678 556 aut
697 500 765 576 post
778 493 859 556 idem
876 491 1049 554 Concilium
1063 491 1156 573 impo

185 605 200 642 c
220 583 287 658 sita,
301 591 351 644 aut
361 581 392 642 in
405 581 510 643 limine
519 580 706 644 fundationis
711 603 721 658 ;
733 582 786 645 sed
796 601 852 663 pro
861 580 909 642 bis
919 579 1066 642 oneribus
1076 581 1152 642 redu

185 694 201 730 c
220 669 344 748 condis,
364 677 417 733 aut
433 669 645 748 moderandis,
660 671 707 733 vel
722 669 962 745 commutandis,
978 667 1018 730 ad
1035 671 1156 751 Aposto

185 783 200 818 c
221 760 311 821 licam
326 758 434 820 Sedem
445 767 627 834 recurratur,
640 763 699 822 etc.
710 759 865 840 Alioquin,
878 757 1087 836 reductiones,
1098 775 1158 820 mo

186 872 201 907 c
221 846 1160 929 derationes...bujusmodi,siquascontrahujusmodiformam

186 959 202 996 c
222 936 287 999 fieri
300 937 469 1017 eontigerit,
484 937 611 998 5515155
621 937 719 999 nullas
728 943 757 998 et
765 937 870 998 inanes
881 936 1028 998 decernit.
1043 957 1059 994 5

184 1026 276 1104 lgitur
289 1025 373 1106 J'uxta
388 1024 500 1088 Urbani
515 1027 688 1102 Decretum,
704 1024 830 1088 facultas
842 1025 910 1086 data
923 1027 940 1086 a
953 1024 1093 1086 Concilio
1106 1024 1161 1087 Tri·

184 1113 266 1174 dent.
283 1113 459 1194 intelligitur
470 1114 588 1175 tantum
603 1113 641 1176 de
656 1113 839 1176 reducendis
853 1113 953 1174 missis
967 1119 1040 1174 ante
1054 1111 1160 1175 Cond-

184 1201 259 1264 lium
273 1201 403 1278 relictis,
433 1206 464 1260 et
483 1220 544 1263 555
559 1201 706 1284 impositis
720 1203 752 1263 in
766 1201 870 1263 limine
881 1200 1085 1263 fundationis.

223 1293 258 1352 In
273 1289 366 1351 Gallia
386 1296 488 1352 tamen
502 1291 643 1371 Episcopi
657 1295 799 1353 exercent
818 1290 993 1352 facultatem
1008 1291 1161 1370 praefatam

185 1397 277 1441 onera
290 1379 449 1440 missarum
470 1379 652 1455 reducendi,
667 1385 698 1441 51
711 1379 837 1460 quidem
851 1377 907 1440 soli
921 1379 1040 1459 absque
1055 1377 1161 1442 dioeoe·

185 1470 257 1531 5551
273 1467 412 1550 Synodo:
432 1490 447 1526 u
461 1469 517 1529 Les
530 1467 628 1530 bulles
639 1467 784 1532 d’Urbain
795 1470 861 1530 Vlll
874 1474 903 1530 et
917 1467 1102 1530 d’lnnocent
1115 1470 1162 1530 1111

189 1579 204 1617 c
226 1557 277 1638 n’y
302 1563 393 1637 ayant
406 1575 459 1637 pas
485 1557 532 1618 515
557 1555 774 1638 promulguees
799 1579 843 1632 5,
864 1556 966 1638 inquit
987 1558 1055 1618 DD.
1088 1557 1163 1618 Affrc

185 1646 320 1723 (Adarin.
349 1653 486 1728 tempor„
507 1665 538 1726 p.
563 1649 634 1722 555,
661 1651 723 1708 not.
744 1650 780 1720 1,
796 1645 869 1708 edit.
889 1646 954 1727 4·);
971 1650 1002 1707 51
1015 1646 1055 1708 ed
1069 1665 1162 1728 usquc
1247 1677 1248 1680 ¹

186 1733 376 1815 progreditur
389 1737 427 1796 D.
443 1733 562 1796 Dieulin
579 1731 687 1814 (Guide
700 1731 750 1796 des
762 1737 855 1809 cures,
870 1741 892 1796 1.
908 1737 937 1810 1,
952 1753 983 1816 p.
999 1735 1072 1817 191)
1086 1734 1163 1816 qudd

187 1829 298 1884 asserat
309 1842 317 1883 τ
329 1845 344 1882 c
358 1823 412 1884 Les
428 1823 483 1885 lois
497 1822 670 1904 cononiqces
679 1829 710 1884 51
722 1823 823 1886 civiles
838 1823 1035 1886 n'attribuent
1047 1843 1082 1888 ce
1098 1843 1165 1906 pou·

191 1932 207 1967 c
226 1898 712 1993 55115511515551111151555).
725 1911 1165 1994 15955151151809(511.19)

191 2022 206 2058 c
225 1997 344 2080 dispose
358 1999 870 2080 5551551555511555551551151155
882 2000 1165 2084 ρανίἘυέᾳαεεοιι·

192 2109 206 2145 c
226 2087 402 2168 formement
413 2107 476 2150 cuc
488 2089 543 2150 lois
554 2088 738 2170 canonicum.
752 2111 768 2148 a
784 2089 939 2170 Numquid
951 2089 1051 2152 oculis
1061 2093 1167 2172 gravis·

189 2178 337 2239 simorum
358 2179 485 2240 istorum
510 2179 572 2240 DD.
595 2176 644 2239 lec
660 2177 802 2240 canonica
817 2196 877 2239 555
896 2185 975 2240 esset
989 2179 1168 2243 Constitutio

191 2266 303 2329 Urbani
319 2267 382 2327 Vlll
396 2265 434 2328 ab
447 2267 625 2330 Innocentio
638 2269 691 2328 Xll
705 2266 883 2328 confirmata
897 2265 913 2328 1

230 2358 277 2416 An
291 2360 392 2418 autem
408 2354 487 2416 dicta
502 2355 603 2416 Galliae
620 2355 720 2434 praxis
740 2355 818 2418 licita
832 2356 869 2417 sit
882 2373 938 2436 pro
952 2356 1168 2422 conscientia?

190 2446 309 2506 Certum
323 2443 438 2505 videtur
452 2442 535 2521 quod
549 2443 574 2506 si
594 2461 730 2524 uuquam
750 2443 840 2506 155111
854 2444 988 2525 legitima
1007 2446 1080 2507 5515
1094 2447 1166 2508 Con·

190 2533 345 2594 cordatum
362 2536 435 2596 1801
449 2580 457 2610 ,
473 2550 528 2614 per
550 2532 667 2594 Bullam
681 2541 783 2594 tamen
803 2530 864 2608 051
879 2532 997 2595 Christi
1017 2533 1074 2596 fuit
1092 2537 1165 2596 anti-

191 2627 290 2700 quata.
311 2624 358 2681 An
379 2623 395 2682 a
412 2633 547 2701 tempore
561 2620 738 2684 Concordati
755 2623 882 2684 evaserit
896 2622 1055 2702 legitima,
1075 2624 1162 2686 dubi·

191 2715 301 2770 tamus.

232 2795 385 2876 Quidquid
405 2797 441 2857 sit
459 2797 497 2858 do
516 2797 572 2858 hac
594 2797 784 2878 quaestione:
809 2820 824 2856 u
844 2801 878 2860 ln
894 2799 1022 2881 ipsomet
1041 2803 1164 2864 Decreto

197 2909 212 2944 5
232 2883 366 2962 Urbani,
381 2883 565 2948 declaratum
581 2885 637 2948 luit
650 2886 729 2948 bene
743 2904 832 2968 posse
843 2888 1008 2968 Episcopos
1021 2889 1163 2952 reducere

196 3000 211 3035 c
233 2974 353 3050 missas,
375 2972 401 3036 si
423 2979 546 3036 testator
572 2975 713 3056 expresso
739 2976 817 3036 banc
840 2975 914 3056 ipsis
935 2975 1053 3039 dederit
1074 2978 1163 3042 facul-

197 3089 212 3122 u
233 3072 335 3126 lalem.
353 3087 367 3119 u

233 3165 285 3222 Est
298 3167 400 3222 autem
414 3177 560 3240 magnum
574 3158 738 3222 discrimen
752 3160 830 3222 inter
843 3160 1101 3225 condonationem
1115 3182 1163 3226 seu

194 3249 402 3312 remissionem
420 3249 582 3312 missarum
604 3255 634 3310 et
652 3248 771 3312 illarum
787 3249 1013 3326 reductionem,
1028 3253 1102 3314 clun
1120 3269 1163 3315 rc·

193 3341 295 3401 ductio
306 3337 444 3418 respiciat
459 3343 578 3418 tempus
592 3337 745 3410 futurum,
762 3337 835 3400 dum
850 3339 1035 3401 condonatio
1049 3341 1161 3404 solum·

195 3429 286 3489 modo
305 3433 425 3507 tempus
452 3427 662 3507 praetcritum:
689 3447 704 3486 5
726 3427 1005 3490 Condcnationibus
1025 3427 1164 3491 faciendis

199 3535 214 3571 5
234 3514 396 3575 immisceri
411 3531 443 3574 se
457 3514 560 3595 nequit
575 3515 757 3595 Episcopus,
774 3520 877 3596 utpote
891 3535 960 3599 quaa
973 3518 1118 3598 privativa
1129 3535 1163 3580 15

201 3605 358 3662 cservatae
381 3609 451 3662 sunt
478 3602 646 3664 auctoritati
670 3603 799 3664 Romani
825 3605 989 3668 Pontificis.
1015 3628 1030 3665 5
1054 3609 1097 3668 115
1113 3607 1162 3669 Be·

197 3687 266 3748 nod.
290 3685 368 3756 lllV,
383 3687 427 3748 De
444 3687 509 3764 Syn
526 3736 533 3762 ‚
551 3689 601 3752 lib.
619 3693 676 3764 13,
691 3709 758 3772 cap.
778 3691 943 3768 ultimum,
959 3693 998 3755 nl·
1018 3699 1054 3758 15
1072 3695 1164 3768 51111
