2590 4214
145 308 202 359 iiii
418 313 570 358 caducum
590 312 672 357 lours
693 311 842 358 cauculct.

145 411 262 473 valeant
282 420 365 473 oxtra
387 411 575 492 parochiam,
595 411 686 473 etiam
707 429 779 492 erga
800 409 1003 492 parochianos
1022 429 1030 471 :
1047 415 1081 472 et
1099 411 1132 471 in

145 501 202 561 ¹noc
222 519 312 562 sensu
335 500 426 562 luisse
445 499 583 563 decisum
606 499 757 562 affirmant
777 498 910 560 Barbosa
928 503 958 559 et
975 499 1131 578 Magnam,

144 587 228 668 apud
244 591 397 668 Laqueus,
414 598 447 649 n⁰
462 594 512 650 or.

187 679 273 740 Multi
285 679 409 739 econtra
422 676 571 738 affirmant
583 695 639 760 pro
652 675 772 738 casibus
787 675 839 755 qui
855 674 954 756 ajuro
966 693 1030 736 non
1044 677 1133 738 cxci-

149 767 285 846 piuntur‚
301 767 379 828 inter
392 784 470 847 quos
484 784 547 827 non
561 764 803 848 computandum
813 769 859 824 est
873 762 1106 826 Matrimonium
1123 783 1131 826 :

156 876 170 911 a
190 855 276 916 Ratio
289 863 334 916 est
351 855 433 933 quod
451 853 620 915 Concilium
636 852 772 914 Trident.
789 851 889 932 erigat
902 853 1025 912 tantiam
1042 851 1134 914 assis·

154 966 170 1002 u
191 944 314 1005 tentiam
329 943 492 1004 sacerdotis
505 943 544 1004 de
558 943 679 1004 licentia
693 939 834 1022 parochi,
850 946 880 1001 et
895 939 969 1002 nihil
984 940 1134 1003 decernat

156 1055 171 1092 c
192 1031 229 1093 de
252 1033 328 1094 loco.
348 1035 475 1112 lnsuper
492 1031 659 1093 assistentia
677 1029 873 1092 Matrimonio
894 1047 956 1090 non
978 1035 1026 1091 est
1046 1036 1134 1094 actus

156 1143 171 1180 a
190 1120 443 1200 jurIsdicticnis...
457 1120 571 1182 Pariter
584 1118 705 1180 licentia
716 1137 778 1180 non
795 1125 839 1179 est
853 1118 975 1198 proprie
989 1117 1072 1180 dicta
1085 1118 1135 1180 dc·

157 1231 172 1267 n
194 1201 311 1287 legatio,
328 1207 380 1267 sed
394 1207 540 1288 conditio²
556 1210 616 1288 qua
631 1207 739 1288 posita,
750 1205 919 1267 Concilium
934 1206 1037 1286 ipsum
1048 1206 1134 1268 (lele-

157 1321 171 1354 (ι
194 1298 344 1377 gallonem
358 1295 511 1357 confert...
527 1297 608 1376 Ergo
619 1295 701 1358 nulla
712 1301 756 1355 est
771 1293 845 1356 ratic
856 1312 911 1355 cur
922 1295 1059 1356 exerceri
1071 1313 1134 1356 nou

158 1410 173 1444 n
195 1386 286 1466 possit
300 1390 383 1446 extra
396 1384 581 1446 territorium
592 1381 728 1464 parochi.
743 1403 759 1440 a
774 1385 817 1444 lta
832 1383 968 1444 Carribre
980 1401 1053 1445 cum
1068 1383 1134 1446 aliis

176 1473 300 1536 laribus.

154 1494 174 1556 p
195 1561 241 1622 Ad
260 1562 391 1623 rationes
407 1560 645 1623 adversariorum
665 1559 841 1640 responderi
859 1565 958 1640 potest
971 1561 1057 1641 quod
1072 1561 1135 1624 Glo-

154 1659 248 1714 ment.
265 1651 385 1712 Dudum
398 1649 478 1711 dicat
492 1649 617 1730 quidem
626 1648 781 1728 regulares
795 1666 855 1708 non
871 1649 1066 1729 approbatos,
1083 1669 1134 1713 ue·

155 1741 241 1823 quire
255 1746 338 1800 extra
351 1739 416 1799 loca
428 1739 460 1798 in
475 1737 585 1818 quibus
600 1737 723 1799 luerunt
732 1735 900 1816 approbati,
915 1737 1022 1799 andire
1036 1738 1134 1802 valide

155 1837 184 1892 et
204 1829 282 1890 licite
303 1825 511 1890 confessiones
533 1825 668 1888 fidelium
691 1825 828 1886 locorum
854 1843 909 1906 pro
931 1825 1046 1906 quibus
1070 1846 1134 1890 non

155 1917 277 1979 fuerunt
291 1915 459 1996 approbati,
471 1915 495 1976 si
506 1915 629 1995 quidem
639 1932 695 1994 pro
704 1915 741 1974 iis
750 1913 893 1974 carebant
903 1913 1132 1996 iurisdictiouc3

155 2005 207 2066 scd
229 2003 356 2065 minime
373 2003 464 2076 dicat,
478 2009 561 2064 extra
584 2001 713 2063 indicata
736 2001 812 2078 loca,
827 2019 890 2063 non
912 2021 1002 2084 posse
1025 2005 1137 2068 saltem

157 2093 250 2155 valide
270 2091 374 2153 audire
394 2089 600 2153 confessiones
625 2090 759 2152 fidelium
780 2090 916 2152 locorum
938 2109 994 2171 pro
1018 2093 1135 2174 quibus

155 2182 276 2244 fuerunt
291 2181 457 2262 approbati.
475 2179 563 2242 Unde
578 2179 651 2239 nihil
672 2178 917 2242 concludendum
931 2198 969 2242 ex
981 2179 1040 2244 hac
1061 2183 1134 2246 Cle-

155 2277 250 2332 ment.
275 2277 379 2331 contra
405 2267 571 2330 secundam
594 2267 785 2328 sententiam.
806 2265 881 2328 Vide
907 2275 1046 2330 nostrum
1068 2270 1136 2333 Ma-

155 2359 255 2433 nuale,
271 2369 304 2418 n⁰
319 2361 408 2418 roal.

194 2451 228 2508 tn
254 2446 311 2507 hoc
337 2452 437 2506 autem
464 2444 642 2525 opinionum
667 2442 828 2516 conflictu,
857 2443 1022 2522 prudenter
1048 2454 1134 2510 extra

156 2535 363 2598 necessitatem
383 2533 511 2594 vicarius
530 2551 562 2596 se
582 2531 743 2594 abstinebit
763 2530 800 2593 ab
821 2531 963 2594 exercitio
986 2525 1135 2613 praedicto

153 2621 369 2706 jurisdictionis
391 2628 473 2682 extra
497 2621 681 2702 parochiam.
707 2619 808 2681 Posito
829 2625 932 2682 tamen
957 2623 1040 2702 qubd
1064 2641 1161 2686 eam·

155 2711 336 2784 exercuerit,
356 2709 583 2772 Matrimonium
605 2707 794 2771 censendum
816 2711 872 2770 erit
895 2709 1028 2772 validum
1046 2713 1136 2790 Juxta

157 2797 335 2862 sententiam
356 2814 449 2877 quam
464 2799 495 2858 S.
512 2799 636 2879 Liguor.
657 2797 720 2874 (lib.
738 2799 767 2874 l,
788 2807 821 2858 u⁰
836 2797 886 2876 50)
903 2806 989 2861 vocat
1001 2818 1134 2862 commu-

157 2887 326 2956 dissimum
342 2885 413 2964 quia
430 2884 462 2945 in
479 2885 536 2948 hoc
548 2905 620 2948 casu
638 2885 772 2948 Ecclesia
790 2887 931 2966 supplere
947 2887 1026 2949 valet
1042 2889 1136 2968 juris·

157 2975 320 3038 dictionem
340 2981 370 3035 et
386 2974 493 3036 merito
512 2974 725 3056 praesumenda
745 2979 791 3035 est
809 2993 876 3035 eam
898 2977 1050 3058 supplere.
1068 2981 1137 3044 lmb

155 3065 240 3147 juxta
254 3063 401 3144 principia
419 3063 556 3137 ejusdem
571 3065 602 3126 S.
623 3063 747 3144 Liguor.
769 3063 898 3127 vicarius
917 3065 1060 3128 assistens
1074 3069 1137 3133 Ma.

158 3154 301 3214 trimonio
315 3153 345 3212 in
362 3151 485 3233 praelato
501 3170 572 3214 casu
585 3198 592 3228 ‚
607 3160 657 3214 aut
676 3151 863 3213 sacerdotem
880 3152 1024 3234 delegans
1051 3156 1136 3222 licita

158 3249 271 3322 ageret,
287 3243 392 3302 saltem
406 3239 431 3301 si
448 3241 533 3302 locus
548 3259 609 3301 non
628 3247 706 3302 esset
719 3239 909 3303 existimandi
924 3241 955 3304 in
968 3241 1028 3307 hoc
1042 3264 1130 3326 parc

160 3329 250 3392 chum
261 3349 326 3392 esse
338 3329 418 3407 juste
433 3329 571 3391 invitum.

200 3421 269 3479 557.
290 3416 413 3488 Quaerit.
433 3420 465 3479 3ο
487 3420 533 3478 An
553 3415 675 3498 quando
695 3416 845 3496 parcebas
864 3420 979 3498 accepit
1000 3420 1040 3481 ab
1062 3423 1133 3499 alis,

161 3523 217 3588 pro
240 3523 310 3566 casu
332 3505 548 3583 determinato,
571 3503 739 3567 facultatem
762 3506 917 3568 assistendi
940 3509 1136 3578 Matrimonia

162 3610 268 3654 eorum
289 3593 340 3672 qui
366 3612 426 3656 non
450 3599 521 3656 sunt
544 3592 638 3673 ipsius
660 3592 851 3674 parochiani,
874 3613 963 3658 suram
984 3598 1137 3664 vicarium

163 3680 300 3758 delegare
319 3680 412 3740 valeat
429 3681 465 3742 ad
490 3680 661 3757 huiusmodi
680 3682 861 3744 Matrimonii
879 3683 1136 3752 celebrationem?

203 3772 565 3852 RespondctD.Carribre
585 3795 617 3839 n⁰
631 3771 801 3852 taralillud
812 3779 943 3858 pendere
954 3781 1138 3850 tvoluntata'
