2562 4224
474 276 561 320 rinna
582 277 700 321 rntnus.
1027 267 1080 326 tit

99 377 220 438 Dictum
242 383 288 436 est
302 381 426 454 propter
446 394 561 436 causam
582 377 729 438 notorium
749 381 890 442 :notoria
913 386 1015 444 numm
1036 389 1080 443 est

96 483 191 528 causa
205 461 330 544 quando
344 481 414 524 reus
426 469 471 524 est
482 465 638 528 confessus
650 467 783 538 crimen,
799 476 849 530 aut
861 468 899 531 de
911 487 948 532 eo
960 469 992 532 in
1003 469 1080 548 iudi·

96 556 145 616 cio
160 553 218 614 luit
239 551 405 614 convictus.
436 551 622 632 Aliquando,
647 554 700 616 sed
725 555 896 634 rarissime,
919 557 1080 620 vehemens

96 640 264 704 diffamatio
285 640 423 704 sufficere
444 647 560 722 posset,
586 649 636 718 ut,
659 661 688 706 v.
715 663 766 725 g,
792 643 823 706 in
848 645 965 708 delictis
983 665 1079 709 soan-

96 731 222 792 dolosis.

137 820 229 883 Unde
252 818 429 881 Ordinarius
447 837 509 880 non
532 825 630 901 potest
649 823 813 903 procedere
826 825 864 886 ad
883 823 1078 903 privationem

97 907 241 970 beneficii
262 927 300 970 ec
322 905 487 988 informati
504 909 691 989 conscicntia,
714 931 767 974 seu
785 911 1075 994 eutrujudiciuliter;

95 1005 128 1062 et
147 999 251 1060 revera
271 997 385 1059 Concil.
401 995 536 1060 Trident.
558 1000 640 1074 (sess.
668 1003 717 1078 ll,
742 1019 770 1065 c.
793 1002 823 1085 l)
842 1002 1000 1084 Episcopis
1018 1019 1078 1062 non

96 1087 204 1149 tribuit
218 1086 298 1148 hanc
312 1085 484 1148 facultatem
499 1087 555 1148 nisi
569 1089 670 1169 quoad
684 1093 926 1172 suspensionem.

139 1175 217 1238 Vide
232 1177 262 1236 in
277 1181 379 1237 nostro
394 1175 532 1238 Marruuii
544 1225 552 1249 ,
570 1186 602 1238 n⁰
616 1181 687 1255 547,
704 1180 884 1243 solutionem
899 1180 1010 1260 object.

138 1268 211 1330 308.
235 1263 318 1336 Quod
337 1264 469 1326 diximus
483 1265 521 1326 de
543 1267 684 1330 Parocbis
702 1268 961 1342 inamovibilibus,
974 1269 1077 1351 ,appli-

93 1355 160 1418 cari
185 1353 273 1436 debet
300 1353 424 1414 Vicariis
445 1354 622 1434 perpetuis,
645 1376 673 1419 v.
700 1378 730 1438 g.
753 1357 999 1434 cathedralium,
1024 1357 1077 1439 qui

93 1443 214 1524 pariter
228 1443 376 1504 removeri
391 1461 452 1504 non
467 1441 578 1504 debent
592 1443 658 1508 siue
669 1446 785 1524 judicio
799 1453 829 1508 et
843 1445 1075 1526 sentcntiiani·

94 1533 180 1594 dica.
366 1535 370 1544 '

139 1619 247 1694 Quoad
262 1626 380 1682 curatos
394 1619 554 1682 adnutum
569 1622 756 1699 amovibiles,
771 1623 908 1686 dicemus
920 1625 951 1685 in
964 1632 1076 1705 puncto

94 1709 253 1792 sequenti.

137 1803 209 1862 309.
234 1797 355 1871 Quarti.
373 1799 403 1856 l⁰
414 1797 507 1869 Quale
520 1797 629 1862 debeat
638 1819 704 1864 esse
714 1801 830 1864 crimen
840 1808 873 1865 ut
887 1803 969 1886 quis,
979 1822 1075 1886 pnrp-

96 1895 144 1951 ter
158 1887 245 1963 illud,
261 1906 316 1950 suo
331 1887 480 1950 beneticio
495 1888 540 1949 vel
557 1888 664 1952 Officio
679 1891 835 1972 privetur?

136 1979 229 2059 Resp.
246 1978 312 2039 Hoc
323 1977 439 2040 crimen
461 1977 492 2038 in
511 1996 623 2059 genere
643 1979 754 2042 debere
770 1999 835 2042 esse
848 2002 949 2064 praue,
966 1988 999 2044 ul
1013 1981 1072 2044 dic·

96 2073 164 2131 tum
191 2066 247 2128 luit
271 2085 361 2147 supra
382 2066 412 2128 in
435 2085 552 2129 canona
572 2068 745 2143 luvautum3
770 2071 832 2132 imo
855 2073 927 2133 cirm
948 2070 1074 2153 juridica

96 2157 227 2240 privatio
243 2157 280 2218 sit
291 2175 351 2218 una
361 2175 396 2218 ox
412 2156 597 2238 gravioribus
607 2159 718 2239 poenis,
735 2160 857 2221 nonnisi
872 2161 912 2221 ob
926 2160 1074 2239 giuviosea

96 2248 206 2328 culpas
228 2245 322 2326 indigi
350 2245 449 2308 debet.
462 2248 530 2308 Non
555 2253 656 2308 tamen
673 2248 836 2328 requiritur
853 2249 891 2310 ad
915 2248 972 2310 hoc
990 2248 1074 2309 utin

94 2339 165 2414 iure
179 2334 297 2396 dicatur
311 2336 391 2414 quod
413 2343 533 2417 propter
552 2337 610 2398 talc
625 2337 741 2398 crimen
756 2338 826 2418 quis
841 2337 949 2418 poterit
964 2337 1074 2417 deponi

96 2425 144 2487 vel
171 2443 227 2486 suo
250 2423 352 2486 cilicio
379 2425 497 2506 privari.
523 2427 703 2504 Huiusmodi
732 2429 885 2507 expressio
909 2425 1074 2506 requiritur

96 2513 223 2595 quidem
237 2531 291 2594 pro
301 2513 516 2594 degradatione
528 2515 612 2589 reali,
622 2516 706 2594 juxta
719 2515 829 2577 Bened.
842 2517 919 2588 XIV,
931 2513 1073 2597 Respo,

97 2603 150 2666 lib.
174 2606 205 2676 9,
226 2621 293 2683 cap.
313 2605 348 2679 6,
371 2612 406 2664 n⁰
427 2608 479 2680 103
500 2611 552 2665 aut
568 2604 672 2666 saltem
692 2623 770 2685 opus
790 2604 933 2686 estquod
950 2604 1019 2685 quis
1036 2607 1074 2668 sit

97 2691 311 2772 incorrigibilis
322 2713 330 2763 ;
343 2693 396 2755 sed
404 2694 488 2772 juxta
500 2691 643 2755 eumdem
656 2692 705 2776 (n⁰
715 2693 747 2776 3)
758 2693 823 2756 haec
836 2713 898 2755 non
911 2693 1074 2774 requiritur

97 2800 154 2866 pro
166 2779 343 2863 depositione
358 2800 367 2844 ε
384 2804 402 2863 Δει
414 2781 590 2844 Communis
604 2784 666 2844 bb.
682 2783 841 2859 sententia,
857 2783 956 2863 inquit
969 2783 1074 2846 doetus

100 2893 115 2930 o
137 2869 298 2947 Pontifex,
326 2869 531 2932 indubitanter
555 2871 707 2948 allirmat,
733 2872 771 2933 ad
797 2873 946 2933 actualem
965 2873 1074 2935 clerici

99 2959 360 3041 «cujuscumque
385 2959 522 3022 criminis
545 2962 588 3022 rei
610 2960 873 3041 degradationem,
897 2967 1006 3042 praeter
1027 2962 1073 3022 in-

98 3071 114 3108 u
133 3065 283 3111 numeros
300 3065 400 3125 casus,
418 3051 435 3110 a
450 3050 517 3128 J'ure
539 3049 695 3130 speciatim
714 3067 884 3130 expressos,
905 3068 965 3110 non
986 3067 1073 3129 posse

96 3159 113 3198 a
136 3135 273 3218 procedi,
290 3137 347 3198 nisi
359 3138 410 3200 ille
424 3138 461 3200 sit
475 3139 703 3220 incorrigibilis,
719 3137 778 3201 boo
796 3143 879 3200 est...
896 3137 953 3199 nisi
965 3138 1073 3200 Ecule-

96 3248 113 3288 ι
134 3225 189 3288 siae
210 3225 326 3288 monita
345 3225 464 3309 sibique
477 3227 623 3308 gradatim
642 3226 773 3290 inflictas
787 3223 949 3289 canonicas
959 3225 1072 3307 doposi-

98 3313 227 3376 ationis
245 3320 274 3376 et
294 3315 618 3378 excommunicationis
644 3334 761 3395 poenas,
786 3313 979 3396 pervicaciter
1001 3333 1074 3377 aon·

96 3403 302 3485 olcrnpserit.
326 3426 342 3462 a
372 3407 452 3486 Ergo
472 3407 556 3485 iuxta
580 3404 692 3465 Bened.
717 3405 783 3464 XIV
804 3401 952 3483 depositio
969 3409 1073 3485 ¹potest

93 3491 190 3573 inlligi
205 3497 315 3574 praeter
328 3511 416 3556 casus
430 3497 447 3555 a
459 3495 527 3572 jure
540 3508 710 3574 expressos,
725 3500 755 3551 et
768 3491 807 3552 ad
821 3489 879 3552 boo
896 3509 958 3552 non
971 3492 1072 3577 requi·

92 3581 169 3646 nitur
185 3588 219 3644 ut
233 3580 303 3662 quis
315 3581 353 3643 sit
365 3581 589 3664 incorrigibilis.

131 3667 329 3732 Contrarium
344 3678 445 3732 tamon
458 3672 532 3734 dicit
543 3673 703 3751 Lequeux,
717 3681 750 3730 n⁰
761 3671 853 3738 ttott.
867 3669 1000 3750 citatque
1008 3673 1059 3730 *nu

92 3757 193 3833 boux,
224 3757 370 3838 Pratique
392 3759 480 3822 civite
504 3769 533 3822 ct
558 3756 737 3832 m'mtaette,
765 3775 795 3837 p.
822 3760 898 3831 l08;
926 3758 1070 3824 Dum,
