2616 4228
206 195 245 252 22
467 203 619 248 arsurum
640 202 723 246 runis
745 201 895 283 carorum.

206 307 252 370 sic
270 307 511 370 concluserunt:
540 327 554 364 c
575 305 659 366 Licet
682 304 729 364 vix
750 301 910 364 terendum
925 300 964 362 ab
979 302 1031 364 illd
1053 303 1086 365 S.
1111 304 1194 368 Sede

209 418 228 455 ι
248 396 421 546 ἰηιροηεῐυι·
437 395 567 476 jugum,
582 400 685 456 tamen
706 391 840 458 ieramus
853 396 884 454 et
897 391 947 470 pia
967 389 1128 456 devotione
1143 400 1193 456 to-

209 507 228 545 «
259 503 423 548 eremus.»

248 593 398 674 Episcopo
412 592 510 672 legem
523 610 586 653 non
600 583 792 671 acceptante,
808 594 838 651 et
852 588 1108 670 supplicationem
1126 609 1192 654 non

207 681 358 757 mittente,
369 701 431 742 non
444 681 561 743 tantum
578 685 681 762 peccat
691 680 767 759 ipse,
780 677 834 740 sed
847 695 956 740 omnes
969 677 1008 740 de
1022 680 1195 742 communi·

208 777 269 834 tate
283 771 335 852 qui
348 771 445 850 legem
460 770 681 850 promulgatam
697 770 821 843 norunt,
833 767 871 828 ad
881 766 961 829 illius
972 765 1194 848 obligationem

210 865 362 922 tenentur.
379 859 454 930 Ouia
468 859 499 920 S.
516 857 653 920 Pontifex
665 875 727 918 non
742 856 892 918 consentit
906 855 943 916 ad
957 856 1195 937 suspensionem
1227 911 1236 928 ,

213 948 286 1029 legis
300 949 356 1009 nisi
372 951 407 1009 ea
421 947 594 1009 conditione
607 944 690 1027 qudd
709 943 751 1006 illi
770 952 961 1027 exponantur
982 950 1139 1007 momenta
1152 946 1196 1008 on

213 1057 281 1118 quae
292 1056 354 1098 non
369 1042 553 1116 acceptatur.

252 1143 283 1206 Si
297 1150 398 1204 tamen
414 1143 544 1205 nimium
559 1161 687 1206 oneroso
699 1151 779 1205 esset
791 1142 860 1214 lex,
876 1143 893 1204 l
912 1141 1002 1224 culpd
1015 1141 1195 1208 viderentur

210 1236 366 1295 immunes
381 1232 493 1294 subditi
507 1250 576 1293 eam
589 1251 652 1293 non
665 1232 868 1294 observantes.

253 1343 302 1400 32.
325 1341 416 1413 Item,
437 1338 561 1419 quando
582 1339 679 1417 major
701 1345 731 1400 et
753 1339 854 1400 sanior
873 1357 942 1418 pars
965 1337 1067 1418 populi
1092 1337 1195 1419 legem

214 1447 277 1490 non
292 1427 429 1489 observat
453 1448 468 1485 s
490 1427 629 1506 quamvis
643 1427 733 1508 primi
749 1447 810 1489 non
825 1435 1014 1506 acceptantes
1028 1434 1158 1506 peccent
1169 1429 1195 1490 si

215 1515 421 1580 «desuetudo
444 1515 581 1578 nondum
600 1523 645 1577 est
663 1516 858 1598 praescripta,
881 1515 982 1579 coateri
1003 1522 1106 1592 tamen
1131 1535 1196 1579 non

210 1622 230 1656 a
252 1613 395 1669 tenentur
418 1605 457 1668 ad
481 1605 580 1686 legem
605 1622 614 1666 ε
637 1623 709 1668 nam
732 1605 926 1686 presumitur
948 1604 1090 1686 princeps
1111 1606 1196 1668 nolle

219 1715 233 1754 s
253 1694 388 1774 obligare
411 1695 449 1754 ad
474 1694 532 1756 hoc
554 1694 778 1756 observandum
802 1693 884 1775 quod
905 1712 967 1755 non
985 1695 1060 1756 esta
1077 1694 1195 1775 majore

217 1805 232 1842 ι
252 1790 337 1864 parte
347 1787 514 1862 receptum.
526 1785 568 1844 lta
582 1783 741 1858 Salmant,
751 1790 833 1846 etc.»
847 1785 889 1862 (S.
899 1783 1038 1864 ldguor„
1047 1782 1100 1845 lib.
1111 1787 1192 1863 139).

252 1894 327 1954 Toto
341 1890 568 1972 supplicationis
581 1897 717 1974 tempore
731 1891 924 1974 suspenditur
938 1911 975 1955 eo
989 1892 1056 1974 ipso
1070 1891 1194 1974 obliga-

215 1981 255 2042 tio
269 1977 360 2061 legis,
376 1987 408 2042 ut
424 1987 514 2060 patet.

252 2089 287 2149 ln
304 2085 398 2149 dubio
420 2088 523 2149 utrirm
545 2088 593 2150 lex
615 2089 652 2150 sit
665 2089 704 2151 de
717 2107 846 2151 numero
861 2107 967 2152 earum
979 2085 1051 2170 cuae
1064 2098 1195 2170 possunt

214 2190 276 2238 nun
288 2175 422 2255 obligare
436 2182 504 2238 ante
518 2178 778 2258 acceptationem,
792 2177 908 2240 videtur
922 2177 1005 2260 qudd
1023 2177 1195 2260 Episcopus

213 2265 308 2346 possit
327 2281 417 2346 agere
440 2264 518 2327 sicut
540 2265 652 2328 laceret
672 2285 744 2329 casu
759 2285 821 2347 quo
835 2266 882 2328 lex
896 2273 973 2328 esset
985 2267 1069 2352 *certe
1082 2265 1123 2329 de
1136 2267 1194 2330 isto

213 2373 344 2418 numero
360 2373 368 2415 :
383 2353 456 2435 quia
469 2353 501 2415 in
514 2353 613 2417 datiis
626 2355 694 2417 odio
708 2363 776 2417 sunt
788 2355 952 2436 restriapen
972 2375 1000 2417 c.

254 2462 285 2523 Si
300 2463 329 2523 S.
348 2461 486 2522 Pontifex
502 2481 563 2523 non
579 2462 725 2544 approbet
737 2453 869 2524 rationes
882 2480 945 2524 non
957 2462 1192 2545 acceptationis,

221 2569 261 2612 ex
275 2550 376 2612 statim
389 2555 435 2610 est
448 2549 642 2630 obligatorias:
661 2551 737 2614 ratio
751 2557 842 2633 patet.

253 2652 286 2710 ln
301 2649 393 2730 supra
407 2649 549 2729 expositis
563 2650 780 2731 supposuimus
803 2651 885 2732 leges
908 2651 1079 2733 pontificias
1099 2653 1194 2717 luisse

228 2737 396 2800 ufficienter
409 2738 623 2820 promulgatas.
644 2738 886 2820 Expendendum
901 2759 985 2804 nunc
999 2739 1081 2804 venit
1102 2761 1192 2825 quae-

215 2845 286 2890 nam
300 2825 407 2887 debeat
420 2843 486 2888 esse
500 2827 703 2910 promulgatio
718 2835 750 2890 ut
765 2829 802 2890 sit
816 2828 979 2892 sufficiens.

252 2937 303 2997 33.
327 2933 449 3004 Quaerit.
470 2939 503 2997 2⁰
519 2937 666 3008 Quaenam
686 2937 857 3018 requiratur
875 2939 1076 3022 promulgatio
1089 2941 1192 3022 quoad

213 3022 294 3105 leges
309 3023 502 3104 pontificias?

252 3134 343 3214 Resp.
366 3135 571 3217 promulgatio
585 3141 630 3197 est
643 3136 794 3199 intimatio
809 3137 883 3219 lepis
892 3137 973 3220 [octa
986 3141 1194 3203 communitati

215 3221 329 3283 nominc
344 3221 535 3304 legislatoris,
547 3223 704 3308 etquidem
712 3233 759 3286 sot
765 3225 883 3307 publici
891 3236 926 3287 ut
934 3227 1092 3290 moraliter
1094 3229 1193 3311 possit

211 3309 252 3370 cd
266 3311 355 3373 totius
368 3313 589 3376 communitatis
602 3315 743 3376 notitiam
751 3317 919 3396 permira.

253 3404 347 3469 Porro
364 3431 380 3468 o
395 3411 562 3474 necessaria
576 3417 621 3474 est
634 3411 854 3494 promulgatio,
877 3411 975 3494 inquit
995 3415 1027 3476 S.
1040 3414 1191 3495 Thomas,

216 3517 232 3556 ι
253 3501 286 3557 ut
298 3495 346 3560 lex
358 3497 562 3564 habenisuam
574 3502 740 3564 virtutem»
753 3501 870 3582 (l,2,q.
882 3507 931 3576 90,
941 3509 997 3566 art.
1008 3503 1195 3585 4).Necesso

212 3588 258 3647 est
269 3585 351 3648 enim
366 3597 552 3670 preceptum
567 3591 697 3652 intimari
713 3590 741 3652 ei
754 3610 848 3673 quem
860 3594 1032 3670 concernit;
1048 3596 1130 3676 atqui
1143 3596 1189 3660 lar

213 3671 307 3736 femur
329 3695 385 3757 pro
409 3680 626 3742 communitate
642 3701 653 3739 s
674 3681 746 3743 arad
760 3680 817 3749 insi
830 3680 961 3746 intimari
977 3682 1083 3763 debct,
1101 3685 1130 3748 id
1146 3695 1191 3750 est
