2562 4224
405 363 409 370 .
438 285 446 308 ⁸
499 313 583 362 trena
605 313 724 356 rnrirns.
956 369 958 373 ι
1048 309 1105 366 1175

126 425 222 482 cam3
248 407 314 470 aliis
336 409 598 492 propugnantibus
619 409 785 490 Episcopos
809 409 938 486 debere,
963 411 994 474 in
1018 414 1110 477 Gailit

128 503 226 574 prout
240 496 271 556 in
286 499 400 560 caeteris
420 498 575 578 gentibus,
589 495 715 574 judicari
741 499 759 558 a
780 498 889 560 Sancta
911 500 1007 579 Sede,
1020 503 1110 566 etiam

128 585 162 644 in
187 585 288 664 prima
301 585 453 648 instantii.
470 586 548 646 Huic
564 585 721 660 sententie
742 583 912 648 adhaerebat
927 589 1107 660 Bossuetius:

133 696 151 729 a
174 675 277 744 Quant
291 693 327 736 au
340 676 499 756 jugement
512 674 565 736 des
578 657 715 755 Eaeques
730 671 828 754 (lettre
841 675 860 735 a
872 676 913 736 Μ.
925 677 1048 758 Dirois),
1060 677 1109 756 j'ai

133 785 151 817 u
173 763 313 840 toujours
329 764 377 824 dte
396 763 561 825 convaincu
585 781 644 843 que
661 763 725 823 leur
748 761 914 842 de'position
933 765 1004 826 e'tait
1021 768 1110 828 reser-

132 874 151 906 a
175 851 230 912 vde
244 869 283 912 au
297 851 444 932 Pape.‹Le
456 851 543 932 chap.
561 851 605 912 De
618 848 845 913 Concubinorc'is
858 851 1018 931 (concord.
1034 855 1108 923 Leo-

135 962 152 994 «
175 939 225 999 nis
246 941 271 1000 X
285 958 357 1000 cum
376 941 538 1001 Francisco
552 937 577 1020 1)
596 939 654 1000 m'a
668 939 803 1017 toujours
818 957 891 1018 paru
908 939 934 1012 ie
948 937 1110 1022 supposes.

135 1052 151 1081 a
175 1035 206 1088 et
220 1025 248 1086 la
262 1027 422 1110 discipline
434 1046 473 1089 en
488 1035 532 1089 est
551 1027 574 1088 si
589 1033 745 1088 constante
759 1027 866 1106 depuis
880 1031 939 1091 600
954 1047 1026 1103 ens,
1043 1029 1111 1112 qn'ai
1160 1029 1163 1040 '

135 1139 151 1170 a
174 1115 269 1196 peine
280 1127 412 1196 peut-on
425 1124 544 1178 trouver
558 1115 611 1176 des
625 1115 777 1196 cxempics
791 1115 832 1178 du
844 1117 992 1179 contraire
1004 1118 1112 1180 durant

133 1226 152 1261 e
175 1211 242 1264 tant
254 1205 292 1264 de
309 1225 322 1266 s
340 1205 458 1275 icles.»

180 1292 223 1352 Ad
241 1295 409 1354 Romanum
424 1312 496 1374 ergo
518 1293 697 1356 Pontificem
716 1293 843 1374 pertinet
857 1295 1009 1376 deponere
1026 1299 1097 1378 Epis

128 1399 245 1461 copos;
269 1381 322 1444 sed
344 1382 404 1442 hoc
423 1401 486 1442 non
506 1388 623 1462 potest,
641 1384 746 1444 saltem
771 1383 865 1453 licite.
891 1385 957 1446 sine
980 1385 1110 1466 legitimi

129 1471 227 1532 causa
243 1486 251 1530 ε
270 1492 285 1527 o
307 1471 526 1550 Episcoporum
542 1470 727 1555 jurisdictio,
750 1471 811 1533 sive
834 1473 872 1532 sit
897 1472 1071 1536 immediate
1095 1478 1111 1537 ὲ

135 1580 152 1615 e
175 1557 294 1625 Christo
305 1605 313 1634 ,
326 1559 417 1620 sived
432 1560 463 1620 S.
481 1559 638 1634 Pontifice,
654 1559 753 1639 inquit
768 1559 881 1622 Bened.
897 1562 975 1633 XlV,
990 1561 1030 1623 ita
1041 1561 1112 1626 huic

135 1670 152 1704 u
174 1647 296 1724 subest,
312 1653 356 1718 ut,
369 1647 626 1710 consentientibus
642 1647 785 1709 omnibus
798 1647 961 1722 catholicis,
976 1649 1111 1731 ejusdem

132 1758 150 1791 a
173 1735 350 1798 auctoritate
364 1742 394 1796 et
407 1735 535 1816 imperio
549 1735 687 1812 limitari,
704 1743 794 1817 atque
807 1753 844 1798 ex
859 1736 992 1818 legitime
1005 1743 1109 1816 cause,

135 1847 151 1881 u
173 1823 303 1886 omnino
315 1824 425 1886 auferri
440 1825 573 1905 possit.»
593 1823 750 1906 (DeSpu.‚
767 1825 817 1888 lib.
834 1830 864 1902 7,
881 1844 909 1888 c.
926 1830 957 1900 8,
973 1840 1007 1889 n⁰
1020 1831 1063 1906 7.)
1089 1863 1100 1890 :-

173 1914 324 1974 Caeterimi
350 1912 501 1974 ordinarie
524 1931 585 1974 non
612 1913 700 1976 debet
721 1913 832 1995 deponi
855 1915 1022 1998 Episcopus
1046 1919 1110 1982 sind

127 2001 263 2078 judicio,
281 2007 314 2064 ut
327 2007 443 2063 constat
456 2019 494 2063 ex
507 2001 605 2064 verbis
618 2002 731 2064 Nicolai
747 2005 759 2064 l
772 2005 864 2085 sopri
876 2005 984 2067 relatis.
999 2007 1110 2070 Dicitur

127 2089 300 2166 ordinarie,
312 2091 382 2171 quia
390 2091 463 2152 tales
476 2097 602 2170 possunt
613 2109 768 2172 emergere
782 2091 1016 2158 circumstantie
1030 2097 1110 2176 quod

128 2179 227 2241 etiam
250 2179 315 2239 sine
336 2178 449 2258 judicio
473 2179 588 2260 possint
609 2180 757 2242 Praesules
779 2183 966 2244 exauctorari
990 2191 1111 2264 propter

131 2267 342 2350 necessitatem
368 2267 472 2348 populi
504 2267 678 2344 christiani,
707 2276 797 2349 prout
825 2269 949 2350 contigit
975 2277 1110 2351 tempore

129 2356 311 2419 Concordati
329 2360 415 2420 1801.
429 2355 621 2434 Nihil-enim,
635 2358 733 2438 inquit
748 2358 935 2433 Bossuetius,
947 2378 1004 2418 coc
1015 2369 1110 2440 potest

132 2445 220 2526 Papo
236 2445 301 2504 cum
314 2444 457 2506 Ecclesiae
471 2445 624 2506 necessitas
643 2449 697 2504 aut
709 2444 825 2506 evidens
843 2445 961 2508 utilitas
978 2448 1077 2527 postu!
1098 2484 1109 2495 -

129 2541 219 2596 verit.
235 2536 269 2594 ln
282 2533 329 2594 his
341 2533 509 2595 asserendis
523 2533 707 2596 concordare
725 2531 865 2596 videntur
880 2537 941 2597 DD.
958 2535 1108 2602 catholici.

129 2626 323 2702 Suspensum
346 2622 569 2703 inperpetuum
594 2628 691 2703 potest
711 2625 741 2684 S.
769 2621 905 2684 Pontifex
926 2625 1108 2707 Episcopum

129 2729 244 2792 cogere
269 2710 307 2772 ad
330 2709 462 2772 dandam
491 2729 577 2772 suam
602 2710 831 2788 dimissionem,
855 2719 884 2772 et
906 2713 931 2772 si
956 2716 1107 2784 renuerit.

128 2818 206 2864 eum
221 2799 381 2880 deponere.
402 2799 468 2862 imo
487 2799 625 2878 quamvis
646 2801 813 2880 Episcopus
835 2800 873 2860 de
896 2801 1023 2864 crimine
1048 2823 1108 2866 non

129 2888 223 2952 fuerit
247 2888 401 2950 convictus
429 2904 486 2948 nec
512 2905 701 2968 suspensus,
728 2888 757 2948 id
786 2895 882 2969 potest
907 2889 1006 2971 Papa,
1029 2893 1108 2971 justd

128 2979 225 3040 causa
237 2975 464 3050 interveniente,
476 2976 558 3054 gravi
568 2996 595 3038 v.
607 2996 637 3056 g.
651 2977 792 3039 scandalo
807 2977 837 3038 in
849 2979 963 3059 populo
975 2988 1108 3044 exstante

127 3066 215 3147 quod
230 3064 327 3128 sedari
350 3074 489 3144 nequeat.
507 3063 646 3145 Congrua
660 3071 759 3126 tamen
779 3063 851 3128 huic
873 3067 1024 3144 Episcopo
1044 3068 1096 3129 dar

127 3155 231 3216 debet.
648 3193 649 3196 =
805 3215 812 3226 .

172 3246 284 3304 306.—
298 3246 330 3304 2⁰
345 3241 448 3316 Quoad
457 3241 624 3304 Conoaicos.
640 3242 783 3304 canonici
798 3250 826 3304 et
841 3243 976 3322 plerique
990 3245 1103 3306 oseem

126 3331 200 3394 cisti
215 3331 387 3404 suntffletiam
401 3329 623 3406 inemeribiles,
638 3330 691 3392 sed
705 3349 743 3392 ex
757 3330 944 3392 institutione
955 3332 1108 3397 ecclesias-

128 3422 189 3484 tica
204 3421 334 3482 tantirm.
348 3418 436 3482 Unde
451 3425 608 3498 nequeunt
622 3418 768 3481 removeri
784 3419 866 3479 inviti
882 3419 947 3482 sine
960 3425 1108 3488 sententis

125 3507 279 3590 insidiet,
295 3526 393 3587 proux
408 3525 478 3568 mox
492 3507 629 3570 dicemus
645 3506 683 3568 de
696 3507 836 3588 parochis
850 3509 1106 3576 inamovibilibus.

140 3649 144 3656 .
170 3601 241 3660 307.
252 3629 291 3668 -,·
307 3600 339 3657 3⁰
355 3593 458 3670 Quoad
470 3593 634 3670 roricus,
650 3595 774 3658 Parochi
786 3603 855 3658 sunt
866 3597 995 3681 duplicis
1007 3601 1108 3662 condi·

127 3686 221 3748 tionis
236 3703 245 3746 τ
262 3684 312 3746 aiii
327 3685 408 3746 enim
425 3691 494 3745 sunt
509 3685 643 3765 perpetui
660 3703 719 3756 seu,
730 3684 957 3762 inamovibiies3
972 3687 1022 3748 aiii
1036 3689 1107 3749 vero

128 3773 167 3834 ad
183 3780 295 3846 nutum
308 3771 482 3832 amoribiles
493 3791 501 3832 ι
513 3772 551 3834 de
565 3773 694 3832 essentie
708 3773 790 3832 enim
803 3781 977 3836 curatorum
989 3791 1049 3833 non
1062 3782 1104 3832 est
