<?xml version="1.0" encoding="UTF-8"?>
<!DOCTYPE html PUBLIC "-//W3C//DTD XHTML 1.0 Transitional//EN"
    "http://www.w3.org/TR/xhtml1/DTD/xhtml1-transitional.dtd">
<html xmlns="http://www.w3.org/1999/xhtml" xml:lang="en" lang="en">
 <head>
  <title>
</title>
<meta http-equiv="Content-Type" content="text/html;charset=utf-8" />
  <meta name='ocr-system' content='tesseract 3.04.00' />
  <meta name='ocr-capabilities' content='ocr_page ocr_carea ocr_par ocr_line ocrx_word'/>
</head>
<body>
  <div class='ocr_page' id='page_1' title='image "./elementajurisca01craigoog_0327.png"; bbox 0 0 2548 4216; ppageno 0'>
   <div class='ocr_carea' id='block_1_1' title="bbox 178 234 874 292">
    <p class='ocr_par' dir='ltr' id='par_1_1' title="bbox 178 234 874 292">
     <span class='ocr_line' id='line_1_1' title="bbox 178 234 874 292; baseline 0.011 -12"><span class='ocrx_word' id='word_1_1' title='bbox 178 234 236 292; x_wconf 76' lang='lat'>306</span> <span class='ocrx_word' id='word_1_2' title='bbox 448 236 600 283; x_wconf 78' lang='grc'><strong>1111111111</strong></span> <span class='ocrx_word' id='word_1_3' title='bbox 621 235 704 282; x_wconf 79' lang='lat' dir='ltr'>roais</span> <span class='ocrx_word' id='word_1_4' title='bbox 725 238 874 288; x_wconf 79' lang='lat' dir='ltr'>cruorum.</span> 
     </span>
    </p>
   </div>
   <div class='ocr_carea' id='block_1_2' title="bbox 108 335 1227 1567">
    <p class='ocr_par' dir='ltr' id='par_1_2' title="bbox 181 335 1157 495">
     <span class='ocr_line' id='line_1_2' title="bbox 181 335 1157 419; baseline -0.006 -14"><span class='ocrx_word' id='word_1_5' title='bbox 181 341 304 416; x_wconf 84' lang='lat' dir='ltr'>Vide,in</span> <span class='ocrx_word' id='word_1_6' title='bbox 320 344 424 400; x_wconf 89' lang='lat' dir='ltr'>nostro</span> <span class='ocrx_word' id='word_1_7' title='bbox 438 335 589 411; x_wconf 78' lang='lat' dir='ltr'>rlloomli,</span> <span class='ocrx_word' id='word_1_8' title='bbox 600 337 635 396; x_wconf 84' lang='lat' dir='ltr'>n⁰</span> <span class='ocrx_word' id='word_1_9' title='bbox 649 339 738 414; x_wconf 85' lang='grc'><strong>1009,</strong></span> <span class='ocrx_word' id='word_1_10' title='bbox 754 341 909 419; x_wconf 80' lang='lat' dir='ltr'>quomodo</span> <span class='ocrx_word' id='word_1_11' title='bbox 922 340 1068 404; x_wconf 82' lang='lat' dir='ltr'>differant</span> <span class='ocrx_word' id='word_1_12' title='bbox 1080 339 1157 400; x_wconf 90' lang='lat' dir='ltr'>iuter</span> 
     </span>
     <span class='ocr_line' id='line_1_3' title="bbox 182 423 1058 495; baseline -0.006 0"><span class='ocrx_word' id='word_1_13' title='bbox 182 450 213 495; x_wconf 89' lang='lat' dir='ltr'>se</span> <span class='ocrx_word' id='word_1_14' title='bbox 227 428 404 490; x_wconf 76' lang='lat' dir='ltr'>dimissoria</span> <span class='ocrx_word' id='word_1_15' title='bbox 414 423 621 486; x_wconf 79' lang='lat' dir='ltr'><em>testimoniales</em></span> <span class='ocrx_word' id='word_1_16' title='bbox 630 425 663 486; x_wconf 85' lang='lat' dir='ltr'>&#39;et</span> <span class='ocrx_word' id='word_1_17' title='bbox 673 429 922 494; x_wconf 78' lang='lat' dir='ltr'>corammdatitioe</span> <span class='ocrx_word' id='word_1_18' title='bbox 932 431 1058 492; x_wconf 73' lang='lat' dir='ltr'>littorea.</span> 
     </span>
    </p>

    <p class='ocr_par' dir='ltr' id='par_1_3' title="bbox 185 514 1156 689">
     <span class='ocr_line' id='line_1_4' title="bbox 220 514 1156 597; baseline -0.004 -17"><span class='ocrx_word' id='word_1_19' title='bbox 220 520 290 580; x_wconf 83' lang='grc'><strong>131.</strong></span> <span class='ocrx_word' id='word_1_20' title='bbox 314 514 436 588; x_wconf 85' lang='lat' dir='ltr'>Quaerit.</span> <span class='ocrx_word' id='word_1_21' title='bbox 453 517 485 575; x_wconf 77' lang='grc' dir='ltr'>1ο</span> <span class='ocrx_word' id='word_1_22' title='bbox 501 521 547 573; x_wconf 81' lang='lat' dir='ltr'>Au</span> <span class='ocrx_word' id='word_1_23' title='bbox 560 515 727 594; x_wconf 81' lang='lat' dir='ltr'>presbyteri</span> <span class='ocrx_word' id='word_1_24' title='bbox 743 517 818 579; x_wconf 92' lang='lat' dir='ltr'>nulli</span> <span class='ocrx_word' id='word_1_25' title='bbox 833 519 976 582; x_wconf 86' lang='lat' dir='ltr'>Ecclesiae</span> <span class='ocrx_word' id='word_1_26' title='bbox 998 516 1156 597; x_wconf 80' lang='lat' dir='ltr'>adscripti,</span> 
     </span>
     <span class='ocr_line' id='line_1_5' title="bbox 185 600 1156 689; baseline 0 -21"><span class='ocrx_word' id='word_1_27' title='bbox 185 625 241 670; x_wconf 92' lang='lat' dir='ltr'>uec</span> <span class='ocrx_word' id='word_1_28' title='bbox 253 605 399 666; x_wconf 86' lang='lat' dir='ltr'>habentes</span> <span class='ocrx_word' id='word_1_29' title='bbox 411 600 595 664; x_wconf 84' lang='lat' dir='ltr'>beneficium</span> <span class='ocrx_word' id='word_1_30' title='bbox 609 602 803 668; x_wconf 80' lang='lat' dir='ltr'>residentiam</span> <span class='ocrx_word' id='word_1_31' title='bbox 818 608 953 688; x_wconf 81' lang='lat' dir='ltr'>exigens,</span> <span class='ocrx_word' id='word_1_32' title='bbox 964 607 1086 689; x_wconf 82' lang='lat' dir='ltr'>possint</span> <span class='ocrx_word' id='word_1_33' title='bbox 1095 604 1156 684; x_wconf 83' lang='lat' dir='ltr'>cogi</span> 
     </span>
    </p>

    <p class='ocr_par' dir='ltr' id='par_1_4' title="bbox 108 688 1163 942">
     <span class='ocr_line' id='line_1_6' title="bbox 108 688 1163 774; baseline -0.003 -18"><span class='ocrx_word' id='word_1_34' title='bbox 108 688 112 698; x_wconf 83' lang='grc'><strong>“</strong></span> <span class='ocrx_word' id='word_1_35' title='bbox 185 695 224 756; x_wconf 87' lang='lat' dir='ltr'>ab</span> <span class='ocrx_word' id='word_1_36' title='bbox 238 692 394 774; x_wconf 87' lang='lat' dir='ltr'>Episcopis</span> <span class='ocrx_word' id='word_1_37' title='bbox 411 690 449 752; x_wconf 89' lang='lat' dir='ltr'>ad</span> <span class='ocrx_word' id='word_1_38' title='bbox 469 690 670 752; x_wconf 84' lang='lat' dir='ltr'>assistendum</span> <span class='ocrx_word' id='word_1_39' title='bbox 689 692 789 756; x_wconf 91' lang='lat' dir='ltr'>missis</span> <span class='ocrx_word' id='word_1_40' title='bbox 809 696 997 758; x_wconf 87' lang='lat' dir='ltr'>solemnibus</span> <span class='ocrx_word' id='word_1_41' title='bbox 1020 699 1077 756; x_wconf 85' lang='lat' dir='ltr'>aut</span> <span class='ocrx_word' id='word_1_42' title='bbox 1098 693 1163 754; x_wconf 87' lang='lat' dir='ltr'>aliis</span> 
     </span>
     <span class='ocr_line' id='line_1_7' title="bbox 185 777 1160 848; baseline -0.002 -4"><span class='ocrx_word' id='word_1_43' title='bbox 185 777 679 846; x_wconf 67' lang='grc'><strong>1111111111111111111111111111</strong></span> <span class='ocrx_word' id='word_1_44' title='bbox 690 781 1160 848; x_wconf 82' lang='lat' dir='ltr'>Ecclesiaei-Videsolutionem</span> 
     </span>
     <span class='ocr_line' id='line_1_8' title="bbox 185 867 662 942; baseline -0.002 -11"><span class='ocrx_word' id='word_1_45' title='bbox 185 871 217 933; x_wconf 90' lang='lat' dir='ltr'>in</span> <span class='ocrx_word' id='word_1_46' title='bbox 233 879 336 934; x_wconf 86' lang='lat' dir='ltr'>nostro</span> <span class='ocrx_word' id='word_1_47' title='bbox 347 867 507 942; x_wconf 76' lang='lat' dir='ltr'>Mausoli,</span> <span class='ocrx_word' id='word_1_48' title='bbox 523 875 557 926; x_wconf 84' lang='lat' dir='ltr'>n·</span> <span class='ocrx_word' id='word_1_49' title='bbox 573 869 662 930; x_wconf 89' lang='grc'><strong>1010.</strong></span> 
     </span>
    </p>

    <p class='ocr_par' dir='ltr' id='par_1_5' title="bbox 189 955 1227 1567">
     <span class='ocr_line' id='line_1_9' title="bbox 226 955 1162 1040; baseline 0 -19"><span class='ocrx_word' id='word_1_50' title='bbox 226 960 395 1040; x_wconf 81' lang='lat' dir='ltr'>Episcopus</span> <span class='ocrx_word' id='word_1_51' title='bbox 410 963 508 1036; x_wconf 89' lang='lat' dir='ltr'>potest</span> <span class='ocrx_word' id='word_1_52' title='bbox 521 955 651 1018; x_wconf 88' lang='lat' dir='ltr'>retinere</span> <span class='ocrx_word' id='word_1_53' title='bbox 664 958 745 1037; x_wconf 90' lang='lat' dir='ltr'>apud</span> <span class='ocrx_word' id='word_1_54' title='bbox 757 977 789 1021; x_wconf 90' lang='lat' dir='ltr'>se</span> <span class='ocrx_word' id='word_1_55' title='bbox 802 979 904 1026; x_wconf 81' lang='lat' dir='ltr'>unum.</span> <span class='ocrx_word' id='word_1_56' title='bbox 914 961 960 1024; x_wconf 83' lang='lat' dir='ltr'>rel</span> <span class='ocrx_word' id='word_1_57' title='bbox 974 961 1054 1023; x_wconf 92' lang='lat' dir='ltr'>duos</span> <span class='ocrx_word' id='word_1_58' title='bbox 1074 977 1162 1022; x_wconf 76' lang='lat' dir='ltr'>cano</span> 
     </span>
     <span class='ocr_line' id='line_1_10' title="bbox 191 1043 1165 1130; baseline -0.003 -20"><span class='ocrx_word' id='word_1_59' title='bbox 191 1047 367 1122; x_wconf 89' lang='lat' dir='ltr'>uicos,sivc</span> <span class='ocrx_word' id='word_1_60' title='bbox 381 1064 418 1106; x_wconf 81' lang='lat' dir='ltr'>err</span> <span class='ocrx_word' id='word_1_61' title='bbox 430 1043 618 1119; x_wconf 74' lang='lat' dir='ltr'>cathedrali,</span> <span class='ocrx_word' id='word_1_62' title='bbox 634 1045 695 1107; x_wconf 89' lang='lat' dir='ltr'>sire</span> <span class='ocrx_word' id='word_1_63' title='bbox 713 1065 751 1108; x_wconf 86' lang='lat' dir='ltr'>ex</span> <span class='ocrx_word' id='word_1_64' title='bbox 772 1049 946 1130; x_wconf 70' lang='lat' dir='ltr'>collegiati.</span> <span class='ocrx_word' id='word_1_65' title='bbox 967 1052 1047 1112; x_wconf 83' lang='lat' dir='ltr'>Item</span> <span class='ocrx_word' id='word_1_66' title='bbox 1071 1055 1165 1129; x_wconf 85' lang='lat' dir='ltr'>potest</span> 
     </span>
     <span class='ocr_line' id='line_1_11' title="bbox 189 1131 1160 1200; baseline -0.002 -2"><span class='ocrx_word' id='word_1_67' title='bbox 189 1152 342 1198; x_wconf 84' lang='lat' dir='ltr'>assumere</span> <span class='ocrx_word' id='word_1_68' title='bbox 355 1133 433 1195; x_wconf 93' lang='lat' dir='ltr'>duos</span> <span class='ocrx_word' id='word_1_69' title='bbox 446 1131 639 1194; x_wconf 81' lang='lat' dir='ltr'>beneficiatos</span> <span class='ocrx_word' id='word_1_70' title='bbox 653 1151 706 1198; x_wconf 88' lang='lat' dir='ltr'>seu</span> <span class='ocrx_word' id='word_1_71' title='bbox 716 1137 937 1200; x_wconf 87' lang='lat' dir='ltr'>mansionarios</span> <span class='ocrx_word' id='word_1_72' title='bbox 946 1157 985 1200; x_wconf 83' lang='lat' dir='ltr'>ex</span> <span class='ocrx_word' id='word_1_73' title='bbox 997 1136 1160 1200; x_wconf 86' lang='lat' dir='ltr'>Catbedrali</span> 
     </span>
     <span class='ocr_line' id='line_1_12' title="bbox 190 1220 1227 1303; baseline -0.003 -17"><span class='ocrx_word' id='word_1_74' title='bbox 190 1230 242 1288; x_wconf 86' lang='lat' dir='ltr'>aut</span> <span class='ocrx_word' id='word_1_75' title='bbox 255 1223 434 1303; x_wconf 72' lang='lat' dir='ltr'>(indaginem,</span> <span class='ocrx_word' id='word_1_76' title='bbox 451 1220 542 1282; x_wconf 81' lang='lat' dir='ltr'>modo</span> <span class='ocrx_word' id='word_1_77' title='bbox 557 1239 619 1283; x_wconf 91' lang='lat' dir='ltr'>non</span> <span class='ocrx_word' id='word_1_78' title='bbox 636 1221 767 1286; x_wconf 86' lang='lat' dir='ltr'>babeant</span> <span class='ocrx_word' id='word_1_79' title='bbox 784 1243 891 1288; x_wconf 85' lang='lat' dir='ltr'>curem</span> <span class='ocrx_word' id='word_1_80' title='bbox 911 1227 1088 1288; x_wconf 85' lang='lat' dir='ltr'>animarum</span> <span class='ocrx_word' id='word_1_81' title='bbox 1103 1244 1111 1286; x_wconf 90' lang='lat'>:</span> <span class='ocrx_word' id='word_1_82' title='bbox 1127 1224 1162 1284; x_wconf 82' lang='lat' dir='ltr'>ite</span> <span class='ocrx_word' id='word_1_83' title='bbox 1221 1250 1227 1260; x_wconf 86' lang='lat'><em>·</em></span> 
     </span>
     <span class='ocr_line' id='line_1_13' title="bbox 191 1308 1164 1394; baseline -0.001 -20"><span class='ocrx_word' id='word_1_84' title='bbox 191 1322 291 1376; x_wconf 87' lang='lat' dir='ltr'>tomen</span> <span class='ocrx_word' id='word_1_85' title='bbox 306 1317 341 1374; x_wconf 93' lang='lat' dir='ltr'>ut</span> <span class='ocrx_word' id='word_1_86' title='bbox 355 1314 430 1370; x_wconf 86' lang='lat' dir='ltr'>ultra</span> <span class='ocrx_word' id='word_1_87' title='bbox 445 1308 523 1372; x_wconf 92' lang='lat' dir='ltr'>duos</span> <span class='ocrx_word' id='word_1_88' title='bbox 549 1328 587 1372; x_wconf 82' lang='lat' dir='ltr'>ex</span> <span class='ocrx_word' id='word_1_89' title='bbox 609 1312 752 1374; x_wconf 90' lang='lat' dir='ltr'>omuibus</span> <span class='ocrx_word' id='word_1_90' title='bbox 771 1315 835 1376; x_wconf 89' lang='lat' dir='ltr'>istis</span> <span class='ocrx_word' id='word_1_91' title='bbox 862 1333 924 1377; x_wconf 92' lang='lat' dir='ltr'>non</span> <span class='ocrx_word' id='word_1_92' title='bbox 943 1319 1098 1389; x_wconf 90' lang='lat' dir='ltr'>assumat,</span> <span class='ocrx_word' id='word_1_93' title='bbox 1117 1313 1164 1394; x_wconf 87' lang='lat' dir='ltr'>qui</span> 
     </span>
     <span class='ocr_line' id='line_1_14' title="bbox 191 1398 1162 1482; baseline -0.001 -19"><span class='ocrx_word' id='word_1_94' title='bbox 191 1419 298 1463; x_wconf 90' lang='lat' dir='ltr'>omnes</span> <span class='ocrx_word' id='word_1_95' title='bbox 310 1420 363 1482; x_wconf 91' lang='lat' dir='ltr'>pro</span> <span class='ocrx_word' id='word_1_96' title='bbox 376 1398 576 1460; x_wconf 83' lang='lat' dir='ltr'>residentibus</span> <span class='ocrx_word' id='word_1_97' title='bbox 585 1405 659 1462; x_wconf 90' lang='lat' dir='ltr'>tunc</span> <span class='ocrx_word' id='word_1_98' title='bbox 671 1408 880 1480; x_wconf 87' lang='lat' dir='ltr'>censentur,et</span> <span class='ocrx_word' id='word_1_99' title='bbox 890 1402 915 1464; x_wconf 91' lang='lat' dir='ltr'>si</span> <span class='ocrx_word' id='word_1_100' title='bbox 924 1402 1024 1464; x_wconf 88' lang='lat' dir='ltr'>absint</span> <span class='ocrx_word' id='word_1_101' title='bbox 1037 1403 1162 1476; x_wconf 83' lang='lat' dir='ltr'>aoboro,</span> 
     </span>
     <span class='ocr_line' id='line_1_15' title="bbox 193 1487 1163 1567; baseline 0 -17"><span class='ocrx_word' id='word_1_102' title='bbox 193 1492 350 1553; x_wconf 87' lang='lat' dir='ltr'>lucrantur</span> <span class='ocrx_word' id='word_1_103' title='bbox 372 1506 495 1550; x_wconf 88' lang='lat' dir='ltr'>suarum</span> <span class='ocrx_word' id='word_1_104' title='bbox 522 1487 753 1567; x_wconf 79' lang='lat' dir='ltr'>prebendarum</span> <span class='ocrx_word' id='word_1_105' title='bbox 781 1490 917 1567; x_wconf 84' lang='lat' dir='ltr'>fructus,</span> <span class='ocrx_word' id='word_1_106' title='bbox 945 1509 1008 1554; x_wconf 91' lang='lat' dir='ltr'>non</span> <span class='ocrx_word' id='word_1_107' title='bbox 1033 1491 1163 1552; x_wconf 89' lang='lat' dir='ltr'>obstante</span> 
     </span>
    </p>
   </div>
   <div class='ocr_carea' id='block_1_3' title="bbox 193 1576 1170 1741">
    <p class='ocr_par' dir='ltr' id='par_1_6' title="bbox 193 1576 1170 1741">
     <span class='ocr_line' id='line_1_16' title="bbox 193 1576 1170 1651; baseline -0.003 -10"><span class='ocrx_word' id='word_1_108' title='bbox 193 1578 413 1642; x_wconf 87' lang='lat' dir='ltr'>consuetudine</span> <span class='ocrx_word' id='word_1_109' title='bbox 437 1576 468 1636; x_wconf 89' lang='lat' dir='ltr'>in</span> <span class='ocrx_word' id='word_1_110' title='bbox 491 1576 696 1651; x_wconf 88' lang='lat' dir='ltr'>contrarium,</span> <span class='ocrx_word' id='word_1_111' title='bbox 726 1597 788 1640; x_wconf 90' lang='lat' dir='ltr'>non</span> <span class='ocrx_word' id='word_1_112' title='bbox 815 1585 918 1640; x_wconf 89' lang='lat' dir='ltr'>tamen</span> <span class='ocrx_word' id='word_1_113' title='bbox 942 1579 1170 1642; x_wconf 82' lang='lat' dir='ltr'>distributiones</span> 
     </span>
     <span class='ocr_line' id='line_1_17' title="bbox 194 1655 1147 1741; baseline -0.017 -11"><span class='ocrx_word' id='word_1_114' title='bbox 194 1666 391 1741; x_wconf 77' lang='lat' dir='ltr'>quotidianas.</span> <span class='ocrx_word' id='word_1_115' title='bbox 414 1655 1147 1740; x_wconf 64' lang='grc'><strong>-111111111118110111111111111111.11111.</strong></span> 
     </span>
    </p>
   </div>
   <div class='ocr_carea' id='block_1_4' title="bbox 248 1813 1125 1870">
    <p class='ocr_par' dir='ltr' id='par_1_7' title="bbox 248 1813 1125 1870">
     <span class='ocr_line' id='line_1_18' title="bbox 248 1813 1125 1870; baseline -0.01 0"><span class='ocrx_word' id='word_1_116' title='bbox 248 1815 281 1870; x_wconf 89' lang='grc'>11.</span> <span class='ocrx_word' id='word_1_117' title='bbox 294 1813 376 1868; x_wconf 85' lang='lat' dir='ltr'>-ba</span> <span class='ocrx_word' id='word_1_118' title='bbox 395 1823 548 1868; x_wconf 81' lang='lat' dir='ltr'>rorasrars</span> <span class='ocrx_word' id='word_1_119' title='bbox 568 1823 687 1866; x_wconf 84' lang='lat' dir='ltr'>srrscorr</span> <span class='ocrx_word' id='word_1_120' title='bbox 706 1823 734 1865; x_wconf 86' lang='lat' dir='ltr'>ru</span> <span class='ocrx_word' id='word_1_121' title='bbox 753 1821 928 1866; x_wconf 78' lang='lat' dir='ltr'>sacarnoras</span> <span class='ocrx_word' id='word_1_122' title='bbox 948 1820 1125 1864; x_wconf 78' lang='lat' dir='ltr'>exarsurus.</span> 
     </span>
    </p>
   </div>
   <div class='ocr_carea' id='block_1_5' title="bbox 195 1938 1182 3790">
    <p class='ocr_par' dir='ltr' id='par_1_8' title="bbox 195 1938 1253 2270">
     <span class='ocr_line' id='line_1_19' title="bbox 234 1938 1174 2020; baseline 0 -18"><span class='ocrx_word' id='word_1_123' title='bbox 234 1945 305 2003; x_wconf 88' lang='grc'><strong>131.</strong></span> <span class='ocrx_word' id='word_1_124' title='bbox 315 1974 355 1986; x_wconf 89' lang='lat'>-</span> <span class='ocrx_word' id='word_1_125' title='bbox 370 1944 400 2001; x_wconf 87' lang='lat' dir='ltr'>l⁰</span> <span class='ocrx_word' id='word_1_126' title='bbox 414 1941 534 2002; x_wconf 87' lang='lat' dir='ltr'>Certum</span> <span class='ocrx_word' id='word_1_127' title='bbox 549 1945 594 2000; x_wconf 89' lang='lat' dir='ltr'>est</span> <span class='ocrx_word' id='word_1_128' title='bbox 603 1939 786 2020; x_wconf 88' lang='lat' dir='ltr'>Episcopum</span> <span class='ocrx_word' id='word_1_129' title='bbox 801 1958 864 2000; x_wconf 90' lang='lat' dir='ltr'>non</span> <span class='ocrx_word' id='word_1_130' title='bbox 882 1940 1000 2000; x_wconf 84' lang='lat' dir='ltr'>taulbm</span> <span class='ocrx_word' id='word_1_131' title='bbox 1017 1959 1109 2019; x_wconf 85' lang='lat' dir='ltr'>posse</span> <span class='ocrx_word' id='word_1_132' title='bbox 1122 1938 1174 2002; x_wconf 89' lang='lat' dir='ltr'>sed·</span> 
     </span>
     <span class='ocr_line' id='line_1_20' title="bbox 195 2027 1171 2110; baseline -0.002 -18"><span class='ocrx_word' id='word_1_133' title='bbox 195 2029 307 2092; x_wconf 88' lang='lat' dir='ltr'>debere</span> <span class='ocrx_word' id='word_1_134' title='bbox 321 2027 481 2110; x_wconf 88' lang='lat' dir='ltr'>probibere</span> <span class='ocrx_word' id='word_1_135' title='bbox 496 2045 533 2090; x_wconf 93' lang='lat' dir='ltr'>ne</span> <span class='ocrx_word' id='word_1_136' title='bbox 547 2027 578 2088; x_wconf 92' lang='lat' dir='ltr'>iu</span> <span class='ocrx_word' id='word_1_137' title='bbox 600 2029 655 2090; x_wconf 77' lang='lat' dir='ltr'>sue</span> <span class='ocrx_word' id='word_1_138' title='bbox 675 2027 797 2090; x_wconf 89' lang='lat' dir='ltr'>dioecesi</span> <span class='ocrx_word' id='word_1_139' title='bbox 817 2027 855 2089; x_wconf 92' lang='lat' dir='ltr'>ad</span> <span class='ocrx_word' id='word_1_140' title='bbox 878 2027 1101 2090; x_wconf 89' lang='lat' dir='ltr'>celebrandum</span> <span class='ocrx_word' id='word_1_141' title='bbox 1122 2027 1171 2090; x_wconf 88' lang='lat' dir='ltr'>ad·</span> 
     </span>
     <span class='ocr_line' id='line_1_21' title="bbox 196 2115 1171 2198; baseline -0.002 -18"><span class='ocrx_word' id='word_1_142' title='bbox 196 2119 353 2180; x_wconf 86' lang='lat' dir='ltr'>mittantur</span> <span class='ocrx_word' id='word_1_143' title='bbox 368 2116 532 2198; x_wconf 87' lang='lat' dir='ltr'>presbytcri</span> <span class='ocrx_word' id='word_1_144' title='bbox 547 2116 613 2196; x_wconf 85' lang='lat' dir='ltr'>vagi</span> <span class='ocrx_word' id='word_1_145' title='bbox 624 2121 655 2177; x_wconf 98' lang='grc'>11</span> <span class='ocrx_word' id='word_1_146' title='bbox 665 2116 771 2196; x_wconf 83' lang='lat' dir='ltr'>ignoti,</span> <span class='ocrx_word' id='word_1_147' title='bbox 783 2124 834 2177; x_wconf 89' lang='lat' dir='ltr'>aut</span> <span class='ocrx_word' id='word_1_148' title='bbox 849 2115 1171 2196; x_wconf 85' lang='lat' dir='ltr'>peregrinicommeu·</span> 
     </span>
     <span class='ocr_line' id='line_1_22' title="bbox 197 2203 913 2270; baseline -0.004 -2"><span class='ocrx_word' id='word_1_149' title='bbox 197 2207 314 2270; x_wconf 81' lang='lat' dir='ltr'>delitias</span> <span class='ocrx_word' id='word_1_150' title='bbox 328 2207 375 2268; x_wconf 91' lang='lat' dir='ltr'>sui</span> <span class='ocrx_word' id='word_1_151' title='bbox 389 2204 540 2267; x_wconf 87' lang='lat' dir='ltr'>Ordiuarii</span> <span class='ocrx_word' id='word_1_152' title='bbox 555 2204 667 2266; x_wconf 86' lang='lat' dir='ltr'>litteras</span> <span class='ocrx_word' id='word_1_153' title='bbox 681 2223 743 2265; x_wconf 92' lang='lat' dir='ltr'>uon</span> <span class='ocrx_word' id='word_1_154' title='bbox 757 2203 913 2265; x_wconf 88' lang='lat' dir='ltr'>babentes.</span> 
     </span>
    </p>

    <p class='ocr_par' dir='ltr' id='par_1_9' title="bbox 202 2291 1181 2902">
     <span class='ocr_line' id='line_1_23' title="bbox 237 2291 1180 2372; baseline -0.004 -14"><span class='ocrx_word' id='word_1_155' title='bbox 237 2297 359 2358; x_wconf 85' lang='lat' dir='ltr'>Constat</span> <span class='ocrx_word' id='word_1_156' title='bbox 369 2311 405 2356; x_wconf 90' lang='lat' dir='ltr'>ex</span> <span class='ocrx_word' id='word_1_157' title='bbox 419 2293 535 2354; x_wconf 82' lang='lat' dir='ltr'>Concil.</span> <span class='ocrx_word' id='word_1_158' title='bbox 550 2291 685 2356; x_wconf 88' lang='lat' dir='ltr'>Trident.</span> <span class='ocrx_word' id='word_1_159' title='bbox 704 2311 713 2353; x_wconf 88' lang='lat'>:</span> <span class='ocrx_word' id='word_1_160' title='bbox 729 2292 865 2354; x_wconf 87' lang='lat' dir='ltr'>‹rNullus</span> <span class='ocrx_word' id='word_1_161' title='bbox 885 2298 1031 2372; x_wconf 86' lang='lat' dir='ltr'>praeterea</span> <span class='ocrx_word' id='word_1_162' title='bbox 1049 2294 1180 2357; x_wconf 87' lang='lat' dir='ltr'>clericus</span> 
     </span>
     <span class='ocr_line' id='line_1_24' title="bbox 203 2381 1181 2466; baseline -0.002 -22"><span class='ocrx_word' id='word_1_163' title='bbox 203 2408 217 2444; x_wconf 83' lang='grc'>1</span> <span class='ocrx_word' id='word_1_164' title='bbox 237 2383 426 2466; x_wconf 82' lang='lat' dir='ltr'>peregrinus,</span> <span class='ocrx_word' id='word_1_165' title='bbox 440 2382 505 2444; x_wconf 89' lang='lat' dir='ltr'>sine</span> <span class='ocrx_word' id='word_1_166' title='bbox 519 2381 772 2443; x_wconf 84' lang='lat' dir='ltr'>commendatitiis</span> <span class='ocrx_word' id='word_1_167' title='bbox 787 2381 832 2443; x_wconf 91' lang='lat' dir='ltr'>sui</span> <span class='ocrx_word' id='word_1_168' title='bbox 848 2381 998 2443; x_wconf 84' lang='lat' dir='ltr'>Ordinerii</span> <span class='ocrx_word' id='word_1_169' title='bbox 1010 2382 1130 2459; x_wconf 88' lang='lat' dir='ltr'>titteris,</span> <span class='ocrx_word' id='word_1_170' title='bbox 1140 2382 1181 2444; x_wconf 91' lang='lat' dir='ltr'>ab</span> 
     </span>
     <span class='ocr_line' id='line_1_25' title="bbox 202 2469 1174 2553; baseline -0.001 -20"><span class='ocrx_word' id='word_1_171' title='bbox 202 2499 216 2533; x_wconf 84' lang='grc'>1</span> <span class='ocrx_word' id='word_1_172' title='bbox 238 2474 301 2535; x_wconf 90' lang='lat' dir='ltr'>ullo</span> <span class='ocrx_word' id='word_1_173' title='bbox 314 2473 466 2553; x_wconf 79' lang='lat' dir='ltr'>Episcopo</span> <span class='ocrx_word' id='word_1_174' title='bbox 477 2469 515 2531; x_wconf 90' lang='lat' dir='ltr'>ad</span> <span class='ocrx_word' id='word_1_175' title='bbox 530 2469 632 2531; x_wconf 88' lang='lat' dir='ltr'>divina</span> <span class='ocrx_word' id='word_1_176' title='bbox 645 2469 824 2532; x_wconf 89' lang='lat' dir='ltr'>celebranda</span> <span class='ocrx_word' id='word_1_177' title='bbox 838 2477 867 2532; x_wconf 90' lang='grc'>11</span> <span class='ocrx_word' id='word_1_178' title='bbox 881 2478 1074 2532; x_wconf 86' lang='lat' dir='ltr'>sacramenta</span> <span class='ocrx_word' id='word_1_179' title='bbox 1084 2471 1174 2532; x_wconf 76' lang='lat' dir='ltr'>admi</span> 
     </span>
     <span class='ocr_line' id='line_1_26' title="bbox 204 2559 1180 2641; baseline -0.001 -21"><span class='ocrx_word' id='word_1_180' title='bbox 204 2585 218 2620; x_wconf 78' lang='grc'>1</span> <span class='ocrx_word' id='word_1_181' title='bbox 239 2561 394 2622; x_wconf 88' lang='lat' dir='ltr'>nistrande</span> <span class='ocrx_word' id='word_1_182' title='bbox 409 2559 624 2622; x_wconf 71' lang='lat' dir='ltr'>admittatur.»</span> <span class='ocrx_word' id='word_1_183' title='bbox 646 2559 739 2636; x_wconf 77' lang='lat' dir='ltr'>(Sese.</span> <span class='ocrx_word' id='word_1_184' title='bbox 758 2562 813 2633; x_wconf 89' lang='grc'>13,</span> <span class='ocrx_word' id='word_1_185' title='bbox 828 2577 856 2621; x_wconf 92' lang='lat' dir='ltr'>c.</span> <span class='ocrx_word' id='word_1_186' title='bbox 878 2562 934 2634; x_wconf 86' lang='grc'>16,</span> <span class='ocrx_word' id='word_1_187' title='bbox 955 2559 1000 2620; x_wconf 87' lang='lat' dir='ltr'>De</span> <span class='ocrx_word' id='word_1_188' title='bbox 1015 2559 1180 2641; x_wconf 71' lang='lat' dir='ltr'>lleputur.)¹</span> 
     </span>
     <span class='ocr_line' id='line_1_27' title="bbox 204 2645 1174 2729; baseline -0.003 -19"><span class='ocrx_word' id='word_1_189' title='bbox 204 2674 219 2710; x_wconf 82' lang='lat' dir='ltr'>n</span> <span class='ocrx_word' id='word_1_190' title='bbox 240 2649 357 2728; x_wconf 81' lang='lat' dir='ltr'>Singuli</span> <span class='ocrx_word' id='word_1_191' title='bbox 372 2647 541 2729; x_wconf 67' lang='lat' dir='ltr'>(Episcopi)</span> <span class='ocrx_word' id='word_1_192' title='bbox 559 2647 589 2708; x_wconf 91' lang='lat' dir='ltr'>in</span> <span class='ocrx_word' id='word_1_193' title='bbox 603 2647 664 2708; x_wconf 89' lang='lat' dir='ltr'>suis</span> <span class='ocrx_word' id='word_1_194' title='bbox 677 2647 859 2709; x_wconf 88' lang='lat' dir='ltr'>dioecesibus</span> <span class='ocrx_word' id='word_1_195' title='bbox 874 2645 1059 2708; x_wconf 82' lang='lat' dir='ltr'>interdicant</span> <span class='ocrx_word' id='word_1_196' title='bbox 1073 2666 1113 2710; x_wconf 91' lang='lat' dir='ltr'>ue</span> <span class='ocrx_word' id='word_1_197' title='bbox 1129 2648 1174 2709; x_wconf 88' lang='lat' dir='ltr'>cui</span> 
     </span>
     <span class='ocr_line' id='line_1_28' title="bbox 205 2734 1173 2817; baseline -0.005 -19"><span class='ocrx_word' id='word_1_198' title='bbox 205 2760 221 2798; x_wconf 84' lang='grc'>1</span> <span class='ocrx_word' id='word_1_199' title='bbox 240 2757 315 2816; x_wconf 83' lang='lat' dir='ltr'>rago</span> <span class='ocrx_word' id='word_1_200' title='bbox 329 2743 359 2799; x_wconf 92' lang='lat' dir='ltr'>et</span> <span class='ocrx_word' id='word_1_201' title='bbox 371 2737 474 2817; x_wconf 84' lang='lat' dir='ltr'>ignoto</span> <span class='ocrx_word' id='word_1_202' title='bbox 488 2735 633 2798; x_wconf 87' lang='lat' dir='ltr'>sacerdoti</span> <span class='ocrx_word' id='word_1_203' title='bbox 647 2735 755 2798; x_wconf 86' lang='lat' dir='ltr'>missas</span> <span class='ocrx_word' id='word_1_204' title='bbox 770 2734 924 2798; x_wconf 86' lang='lat' dir='ltr'>celebrare</span> <span class='ocrx_word' id='word_1_205' title='bbox 938 2735 1037 2797; x_wconf 86' lang='lat' dir='ltr'>liceat.</span> <span class='ocrx_word' id='word_1_206' title='bbox 1052 2755 1068 2794; x_wconf 79' lang='lat' dir='ltr'>a</span> <span class='ocrx_word' id='word_1_207' title='bbox 1085 2737 1173 2814; x_wconf 80' lang='lat' dir='ltr'>(Sese.</span> 
     </span>
     <span class='ocr_line' id='line_1_29' title="bbox 202 2821 793 2902; baseline -0.003 -13"><span class='ocrx_word' id='word_1_208' title='bbox 202 2831 251 2901; x_wconf 87' lang='grc'>11,</span> <span class='ocrx_word' id='word_1_209' title='bbox 267 2827 379 2887; x_wconf 74' lang='lat' dir='ltr'>liceret.</span> <span class='ocrx_word' id='word_1_210' title='bbox 394 2825 439 2884; x_wconf 84' lang='lat' dir='ltr'>De</span> <span class='ocrx_word' id='word_1_211' title='bbox 452 2821 561 2886; x_wconf 83' lang='lat' dir='ltr'>obsero.</span> <span class='ocrx_word' id='word_1_212' title='bbox 577 2832 604 2886; x_wconf 87' lang='lat' dir='ltr'>ct</span> <span class='ocrx_word' id='word_1_213' title='bbox 617 2824 793 2902; x_wconf 83' lang='lat' dir='ltr'>evit.,etc.).</span> 
     </span>
    </p>

    <p class='ocr_par' dir='ltr' id='par_1_10' title="bbox 203 2911 1179 3158">
     <span class='ocr_line' id='line_1_30' title="bbox 242 2911 1174 2995; baseline -0.006 -18"><span class='ocrx_word' id='word_1_214' title='bbox 242 2915 300 2977; x_wconf 91' lang='lat' dir='ltr'>Pro</span> <span class='ocrx_word' id='word_1_215' title='bbox 315 2914 416 2995; x_wconf 82' lang='lat' dir='ltr'>ipnoto</span> <span class='ocrx_word' id='word_1_216' title='bbox 431 2917 530 2974; x_wconf 87' lang='lat' dir='ltr'>autem</span> <span class='ocrx_word' id='word_1_217' title='bbox 545 2911 702 2974; x_wconf 86' lang='lat' dir='ltr'>habendus</span> <span class='ocrx_word' id='word_1_218' title='bbox 721 2931 782 2974; x_wconf 90' lang='lat' dir='ltr'>non</span> <span class='ocrx_word' id='word_1_219' title='bbox 801 2919 863 2989; x_wconf 88' lang='lat' dir='ltr'>est,</span> <span class='ocrx_word' id='word_1_220' title='bbox 883 2913 936 2995; x_wconf 92' lang='lat' dir='ltr'>qui</span> <span class='ocrx_word' id='word_1_221' title='bbox 959 2913 1174 2978; x_wconf 83' lang='lat' dir='ltr'>testimoniales</span> 
     </span>
     <span class='ocr_line' id='line_1_31' title="bbox 205 3000 1179 3084; baseline -0.008 -16"><span class='ocrx_word' id='word_1_222' title='bbox 205 3005 293 3068; x_wconf 82' lang='lat' dir='ltr'>balret</span> <span class='ocrx_word' id='word_1_223' title='bbox 306 3003 430 3080; x_wconf 88' lang='lat' dir='ltr'>litteras,</span> <span class='ocrx_word' id='word_1_224' title='bbox 439 3001 485 3063; x_wconf 88' lang='lat' dir='ltr'>ret</span> <span class='ocrx_word' id='word_1_225' title='bbox 495 3000 584 3064; x_wconf 87' lang='lat' dir='ltr'>alicui</span> <span class='ocrx_word' id='word_1_226' title='bbox 598 3017 735 3082; x_wconf 86' lang='lat' dir='ltr'>personae</span> <span class='ocrx_word' id='word_1_227' title='bbox 745 3001 883 3064; x_wconf 86' lang='lat' dir='ltr'>dioeccsis</span> <span class='ocrx_word' id='word_1_228' title='bbox 894 3001 1079 3084; x_wconf 81' lang='lat' dir='ltr'>tidedignae,</span> <span class='ocrx_word' id='word_1_229' title='bbox 1090 3008 1179 3065; x_wconf 84' lang='lat' dir='ltr'>notus</span> 
     </span>
     <span class='ocr_line' id='line_1_32' title="bbox 203 3101 258 3158; baseline 0 -1"><span class='ocrx_word' id='word_1_230' title='bbox 203 3101 258 3158; x_wconf 87' lang='lat' dir='ltr'>est.</span> 
     </span>
    </p>

    <p class='ocr_par' dir='ltr' id='par_1_11' title="bbox 206 3177 1181 3614">
     <span class='ocr_line' id='line_1_33' title="bbox 244 3177 1175 3260; baseline -0.003 -15"><span class='ocrx_word' id='word_1_231' title='bbox 244 3187 277 3244; x_wconf 74' lang='grc' dir='ltr'>1ο</span> <span class='ocrx_word' id='word_1_232' title='bbox 297 3179 437 3254; x_wconf 85' lang='lat' dir='ltr'>Quernris</span> <span class='ocrx_word' id='word_1_233' title='bbox 450 3177 616 3259; x_wconf 80' lang='lat' dir='ltr'>Episcopus</span> <span class='ocrx_word' id='word_1_234' title='bbox 630 3177 725 3258; x_wconf 87' lang='lat' dir='ltr'>possit</span> <span class='ocrx_word' id='word_1_235' title='bbox 738 3177 911 3260; x_wconf 83' lang='lat' dir='ltr'>permittere</span> <span class='ocrx_word' id='word_1_236' title='bbox 931 3185 966 3242; x_wconf 93' lang='lat' dir='ltr'>ut</span> <span class='ocrx_word' id='word_1_237' title='bbox 982 3187 1117 3242; x_wconf 82' lang='lat' dir='ltr'>rectores</span> <span class='ocrx_word' id='word_1_238' title='bbox 1129 3195 1175 3241; x_wconf 74' lang='lat' dir='ltr'>ee</span> 
     </span>
     <span class='ocr_line' id='line_1_34' title="bbox 206 3267 1181 3348; baseline -0.006 -14"><span class='ocrx_word' id='word_1_239' title='bbox 206 3271 364 3334; x_wconf 86' lang='lat' dir='ltr'>elesiarum</span> <span class='ocrx_word' id='word_1_240' title='bbox 375 3267 412 3330; x_wconf 86' lang='lat' dir='ltr'>ad</span> <span class='ocrx_word' id='word_1_241' title='bbox 422 3267 637 3330; x_wconf 91' lang='lat' dir='ltr'>celebrandum</span> <span class='ocrx_word' id='word_1_242' title='bbox 648 3267 807 3328; x_wconf 87' lang='lat' dir='ltr'>admittant</span> <span class='ocrx_word' id='word_1_243' title='bbox 820 3267 997 3348; x_wconf 77' lang='lat' dir='ltr'>peregrinos</span> <span class='ocrx_word' id='word_1_244' title='bbox 1010 3269 1181 3331; x_wconf 86' lang='lat' dir='ltr'>sacerdotes</span> 
     </span>
     <span class='ocr_line' id='line_1_35' title="bbox 206 3355 1179 3438; baseline -0.005 -15"><span class='ocrx_word' id='word_1_245' title='bbox 206 3357 459 3423; x_wconf 88' lang='lat' dir='ltr'>commendatitiis</span> <span class='ocrx_word' id='word_1_246' title='bbox 478 3355 582 3416; x_wconf 88' lang='lat' dir='ltr'>litteris</span> <span class='ocrx_word' id='word_1_247' title='bbox 605 3355 754 3432; x_wconf 88' lang='lat' dir='ltr'>munitos,</span> <span class='ocrx_word' id='word_1_248' title='bbox 775 3355 934 3436; x_wconf 88' lang='lat' dir='ltr'>probibere</span> <span class='ocrx_word' id='word_1_249' title='bbox 956 3362 1062 3419; x_wconf 87' lang='lat' dir='ltr'>tamen</span> <span class='ocrx_word' id='word_1_250' title='bbox 1083 3360 1179 3438; x_wconf 83' lang='lat' dir='ltr'>potest</span> 
     </span>
     <span class='ocr_line' id='line_1_36' title="bbox 207 3443 1181 3528; baseline -0.005 -19"><span class='ocrx_word' id='word_1_251' title='bbox 207 3449 282 3528; x_wconf 88' lang='lat' dir='ltr'>quin</span> <span class='ocrx_word' id='word_1_252' title='bbox 304 3447 378 3508; x_wconf 90' lang='lat' dir='ltr'>illud</span> <span class='ocrx_word' id='word_1_253' title='bbox 400 3445 512 3508; x_wconf 84' lang='lat' dir='ltr'>iaciant</span> <span class='ocrx_word' id='word_1_254' title='bbox 528 3461 600 3525; x_wconf 77' lang='lat' dir='ltr'>erga</span> <span class='ocrx_word' id='word_1_255' title='bbox 620 3450 796 3519; x_wconf 87' lang='lat' dir='ltr'>extraneos,</span> <span class='ocrx_word' id='word_1_256' title='bbox 820 3443 872 3524; x_wconf 88' lang='lat' dir='ltr'>qui</span> <span class='ocrx_word' id='word_1_257' title='bbox 897 3461 960 3512; x_wconf 89' lang='lat' dir='ltr'>non</span> <span class='ocrx_word' id='word_1_258' title='bbox 981 3444 1128 3507; x_wconf 86' lang='lat' dir='ltr'>baberent</span> <span class='ocrx_word' id='word_1_259' title='bbox 1148 3444 1181 3504; x_wconf 86' lang='lat' dir='ltr'>in</span> 
     </span>
     <span class='ocr_line' id='line_1_37' title="bbox 208 3531 1132 3614; baseline -0.001 -19"><span class='ocrx_word' id='word_1_260' title='bbox 208 3534 326 3614; x_wconf 86' lang='lat' dir='ltr'>scriptis</span> <span class='ocrx_word' id='word_1_261' title='bbox 338 3533 490 3594; x_wconf 83' lang='lat' dir='ltr'>licentiam</span> <span class='ocrx_word' id='word_1_262' title='bbox 504 3533 521 3594; x_wconf 77' lang='grc'>1</span> <span class='ocrx_word' id='word_1_263' title='bbox 535 3550 567 3594; x_wconf 89' lang='lat' dir='ltr'>se</span> <span class='ocrx_word' id='word_1_264' title='bbox 579 3531 654 3594; x_wconf 80' lang='lat' dir='ltr'>vella</span> <span class='ocrx_word' id='word_1_265' title='bbox 667 3549 723 3594; x_wconf 91' lang='lat' dir='ltr'>suo</span> <span class='ocrx_word' id='word_1_266' title='bbox 737 3532 855 3594; x_wconf 89' lang='lat' dir='ltr'>Vicario</span> <span class='ocrx_word' id='word_1_267' title='bbox 869 3533 1006 3595; x_wconf 86' lang='lat' dir='ltr'>Generoli</span> <span class='ocrx_word' id='word_1_268' title='bbox 1018 3532 1132 3596; x_wconf 87' lang='lat' dir='ltr'>datam.</span> 
     </span>
    </p>

    <p class='ocr_par' dir='ltr' id='par_1_12' title="bbox 212 3619 1182 3790">
     <span class='ocr_line' id='line_1_38' title="bbox 249 3619 1177 3701; baseline 0.001 -19"><span class='ocrx_word' id='word_1_269' title='bbox 249 3624 281 3682; x_wconf 81' lang='lat'>3⁰</span> <span class='ocrx_word' id='word_1_270' title='bbox 301 3620 456 3699; x_wconf 87' lang='lat' dir='ltr'>Episcopi,</span> <span class='ocrx_word' id='word_1_271' title='bbox 471 3621 502 3682; x_wconf 91' lang='lat' dir='ltr'>in</span> <span class='ocrx_word' id='word_1_272' title='bbox 516 3619 563 3682; x_wconf 93' lang='lat' dir='ltr'>bis</span> <span class='ocrx_word' id='word_1_273' title='bbox 575 3639 644 3700; x_wconf 87' lang='lat' dir='ltr'>quae</span> <span class='ocrx_word' id='word_1_274' title='bbox 657 3620 808 3701; x_wconf 84' lang='lat' dir='ltr'>pertinent</span> <span class='ocrx_word' id='word_1_275' title='bbox 825 3619 864 3683; x_wconf 87' lang='lat' dir='ltr'>ad</span> <span class='ocrx_word' id='word_1_276' title='bbox 882 3621 983 3684; x_wconf 83' lang='lat' dir='ltr'>missar</span> <span class='ocrx_word' id='word_1_277' title='bbox 1004 3621 1177 3684; x_wconf 76' lang='lat' dir='ltr'>celebratio</span> 
     </span>
     <span class='ocr_line' id='line_1_39' title="bbox 212 3708 1182 3790; baseline 0.004 -22"><span class='ocrx_word' id='word_1_278' title='bbox 212 3725 294 3772; x_wconf 81' lang='lat' dir='ltr'>uem.</span> <span class='ocrx_word' id='word_1_279' title='bbox 306 3708 467 3776; x_wconf 85' lang='lat' dir='ltr'>procedere</span> <span class='ocrx_word' id='word_1_280' title='bbox 480 3717 603 3784; x_wconf 87' lang='lat' dir='ltr'>possunt</span> <span class='ocrx_word' id='word_1_281' title='bbox 618 3714 723 3769; x_wconf 87' lang='lat' dir='ltr'>eontra</span> <span class='ocrx_word' id='word_1_282' title='bbox 736 3725 948 3790; x_wconf 85' lang='lat' dir='ltr'>quoscumque</span> <span class='ocrx_word' id='word_1_283' title='bbox 960 3711 1053 3772; x_wconf 89' lang='lat' dir='ltr'>ctiam</span> <span class='ocrx_word' id='word_1_284' title='bbox 1062 3728 1182 3790; x_wconf 81' lang='lat' dir='ltr'>exemp</span> 
     </span>
    </p>
   </div>
   <div class='ocr_carea' id='block_1_6' title="bbox 0 0 1302 4216">
    <p class='ocr_par' dir='ltr' id='par_1_13' title="bbox 0 0 1302 4216">
     <span class='ocr_line' id='line_1_40' title="bbox 0 0 1302 4216; baseline 0 0"><span class='ocrx_word' id='word_1_285' title='bbox 0 0 1302 4216; x_wconf 95' lang='lat' dir='ltr'> </span> 
     </span>
    </p>
   </div>
  </div>
 </body>
</html>
