2562 4224
483 377 570 421 urceo
592 375 708 420 eniuos.
1026 352 1085 410 153

114 508 130 544 c
149 481 231 566 quod
243 490 283 544 est
299 475 455 540 secondom
473 474 658 547 cleritatem,
672 473 721 534 sed
734 472 882 532 meliorem
895 465 993 549 qreoed
1005 465 1084 544 repi-

115 596 132 634 α
151 591 219 635 uren
239 567 397 641 Ecclesiae,
411 564 465 646 qui
481 563 594 624 scilicet
606 562 698 643 possit
716 558 880 623 Ecclesiam
902 563 928 616 et
941 553 1090 614 instrucre

114 685 132 724 e
151 669 180 724 et
195 655 348 741 defendere
360 663 388 716 et
396 651 525 735 pacifici
536 651 710 732 pertenere.
734 670 749 708 e

153 753 224 813 282.
247 743 369 820 Quaerit.
385 747 417 804 4⁰
432 744 540 803 Utrum
553 739 649 801 valido
663 738 701 799 sit
715 735 821 798 electio
834 731 938 813 digni,
952 728 1090 808 digniore

112 833 340 924 praeternrisso‘l

154 931 246 1007 Resp.
261 941 334 988 cum
348 924 380 984 S.
398 921 516 1000 bignor.
533 919 595 998 (lib.
606 922 638 993 4,
655 916 695 978 η’·
709 919 766 978 1οἓ
781 919 810 976 et
827 909 913 992 loti:
929 907 985 968 «Si
1002 906 1092 965 benc·

118 1041 135 1078 o
155 1016 261 1078 licium
275 1010 468 1091 estsimplex‚
479 1016 596 1071 certum
607 1005 770 1077 cunctere,
786 1021 821 1063 ex
834 994 989 1062 communi
1001 995 1098 1093 DD..

118 1103 293 1168 «Dubium
313 1107 359 1162 est
381 1099 405 1160 si
427 1099 465 1160 sit
487 1105 664 1160 curatum...
689 1092 883 1154 Affirmant...
908 1080 1094 1167 probabilius

119 1217 135 1254 o
156 1196 259 1274 Lngo‚
276 1197 365 1252 etc.»
980 1261 986 1274 .

157 1285 229 1345 283.
253 1281 350 1352 Quaer.
366 1281 401 1338 5⁰
418 1280 464 1337 bn
485 1280 644 1336 teneantur
659 1272 698 1332 ad
716 1267 935 1332 restitutionem
950 1261 1096 1341 eligentes

114 1373 266 1452 dignum,
281 1367 394 1429 omisso
406 1363 565 1444 digniore?
1048 1436 1055 1449 ι

159 1461 250 1539 Resp.
267 1455 471 1528 Dureslionenr
485 1452 563 1514 banc
576 1469 641 1513 esse
655 1454 900 1517 controversam
916 1440 953 1501 dc
968 1440 1015 1514 et,
1030 1435 1096 1536 vido

116 1553 151 1612 S.
167 1547 290 1628 Lignor.
312 1541 411 1621 libid,
428 1539 468 1602 n¹⁸
484 1543 645 1616 loo-ltu),
663 1537 714 1618 qui
734 1535 836 1615 plures
858 1547 946 1592 casus
964 1527 1094 1624 discutit.

116 1642 154 1700 ln
173 1653 245 1698 casu
260 1641 361 1695 nutem
375 1631 554 1706 concursus,
576 1627 723 1690 sententio
737 1621 889 1684 affirmans
903 1612 1097 1678 communitis
1170 1645 1172 1648 -

118 1731 259 1799 tenetur,
274 1727 303 1784 et
317 1728 363 1782 est
376 1718 461 1780 valde
476 1715 669 1799 probabilior.

161 1816 233 1875 284.
257 1809 378 1882 Quaerit.
395 1811 430 1868 6⁰
445 1810 491 1867 An
506 1813 536 1867 et
548 1804 652 1886 quales
666 1817 771 1884 poenns
783 1799 940 1860 incurrant
954 1790 1098 1872 eligentes

119 1901 185 1966 indi
211 1898 309 1961 numi

170 1921 344 2058 dispendet
355 1972 546 2036 Reiffenstuel
560 1971 625 2056 (lib.
642 1975 669 2044 l,
687 1975 708 2034 t.
724 1975 754 2046 6,
768 1979 800 2034 n⁰
811 1973 880 2056 262)
895 1992 931 2034 :e
948 1973 1104 2052 Eligenus

132 2089 150 2128 o
170 2067 302 2127 scienter
315 2063 474 2143 indignum
486 2063 515 2124 in
525 2062 708 2144 Episcopum
723 2063 767 2124 vel
778 2081 814 2125 co
824 2064 1023 2144 superiorem,
1032 2069 1105 2123 sunt

133 2177 150 2214 o
172 2155 317 2232 ipsojure
341 2154 358 2213 t
379 2150 535 2212 beneficiis
552 2150 761 2213 ecclesiasticis
782 2152 919 2231 suspensi
944 2169 998 2231 per
1013 2150 1100 2211 trien·

133 2266 150 2304 o
172 2242 270 2304 nium.
297 2243 339 2302 ltu
361 2239 450 2300 babet
470 2257 647 2322 expressum
672 2259 739 2320 cop.
771 2238 842 2303 Com
867 2239 1044 2313 incusetis,
1069 2245 1100 2314 7,

133 2353 149 2391 o
172 2331 191 2411 ξ
209 2329 336 2400 Clerici,
350 2328 391 2388 De
402 2328 497 2390 Elect.
513 2348 528 2385 n
544 2330 578 2388 ln
590 2328 657 2389 aliis
670 2327 868 2390 electionibus
881 2327 1000 2407 praelate
1014 2345 1104 2406 poena

129 2423 237 2484 locum
249 2436 311 2479 nou
321 2416 427 2478 babet
435 2419 602 2498 Suppressa
610 2424 655 2478 est
668 2415 747 2477 dicta
757 2433 839 2491 susp.
856 2417 888 2477 C.
905 2416 963 2489 Ap.
979 2414 1048 2481 Sed.

448 2697 450 2706 =
491 2675 639 2761 occur
665 2676 730 2745 in.

154 2839 203 2886 DE
230 2837 436 2885 cussu'rlonn
462 2838 505 2883 ET
529 2840 773 2888 nnsrfflcrrouu
799 2842 1068 2892 JURISDlCTIODllS

469 2953 751 3004 ECCLESIASTICAE.

547 3210 635 3272 ART.
657 3212 682 3275 Ι.

275 3341 312 3394 un
333 3342 508 3391 csssnrrouc
527 3345 756 3394 Jonrsnrcnorns
776 3344 952 3394 brunones.

161 3479 235 3540 285,
262 3472 358 3536 Variis
370 3472 468 3534 modis
481 3491 599 3536 cessare
613 3481 710 3554 potest
718 3474 888 3554 iurisdictio
900 3474 1036 3556 delegata
1051 3495 1059 3538 :

164 3569 197 3628 1⁰
219 3561 449 3626 Rorontiotione
470 3561 624 3642 delegati,
653 3582 721 3645 quae
740 3563 778 3625 sit
796 3566 898 3625 lemen
913 3567 930 3626 b
946 3567 1101 3646 superiore

119 3657 277 3733 acceptata
292 3693 302 3728 ,
323 3657 357 3713 ut
382 3655 500 3713 constat
519 3669 556 3712 ex
582 3668 650 3731 oap.
666 3651 770 3728 Licet,
785 3651 829 3714 De
843 3655 984 3727 Precor„
1002 3653 1032 3714 in
1046 3657 1097 3714 6⁰:

124 3761 141 3800 ι
162 3741 249 3802 Licet
262 3738 300 3816 is,
315 3738 369 3819 qui
384 3745 561 3820 procurator
573 3739 736 3803 instituitur
749 3741 787 3802 ab
802 3741 1053 3816 absentedixerit
1067 3759 1100 3802 se

125 3866 142 3904 r
163 3842 246 3908 nolle
261 3841 414 3924 suscipere
430 3841 632 3918 mandatum,
656 3842 803 3918 quamdiu
821 3845 1007 3905 constituens
1019 3842 1051 3902 in
1064 3847 1099 3902 eet

945 3939 968 3982 Β.
