2526 4210
185 217 243 274 242
461 228 612 274 rasurum
633 227 716 274 runis
737 228 889 276 cruourcr.

185 324 281 387 tudini
296 325 436 406 majestas
450 333 701 390 ornamentorum
717 325 913 406 respondeat,
929 331 1082 407 purpure,
1097 348 1161 410 qua

184 412 264 493 apud
283 414 427 496 antiquos
438 417 592 478 Romanos
611 413 733 495 regibus
752 414 874 495 propria
889 423 967 490 crat,
982 415 1162 480 decorantur

184 500 373 578 Cardinales;
391 505 537 568 birretum
553 502 681 566 rubrum
695 501 886 585 rubrumque
900 504 1039 584 galerum
1057 507 1109 586 jus
1122 506 1161 570 le-

184 591 270 653 rendi
283 591 405 657 habent.

148 703 150 708 ·
223 680 255 742 Si
270 699 307 744 er
319 683 508 764 regularibus
521 680 668 763 assumpti
681 679 761 758 sint,
775 680 821 744 uti
832 679 959 762 quidem
974 701 1039 745 non
1053 683 1162 748 debent

184 775 263 833 veste
278 774 441 854 purpurei,
458 770 510 834 sed
525 776 620 836 vestes
634 769 746 834 debent
759 770 886 832 induere
901 771 1013 833 coloris
1027 792 1092 837 suae
1102 775 1162 838 reli

184 859 300 940 gionrs,
320 880 391 924 cum
409 860 529 943 caputio
546 866 649 924 lamen
666 864 697 922 et
714 859 825 921 birreto
849 859 960 922 coloris
977 861 1086 939 rubri,
1108 863 1160 924 nisi

184 956 285 1010 essent
298 951 455 1014 Societatis
468 953 552 1028 lesu,
565 950 638 1032 quia
651 948 699 1010 isti
711 967 775 1010 non
786 948 1021 1030 distinguuntur
1030 951 1159 1014 habitui

183 1038 378 1102 eaecularibus
394 1039 611 1102 Cardinalibus.

223 1123 368 1190 Praeterea
387 1129 472 1211 juxta
492 1133 651 1192 Decretum
674 1126 788 1194 Urbani
809 1129 893 1205 Vlll,
913 1132 953 1192 lc
967 1129 1039 1207 jun.
1068 1134 1158 1205 1630,

182 1215 327 1296 appellari
348 1217 459 1280 debent
479 1217 730 1281 Eminentieairni.
753 1218 844 1279 Juxta
863 1218 936 1280 verd
957 1219 1055 1282 Breve
1077 1219 1160 1282 Mitt-

184 1307 275 1364 tanta's
288 1307 455 1368 iunocentii
469 1310 511 1381 Χ,
525 1306 597 1386 ipsis
612 1305 791 1387 prohibetur
805 1306 1058 1388 superimponere
1072 1311 1160 1371 armis

185 1393 338 1472 gentilitiis
356 1396 469 1478 pileum
491 1393 735 1471 cardinalitium,
757 1395 951 1476 quantumvis
968 1398 1112 1480 prosapia
1134 1405 1160 1460 et

184 1481 328 1563 dignitate
342 1485 477 1550 saeculari
488 1484 681 1548 excellerent.
1240 1497 1241 1500 ’

224 1575 293 1636 369.
310 1577 429 1648 Ouaerit.
443 1579 477 1638 4⁰
486 1576 633 1648 Ouaenam
645 1573 682 1634 sit
693 1572 867 1635 constitutio
880 1574 963 1636 Sacri
975 1575 1125 1657 collegii?

224 1664 313 1746 Resp.
330 1665 456 1729 Sacrum
471 1663 638 1744 Collegium
651 1680 705 1724 seu
715 1661 852 1724 collectio
867 1663 1075 1726 Cardinalinm
1090 1686 1159 1747 qua·
1240 1693 1241 1698 ¹

186 1756 273 1814 lenus
282 1773 497 1836 unumcorpus
506 1752 651 1826 efficiunt,
662 1749 752 1812 habet
762 1753 857 1831 ceput
866 1751 949 1832 quod
959 1758 1005 1814 est
1014 1753 1157 1829 Decuma,

185 1841 238 1920 qni
252 1859 289 1903 ex
303 1843 425 1906 constit.
440 1842 524 1906 Pauli
537 1844 574 1904 lV
590 1839 860 1912 concremabitis,
876 1846 904 1902 et
918 1841 1004 1903 Brevi
1021 1842 1159 1906 Paetoru-
1240 1837 1241 1876 l

186 1928 224 1990 lis
245 1929 407 1993 Clementis
428 1934 494 2010 ΧΠ,
518 1930 607 1993 debet
627 1947 693 1991 esse
716 1928 870 2009 antiquior
894 1947 931 1990 ex
951 1929 1159 1995 cardinalibus

186 2037 318 2100 praesens
337 2020 369 2081 in
390 2021 479 2083 Curii
494 2027 630 2100 ternpore
650 2017 815 2080 vacationis
832 2017 922 2092 hujus
936 2016 1094 2096 muneris,
1111 2029 1159 2082 ant

184 2107 293 2171 absens
306 2111 424 2172 tantiam
438 2128 475 2172 ex
488 2107 643 2172 Pontificis
661 2105 804 2168 mandato
818 2114 940 2186 propter
961 2125 1087 2172 causam
1100 2111 1158 2172 Eo-

184 2197 283 2261 clesiae
297 2200 460 2281 publicam.
474 2202 585 2276 estque
603 2194 773 2274 episcopus
786 2187 946 2253 Ostiensis.

224 2286 372 2351 Praeterea
399 2306 480 2351 unus
506 2288 524 2348 ὲ
550 2283 760 2347 Cardinalibns
787 2289 833 2346 est
860 2287 1052 2350 camerarius
1078 2285 1157 2349 Sacri

184 2377 318 2458 Collegii,
329 2378 418 2458 quus
429 2377 563 2438 officium
575 2381 620 2436 est
631 2393 736 2438 euram
745 2373 857 2436 habere
868 2375 961 2456 ipsius
972 2376 1156 2452 reddituum,

184 2473 213 2530 et
226 2467 389 2548 quotannis
402 2466 580 2527 distribuere
595 2463 721 2544 singulis
736 2463 953 2527 cardinalibus.

223 2556 323 2618 Habet
336 2557 460 2636 insuper
472 2557 599 2616 Sacrum
612 2552 781 2633 collegium
795 2553 998 2615 secretarium
1013 2555 1158 2616 scrutinio

183 2666 220 2710 es
246 2646 328 2708 ltalia
352 2643 547 2725 eligendum,
574 2643 623 2704 cui
647 2641 738 2702 etiam
765 2640 883 2704 dandus
906 2648 952 2703 est
977 2642 1158 2705 substitutus
1236 2695 1237 2702 t

182 2735 329 2799 scrutinio
348 2735 457 2814 pariter
479 2732 657 2812 eligendus,
676 2730 843 2791 successive
863 2737 967 2791 tanuen
990 2731 1009 2793 e
1033 2738 1158 2812 quatuor

183 2823 356 2888 nationibus
370 2821 567 2899 Germanica,
583 2819 764 2900 Hispanica,
781 2819 929 2881 Gallicana
945 2830 975 2881 et
994 2821 1088 2882 etiam
1103 2824 1159 2882 An·

204 2913 312 2976 licana.
780 2939 783 2944 ·
918 2953 920 2960 -

183 2934 203 2996 g
222 3007 292 3066 370.
315 3000 437 3076 Quaerit.
452 3002 487 3062 5⁰
500 2997 578 3071 Quid
592 2999 630 3060 sit
644 2996 882 3076 consistorium,
897 3003 926 3059 et
947 2997 986 3059 ad
1000 2999 1076 3081 quid
1088 3018 1157 3064 con·

182 3092 302 3157 veniat?

220 3187 311 3266 Resp.
323 3180 540 3245 consistorium
554 3197 620 3241 esse
630 3176 834 3241 cardinalium
845 3193 1024 3240 consessum
1034 3177 1069 3240 in
1078 3196 1158 3242 sacro

183 3275 292 3358 palatio
305 3273 344 3336 ad
358 3272 485 3334 modurn
500 3269 634 3332 senatus.

220 3364 338 3444 Duplex
349 3370 394 3425 est
406 3381 414 3424 ε
426 3359 615 3423 ordinariam
629 3375 683 3419 seu
697 3361 860 3433 secretum,
871 3355 902 3417 in
914 3374 976 3438 quo
985 3356 1099 3422 adsunt
1107 3357 1157 3421 soli

182 3452 373 3530 Cardinales3
387 3453 513 3514 solernnc
524 3469 574 3512 sca
583 3446 756 3532 publicam,
773 3446 810 3509 ad
826 3446 907 3527 quod
926 3446 1078 3510 accedunt
1090 3465 1157 3511 curn

182 3561 294 3623 magno
307 3549 451 3623 apparatu
465 3540 576 3622 singuli
591 3537 775 3616 cardinales,
790 3541 821 3598 et
833 3536 1034 3599 admittuntur
1048 3538 1155 3620 princi·

182 3649 255 3712 pum
269 3633 390 3707 Nuntii,
407 3631 469 3691 Viri
485 3629 621 3705 nobiles,
637 3626 774 3704 Praelati,
790 3632 848 3688 ete.

221 3723 255 3782 ln
269 3719 326 3782 hoo
339 3718 533 3798 consistorio,
543 3717 624 3799 quod
635 3713 911 3784 extraordinarium
924 3715 1016 3782 etiarn
1025 3721 1154 3795 vocatur,
