2562 4224
197 317 250 380 181
464 331 612 374 accusari
633 329 715 390 suars
734 325 883 373 caronam.
927 315 931 327 ’

177 502 180 516 1
194 427 377 491 territorium
385 424 512 504 alicujus
520 425 737 504 jurisdictionis
750 422 921 495 ordinariae,
938 421 1037 544 eidem
1049 424 1177 488 subdu·

193 515 282 579 citur.

179 604 183 673 1
234 597 384 685 Adversus
408 619 623 700 Exemptiones
650 616 834 700 regularium
856 615 1039 696 jamdudum
1063 618 1177 681 acrites

195 709 300 772 invecti
315 717 385 770 suut
398 708 468 770 rarii
482 715 640 788 auctores,
657 709 710 788 qui
723 706 891 790 praesertim
906 707 937 766 iu
952 706 1062 769 Sedem
1079 711 1182 788 Apos=

195 797 315 860 tolicam
329 796 408 858 male
421 795 517 858 allecti
532 803 624 858 eraut.
647 817 663 856 r
680 799 834 876 Quotquot
848 793 1037 870 recensebis,
1050 797 1069 856 a
1083 796 1182 858 Guil-

199 908 214 945 u
235 885 355 947 lelmob
373 886 484 946 Sancto
504 888 616 947 Auxere
636 883 785 966 usquead
804 890 938 944 exortam
955 883 1182 946 Jansenianam

199 980 346 1035 «sectam
366 971 530 1035 Pontificiis
550 973 687 1036 censuris
709 972 868 1034 damnatos
890 989 925 1032 ac
945 969 1085 1033 haeretiea
1106 972 1185 1034 labe

200 1083 216 1120 a
236 1061 362 1122 infectos
372 1061 624 1143 auctores,inquit
637 1065 674 1124 D.
685 1062 782 1122 Bouix
794 1060 852 1138 (De
863 1058 980 1140 Rapui,
991 1065 1011 1120 t.
1021 1063 1051 1134 2,
1064 1080 1094 1140 p.
1107 1064 1184 1142 86),

201 1171 216 1208 1
235 1155 279 1210 tot
292 1147 354 1210 fere
367 1150 541 1211 numerabis
563 1150 790 1232 exemptionum
811 1147 1039 1228 impugnatores
1059 1153 1186 1212 acerri-

201 1261 216 1297 11
237 1255 371 1300 mos...»
389 1237 452 1310 His,
470 1238 734 1319 sarculo-proxime
748 1237 866 1317 elapso,
883 1254 914 1297 se
931 1235 1069 1314 adjunxit
1084 1238 1186 1318 Epis·

184 1339 292 1407 'copus
307 1329 350 1388 De
362 1326 524 1388 Honthcim
542 1327 598 1389 sub
612 1326 754 1388 Febronii
770 1324 905 1387 nomine.
925 1325 992 1385 Tria
1006 1325 1190 1389 Febronius

198 1415 296 1477 statuit
313 1435 320 1475 :
338 1419 368 1476 1ο
385 1415 578 1494 Regularium
593 1416 802 1495 exemptiones
816 1412 973 1474 monachis
985 1413 1016 1474 in
1034 1414 1190 1495 praejudi-

198 1505 279 1566 cium
290 1503 368 1582 juris
380 1504 566 1584 Episcopalis
581 1521 740 1566 concessas
755 1501 862 1576 luisse;
881 1505 915 1562 20
934 1519 985 1562 eas
1001 1519 1067 1562 esse
1081 1519 1190 1582 regu-

198 1593 251 1654 lari
266 1593 462 1655 observantiae
477 1593 581 1654 noxias
601 1613 608 1665 ;
635 1591 697 1653 imb
719 1593 752 1652 3ο
770 1590 964 1653 saecularibus
981 1591 1191 1670 potestatibus

199 1699 313 1761 graves.

240 1790 370 1865 lpsemet
389 1787 563 1850 Bossuctius
581 1787 788 1868 exemptiones
806 1787 969 1848 insectatus
988 1792 1051 1862 est,
1072 1793 1103 1848 et
1131 1807 1193 1852 su-

202 1874 312 1956 perbiae
333 1883 362 1936 et
376 1876 532 1937 ambitioni
556 1878 608 1938 SS.
630 1875 812 1938 Pontillcum
835 1892 886 1935 cas
907 1873 1022 1937 videtur
1043 1874 1195 1940 tribuere

203 1961 284 2044 (Des.
300 1963 434 2040 Declor„
449 1965 553 2026 coroll.
572 1977 605 2026 n⁰
617 1968 667 2042 ll,
681 1971 748 2046 post
762 1963 858 2026 ultim.
876 1970 966 2044 caput
980 1963 1073 2024 tertiae
1086 1968 1196 2044 partis

203 2059 272 2113 aute
286 2053 507 2133 appendicem).

243 2169 307 2230 lmb
319 2175 348 2230 et
358 2171 388 2232 S.
401 2169 579 2231 Franciscus
593 2168 737 2232 Salesius:
751 2168 817 2250 qui,
831 2169 934 2230 revera
947 2168 978 2228 in
990 2169 1044 2229 sua
1055 2168 1198 2248 epistola

204 2256 241 2319 ad
251 2257 435 2338 Episcopum
449 2258 738 2335 11111111611111111(3111ο
751 2257 857 2336 lettre),
865 2256 1196 2336 aitanonseigneur,

209 2368 224 2406 a
241 2347 271 2425 je
283 2364 332 2408 me
349 2346 472 2425 rejouiS,
488 2352 595 2422 certes,
608 2345 646 2408 de
659 2365 711 2408 vos
725 2345 877 2418 victoires3
891 2363 953 2420 car,
961 2345 1031 2424 quoi
1048 2363 1115 2425 que
1129 2347 1198 2411 l’on

210 2458 224 2494 r
244 2434 333 2496 sache
347 2434 423 2509 dire,
435 2435 506 2495 c’est
519 2435 546 2494 la
560 2435 627 2514 plus
641 2434 755 2514 grande
770 2433 864 2514 gloire
878 2433 915 2493 de
930 2433 1006 2494 Dieu
1020 2451 1079 2514 que
1098 2444 1198 2501 notre

210 2545 224 2582 a
245 2523 339 2584 Ordre
353 2522 504 2602 e'piscopal
520 2523 576 2584 soit
590 2541 727 2584 reconna
742 2540 819 2604 pour
833 2539 868 2582 ce
883 2541 925 2600 qu
927 2521 956 2580 ’il
980 2527 1047 2598 est,
1073 2527 1108 2584 et
1131 2545 1198 2607 que

211 2633 226 2670 a
247 2616 324 2672 cette
338 2629 447 2671 measse
458 2609 505 2670 des
515 2611 695 2693 exemptione
716 2611 774 2672 soit
793 2609 936 2672 arraclree
954 2608 993 2670 de
1017 2609 1137 2674 l’urbre
1162 2615 1199 2677 de

212 2722 226 2759 u
248 2681 378 2780 17191111
390 2700 431 2761 oia
445 2699 464 2758 l
466 2717 505 2759 on
519 2699 580 2760 voit
594 2718 636 2780 qu
639 2699 704 2760 'alle
716 2717 734 2760 a
748 2697 800 2760 fait
811 2703 875 2758 tant
889 2697 926 2758 de
942 2697 1020 2774 mal,
1037 2698 1120 2760 ainsi
1132 2721 1199 2783 que

212 2809 227 2847 n
249 2787 453 2956 lielsffoncplp
465 2787 504 2848 dc
517 2786 806 2850 'Prenteafortbieu
820 2787 1009 2868 ternaeque»
1027 2787 1125 2866 (SesS.
1142 2795 1197 2869 21,

209 2894 236 2939 e.
342 2895 402 2937 erc

249 2975 374 3052 Difficile
399 2990 582 3053 dissimulari
608 2997 713 3072 posset
734 2991 881 3092 quosdam
905 2991 1036 3054 revera
1029 2995 1200 3092 irrepsisse

211 3080 346 3142 abusus
339 3098 370 3140 m
386 3080 478 3140 nimia
503 3081 677 3142 extensione
700 3080 947 3162 exemptionum,
972 3079 1067 3142 etsie
1089 3073 1199 3165 expli·

210 3177 280 3232 cant
282 3188 317 3232 ur
267 3169 421 3232 verba
436 3170 467 3230 S
484 3169 635 3230 Francisci
652 3169 755 3231 Salesii
770 3169 862 3232 modd
876 3169 990 3230 relate.
1007 3167 1202 3253 intelligitur

210 3261 301 3320 etiam
315 3257 468 3339 quomodo
483 3257 514 3319 S.
532 3257 703 3319 Bernardus
720 3257 782 3336 (lib.
799 3261 830 3336 3,
845 3276 873 3321 c.
890 3262 929 3334 4,
953 3255 991 3318 nl
1012 3259 1051 3320 16
1073 3266 1112 3322 et
1137 3267 1200 3340 18,

212 3347 256 3409 De
280 3346 445 3428 Consr'der.)
476 3345 606 3427 potuerit
629 3344 729 3408 dicere
751 3347 789 3408 de
810 3345 1077 3426 exemptionibus:
1109 3371 1129 3409 c
1144 3351 1200 3420 Vd

215 3457 231 3492 a
252 3434 361 3509 nullae,
374 3434 420 3496 vel
435 3452 538 3514 paucae
550 3432 714 3496 admodum
726 3441 797 3498 sunt
810 3434 974 3513 (Ecclesiae)
984 3453 1055 3516 quae
1067 3433 1203 3521 plagam

217 3545 232 3581 c
253 3522 340 3584 istam
361 3529 412 3585 aut
433 3521 648 3599 nondeleant,
671 3528 804 3585 autnon
829 3523 993 3586 timeant..
1018 3523 1137 3590 Nullus
1156 3533 1205 3592 est

217 3633 232 3670 c
253 3611 336 3671 enim
350 3609 375 3687 (f
373 3614 502 3691 ructus),
519 3611 576 3672 nisi
599 3609 683 3691 quod
701 3611 772 3674 inde
792 3611 933 3694 Episcopi
954 3611 1204 3694 insolentiores,

218 3720 234 3757 u
254 3697 393 3759 monachi
408 3700 498 3759 etiam
512 3699 717 3762 dissolutiores
731 3699 845 3764 fiunt...
862 3698 986 3772 Quod
963 3699 1083 3762 sidicat
1104 3703 1205 3788 Epis-

218 3802 369 3868 «copus,
386 3786 456 3846 nolo
474 3803 539 3847 csse
557 3785 613 3852 sub
633 3787 880 3877 archiepiscopo,
894 3793 948 3852 aut
973 3787 1098 3868 AbbaS,
1128 3797 1206 3858 nolo
