2562 4224
179 261 234 316 126
279 237 288 253 ’
448 268 600 312 sceusurn
618 267 702 312 iners
722 266 870 312 mnonrcr.

178 371 328 443 tatinum,
343 373 401 432 etc.
417 387 426 443 ;
442 371 473 428 9⁰
488 366 611 441 Stricti,
628 374 659 428 et
669 368 713 429 sic
723 375 767 429 est
782 367 893 432 modus
902 367 1066 432 distinctus
1080 369 1163 433 obti-

177 457 269 520 nendi
283 456 455 536 huiusmodi
469 455 569 518 officia

215 563 344 638 Electio,
360 562 392 623 in
406 561 465 624 hoc
478 561 612 624 secundo
625 580 715 625 sensu
736 569 876 643 accepte,
891 562 1058 626 delinitur:
1075 566 1164 628 Per-i
1277 577 1278 630 ἒ

178 670 253 713 sonte
274 651 387 714 idonee
405 651 446 712 od
461 649 628 713 Ecclesium
650 661 812 728 nocentem,
833 671 889 734 per
912 671 959 714 eor
981 653 1090 735 quibus
1101 653 1169 734 jus
1277 659 1278 664 ’

176 739 305 819 elipendi
320 741 465 822 competit,
489 741 625 802 canonico
649 743 770 816 coertio,
794 741 974 803 auctoritate
994 743 1166 823 superioris

176 829 388 910 confirmando.
417 831 530 892 Locum
557 847 619 890 non
646 828 734 891 babet
762 828 852 892 bodie
880 829 990 892 electio
1014 831 1074 892 nisi
1101 850 1167 912 pro

178 919 374 980 Pontificibus
388 919 560 998 Supremis,
574 937 630 998 pro
649 917 782 980 Praelntis
796 917 1015 998 Reguluribus,
1031 937 1087 1000 pro
1100 919 1166 982 Vi-

178 1007 265 1067 cariis
278 1006 509 1087 capitularibus,
520 1012 549 1067 et
561 1024 616 1086 pro
625 1006 783 1087 Episcopis
795 1006 827 1067 in
841 1006 1025 1087 quibusdam
1036 1008 1167 1069 tentbm

179 1096 347 1156 Germanice
362 1095 446 1157 locis.

218 1207 287 1267 ΞΠ.
310 1204 418 1266 Tribus
440 1209 542 1265 eutem
562 1203 661 1264 modis
673 1203 819 1265 duntaxat
833 1202 897 1265 fieri
917 1209 1014 1284 potest
1026 1204 1169 1268 electio:

179 1294 430 1370 perscrutinium,
445 1293 692 1372 conprendium,
705 1297 734 1354 et
749 1291 904 1373 perpensi
919 1291 1167 1373 inspirationem.

181 1383 221 1442 tta
238 1399 304 1461 cap.
327 1381 405 1456 Ouio
418 1391 543 1463 propter
560 1385 612 1455 42,
630 1381 672 1442 tte
689 1380 862 1456 Electione,
886 1380 970 1462 quod
992 1381 1173 1445 sanciret-at

177 1469 346 1531 Concilium
359 1472 494 1532 lateran.
514 1471 562 1546 lV,
572 1487 654 1530 anno
667 1473 745 1530 lete
763 1487 770 1528 :
788 1468 903 1544 «Quin,
918 1473 1042 1550 propter
1054 1467 1171 1531 diver-

184 1577 200 1616 α
218 1577 267 1620 sas
280 1557 392 1621 formas
406 1559 603 1632 electionum,
618 1557 714 1618 multo
732 1557 949 1637 impedimento
962 1556 1168 1638 proveniunt,

184 1667 200 1703 u
219 1655 249 1708 et
259 1666 369 1728 magne
379 1647 512 1730 pericula
523 1647 683 1708 imminent
690 1646 833 1707 Ecclesiis
842 1645 982 1720 viduatis,
996 1647 1174 1711 statuimus

183 1756 199 1792 n
217 1741 252 1798 ut
264 1738 336 1797 clim
355 1737 461 1798 electio
479 1735 568 1797 luerit
584 1735 781 1810 celebranda,
796 1734 994 1816 presentibus
1015 1735 1173 1800 omnibus

183 1846 199 1880 u
220 1825 273 1904 qui
285 1824 423 1886 detentet
437 1825 575 1885 volontet
583 1832 706 1904 possunt
719 1821 881 1885 commode
898 1823 1056 1900 interesse,
1072 1841 1171 1888 ussu-

184 1933 199 1966 α
220 1920 341 1974 mantue
353 1919 414 1973 tres
427 1913 465 1974 de
479 1912 606 1992 collegio
620 1911 680 1973 fide
694 1911 789 1992 digni,
807 1911 859 1992 qui
872 1913 980 1973 secreti
993 1919 1023 1974 et
1035 1912 1171 1992 sipiila-

184 2023 198 2054 α
221 2001 362 2064 timente
382 2010 562 2064 cunctorum
585 2001 744 2082 diligenter
763 2002 933 2081 exquirant,
949 2001 1024 2063 etin
1040 2001 1174 2082 scriptis

185 2111 199 2144 u
220 2088 350 2165 reductu,
379 2107 449 2152 mox
477 2089 631 2170 publicent
656 2091 687 2150 in
713 2089 891 2166 communi,
920 2085 1006 2150 nullo
1033 2092 1174 2169 prorsbs

185 2200 199 2234 u
220 2179 427 2260 appellationis
435 2179 589 2241 obstaculo
599 2178 767 2258 interjecto,
779 2184 812 2240 ut
822 2178 859 2253 is,
870 2177 1031 2240 collatione
1044 2177 1171 2258 habire,

185 2288 199 2322 u
219 2267 362 2347 eligutur,
388 2267 419 2329 in
442 2285 535 2349 quem
557 2284 687 2341 omnes,
713 2266 760 2328 vel
784 2265 883 2347 major
904 2272 935 2327 et
958 2266 1064 2327 senior
1082 2285 1174 2348 pars

183 2377 198 2412 u
219 2357 346 2437 Capituli
367 2356 515 2420 consentit
533 2354 584 2437 (en
603 2354 809 2436 scrutinium),
835 2353 881 2416 vel
903 2354 1036 2435 eligendi
1057 2363 1173 2435 potes-

183 2467 199 2502 u
218 2451 263 2506 tes
276 2446 427 2527 aliquibus
441 2445 511 2507 viris
525 2444 641 2506 idoneis
654 2445 869 2518 committatur,
879 2443 930 2524 qui
941 2445 1007 2506 vice
1016 2443 1173 2509 omnium

184 2554 199 2590 n
219 2535 359 2596 Ecclesiae
374 2535 502 2597 viductae
519 2533 697 2614 provideant
714 2531 752 2594 de
766 2532 888 2594 Pastore
903 2530 955 2612 (en
969 2535 1174 2614 compromis-

183 2626 311 2700 usum);
338 2622 424 2682 aliter
441 2622 547 2682 electio
570 2640 633 2684 non
653 2621 731 2683 valet
766 2621 823 2681 nisi
849 2620 925 2682 forte
948 2621 1173 2686 communiter

183 2730 198 2765 n
218 2710 349 2771 essetab
366 2710 508 2772 omnibus
521 2711 608 2792 quusi
618 2729 674 2792 per
691 2709 940 2791 inspirationm,
956 2708 1071 2790 absque
1084 2711 1175 2778 vitio

182 2819 198 2856 n
217 2799 408 2861 celebrata.»

218 2895 330 2966 dlectio
351 2925 408 2987 per
433 2907 518 2988 qnasi
550 2906 777 2988 inspirationem
804 2909 879 2966 tunc
895 2909 1044 2978 ,censetur
1075 2903 1171 2988 fleri,

177 2993 310 3072 quando,
325 2993 410 3056 nullo
424 2995 612 3075 praecedente
633 3000 771 3069 tractatu,
787 3009 895 3055 omnes
912 2992 1058 3054 electores
1072 3011 1173 3060 com-

177 3083 309 3144 muniter
326 3090 356 3144 ct
372 3085 458 3164 quasi
475 3102 537 3146 uno
551 3083 642 3146 corde
656 3101 691 3145 ac
705 3101 769 3160 ore,
785 3081 928 3144 inunum
944 3080 1173 3165 eumdemque

176 3172 379 3233 consentiunt.

219 3296 235 3334 n
255 3277 324 3354 Sed,
341 3279 439 3359 inquit
451 3281 486 3340 D.
505 3278 600 3339 Bouix
616 3277 675 3358 (De
689 3276 806 3359 Capit,
820 3296 850 3358 p.
867 3280 950 3355 205),
965 3278 1073 3341 electio
1089 3299 1171 3350 non

179 3385 193 3420 u
215 3371 311 3443 potest
327 3365 384 3428 hoc
398 3366 490 3429 modo
506 3367 568 3428 lieri
589 3367 620 3426 in
639 3366 676 3427 iis
689 3365 831 3447 Capitulis
845 3366 876 3427 in
891 3366 1002 3447 quibus
1019 3385 1074 3448 per
1089 3377 1171 3435 sta-

178 3471 193 3509 u
214 3457 313 3513 tutum
332 3455 461 3535 speciale
484 3456 679 3536 requiruntur
699 3455 788 3516 tacite
808 3453 960 3536 suffragiu,
973 3472 1044 3517 cum
1064 3455 1171 3523 clau-

179 3557 192 3592 e
214 3539 279 3599 suli
296 3539 429 3604 irritante
444 3543 622 3606 electionem
635 3543 721 3605 aliter
734 3541 854 3606 luctam.
870 3563 886 3602 n

213 3645 327 3708 Electio
347 3667 402 3729 per
417 3651 650 3730 compromissum
673 3655 747 3712 tunc
769 3648 802 3711 tit
819 3647 942 3729 quondo
964 3649 1171 3732 Capitulures

174 3739 351 3813 praesentes,
379 3737 501 3798 ncmine
530 3731 734 3817 discrepante,
762 3737 931 3798 facultatem
961 3738 1094 3818 eligendi
1127 3743 1169 3809 in
