2616 4228
469 325 560 368 carur
581 323 764 368 anamulata.
1065 315 1102 368 ta

128 423 349 505 opportuniora
361 425 499 502 tempora
513 421 586 482 illud
598 420 724 482 faciendi
739 421 903 500 prudenter
917 427 1103 500 exspectans:

129 512 252 576 sienim
267 511 436 592 corruptela
451 516 529 572 esset
542 508 751 585 consuetudo,
767 527 804 570 eo
822 510 888 590 ipso
906 509 987 590 quod
1002 509 1103 569 adver-

130 606 247 663 saretur
267 597 400 680 generali
421 598 564 660 doctrinae
583 597 742 673 Ecclesiae,
760 602 794 659 ut
813 597 955 659 damnata
969 596 1107 658 habenda

130 695 219 752 esset.

169 781 220 840 95.
244 776 309 837 Dixi
325 785 429 838 contra
444 775 535 856 iopam
552 796 562 835 :
581 778 657 837 Nam
678 775 703 836 si
724 775 911 838 consuetudo
932 775 970 836 sit
990 773 1107 834 tantum

129 877 240 948 prater
257 865 330 946 jus,
356 864 472 926 etiamsi
498 867 577 944 Papa
601 882 661 925 aaa
676 863 814 925 habuerit
829 863 999 926 facilitatem
1015 861 1108 922 reela·

129 953 254 1029 arandi,
279 959 420 1014 censetur
444 953 635 1028 consentire,
665 952 690 1014 si
715 953 846 1014 videndo
867 959 960 1014 taceat
981 973 988 1021 ;
1018 949 1111 1011 modo

128 1048 235 1104 tamen
258 1041 295 1102 sit
317 1041 502 1103 rationabilis
522 1041 588 1103 haec
605 1041 898 1122 consuetud0‚qaia
919 1043 949 1102 S.
972 1035 1108 1101 Pontifex

132 1135 275 1193 cerrsetur
302 1129 376 1191 velle
407 1130 521 1210 populo
546 1129 715 1192 satisfacere
740 1130 771 1190 in
796 1130 832 1191 iis
857 1148 926 1212 quae
952 1147 1013 1190 nan
1039 1133 1109 1188 suat

132 1226 237 1281 contra
251 1218 343 1299 tapam
357 1225 386 1280 et
400 1217 596 1279 rationabilia
611 1225 692 1292 sunt.
711 1221 755 1298 (Ι).
770 1219 876 1292 Bouix,
886 1218 920 1280 de
931 1216 1105 1298 Principiis,

132 1327 165 1389 p.
181 1309 266 1384 335.)

174 1399 225 1458 96.
250 1399 281 1456 3⁰
296 1394 400 1468 Quoad
415 1413 599 1457 consensum
621 1395 745 1476 legalem
759 1414 811 1458 seu
828 1395 1017 1476 generalem,
1038 1412 1112 1474 prae

136 1484 226 1546 stitus
252 1491 392 1545 censetur
419 1501 472 1563 per
497 1483 595 1564 legem
620 1486 790 1564 generalem
822 1488 881 1564 qut
908 1483 1113 1563 approbantur

132 1590 242 1635 omues
256 1571 490 1634 consuetudines
506 1573 698 1634 rationabiles
715 1580 744 1633 at
762 1573 893 1652 legitime
906 1571 1084 1652 praescriptae

132 1659 217 1726 uude
244 1677 304 1722 nau
334 1659 494 1740 requiritur
522 1660 560 1721 ad
590 1660 682 1720 talem
711 1678 894 1721 consensum
918 1667 951 1720 ut
976 1657 1111 1719 Pontifex

132 1754 298 1830 cognoscat
311 1749 572 1810 cousuetudinem.
591 1749 637 1829 (S.
653 1749 789 1828 Lignor„
802 1749 852 1810 lib.
871 1753 900 1824 l,
918 1752 974 1810 lar
989 1750 1038 1825 V.)

63 1912 68 1920 Ι
175 1836 331 1916 Quidquid
345 1838 376 1896 in
391 1837 576 1898 contrarium
591 1837 729 1899 nonnulli
745 1837 861 1914 dicant,
873 1837 979 1898 meritd
994 1854 1030 1896 ex
1042 1855 1108 1898 can.

135 1925 211 1988 Cim
233 1933 315 1986 tanto
334 1927 425 2005 supra
447 1925 540 1986 relato
560 1925 624 2006 (85)
646 1932 728 1987 etex
749 1945 815 2006 cap.
832 1929 861 2002 l,
877 1924 1063 1998 dedocuit,
1081 1925 1110 1985 in

133 2017 178 2088 6⁰,
193 2013 223 2074 in
239 2031 301 2094 quo
323 2011 431 2074 dicitur
450 2015 480 2074 S.
507 2013 684 2076 Pontificem
707 2033 767 2075 noa
790 2014 934 2094 derogare
955 2031 1008 2093 per
1026 2031 1111 2074 suam

134 2101 248 2182 legem,
259 2101 439 2181 specialibus
453 2101 589 2163 locorum
602 2103 872 2164 consuetudinibus
882 2149 889 2177 ‚
901 2102 1038 2182 quamvis
1047 2102 1113 2163 illas

133 2197 272 2271 ignoret,
288 2189 534 2254 concludendum
550 2197 596 2252 est
615 2209 800 2253 consensum
817 2191 944 2272 legalem
959 2190 1110 2260 sufficere,

134 2278 220 2340 etita
238 2279 341 2339 revera
365 2277 454 2338 sentit
474 2278 570 2339 multd
594 2280 786 2340 communior
804 2281 866 2339 DI).
889 2279 1035 2340 sententia
1063 2280 1108 2356 (D.

134 2365 249 2443 Bauio,
265 2365 299 2426 de
312 2367 432 2442 Prina,
448 2385 477 2446 p.
495 2369 552 2427 352
564 2365 617 2444 bis,
631 2373 662 2428 et
673 2370 704 2428 S.
720 2367 798 2446 Lig.‚
814 2367 879 2427 loco
895 2365 1109 2444 moddaitatol.

175 2458 226 2517 97.
252 2455 391 2516 Attamen
411 2453 497 2516 Card.
515 2456 659 2528 Gousset‚
675 2455 856 2535 Exposition
877 2453 925 2515 des
943 2453 1109 2534 princpes,

134 2546 181 2604 n⁰‘
195 2545 266 2617 385,
282 2545 355 2618 386,
377 2547 450 2618 eto,
463 2544 620 2605 sententiae
644 2546 790 2625 oppositae
814 2541 1029 2604 adhaerendum
1048 2561 1114 2606 essa

133 2637 240 2713 putat:
257 2631 389 2712 quiajos
408 2649 470 2692 nou
494 2631 626 2693 declarat
650 2631 902 2695 aarrsuetudiaem
925 2649 990 2692 esse
1013 2632 1093 2712 legiti
1166 2685 1169 2692 .

134 2738 235 2794 mam,
252 2727 412 2800 postquam
428 2738 481 2800 per
502 2727 622 2802 tempus
636 2727 753 2784 certum
767 2729 796 2783 et
809 2721 1042 2784 determinatum
1055 2720 1111 2782 du-

133 2807 327 2870 raveritzsed
338 2809 368 2868 in
379 2808 684 2890 hoasapientissimus
694 2811 967 2874 Cardinaliserrare
979 2809 1113 2872 videtur:

134 2914 208 2958 uam
222 2914 289 2977 cap.
308 2898 379 2957 Can
392 2905 473 2957 tanto
489 2900 578 2978 supra
594 2899 737 2978 relatum,
753 2902 855 2982 aperte
869 2899 941 2961 dicit
951 2905 1112 2960 consuetu·

134 2983 241 3046 dinem
255 2984 344 3045 etiam
357 2985 417 3062 Juri
432 2985 558 3066 positivo
579 3005 668 3068 posse
689 2989 898 3069 praejudicium
912 3005 1073 3068 generare,
1086 2987 1113 3048 si

133 3071 232 3152 suerit
245 3072 433 3134 rationabilis
444 3081 473 3135 et
487 3073 617 3155 legitimi
631 3093 828 3140 reinstaura·

175 3163 226 3224 98.
251 3160 310 3224 Sed
325 3161 374 3223 hic
394 3163 595 3242 quaerendam
616 3173 661 3227 est
675 3167 869 3247 quandonam
884 3164 1021 3228 Pontifex
1037 3181 1113 3225 cen»
1133 3159 1140 3214 'l

134 3255 239 3312 seatm
252 3251 425 3313 consentire
437 3251 453 3312 't

175 3341 268 3420 Resp.
284 3339 358 3400 add
373 3339 576 3404 inducendam
588 3343 839 3406 consuetudinem
853 3341 1111 3420 vicecomitalia,

139 3449 156 3488 ι
176 3426 209 3490 id
227 3433 288 3505 est,
306 3428 442 3509 principe
457 3435 569 3492 suante
583 3437 613 3494 et
635 3430 800 3509 tolerante,
816 3431 888 3492 adra
910 3429 997 3492 facile
1015 3439 1113 3512 posset

140 3515 316 3578 «resistere
338 3517 552 3580 introductioni
574 3519 803 3582 consuetudinis
822 3522 1019 3595 contrariae..‚
1041 3537 1112 3600 pro-

139 3626 156 3666 α
178 3604 308 3667 habilius
320 3612 376 3682 est,
392 3624 454 3668 non
468 3607 580 3688 requiri
595 3609 829 3671 determinatum
843 3613 974 3690 tempus.
991 3611 1033 3670 lta
1047 3607 1115 3670 Les·

138 3716 156 3753 a
176 3693 240 3756 sius
252 3693 304 3756 lib.
315 3698 345 3771 2,
359 3694 460 3757 etalii.
473 3697 559 3758 Ratio
571 3702 627 3776 est,
641 3697 711 3780 quia
723 3697 796 3760 dum
810 3697 949 3778 princeps
963 3697 1020 3758 scit

139 3781 275 3862 «legem
301 3801 363 3843 non
384 3784 494 3845 servari
514 3791 543 3845 et
567 3787 652 3862 silet‚
675 3792 738 3863 jam
762 3794 901 3848 censetur
926 3803 962 3845 co
