2616 4228
182 259 220 314 etl
457 267 609 312 aramum
630 263 713 308 roms
735 261 882 305 canorum.

180 371 230 448 jus
244 369 394 432 nationale
408 366 633 448 derogatorium
648 363 780 444 legitime
795 362 958 426 subsistere
978 371 1084 447 nequit
1094 373 1159 434 sine

181 451 933 536 auctoritateS.Pontiliois.liehocconvenitetiam
945 459 1159 537 auctorcujus-

181 545 251 606 dam
262 547 329 608 libri
343 547 526 609 Memorialis
538 543 644 626 gallice
654 539 835 621 scripti‚Sur
849 539 877 601 le
886 539 969 602 droit
982 547 1157 623 eootomier,

182 635 213 695 in
230 638 285 697 sua
304 637 500 717 responsione
515 635 552 695 ad
568 631 655 693 dard.
671 632 797 692 Gousset
815 628 858 710 (p.
874 629 924 710 16)
936 651 946 706 ;
958 631 1001 694 sic
1016 635 1102 696 enim
1112 635 1159 698 ha·

184 723 234 785 bet
246 744 252 784 :
269 747 284 783 n
293 727 339 787 Οἱ]
351 742 532 788 avons-nous
541 723 583 784 dit
594 720 667 802 qu'il
678 718 768 780 lallait
778 718 883 780 diablir
893 738 934 781 ou
943 739 1104 785 conserver
1116 745 1158 787 un

187 835 203 870 o
221 813 300 875 droit
321 815 451 877 national
467 811 672 893 inde'pendant
686 808 727 870 du
746 807 956 889 saint-siege,
977 811 1160 877 dest-adire

187 923 202 960 u
223 921 292 964 sans
308 906 334 967 le
346 907 579 966 consentement'
588 900 695 979 expres
705 916 744 959 ou
759 897 846 958 tacite
861 896 903 958 du
924 899 1155 982 Salui-Sisige‘ln

224 993 292 1053 ll3.
320 997 474 1065 Attamen,
499 990 597 1071 inquit
620 989 655 1049 D.
679 985 775 1048 Bouix
791 983 844 1066 (de
867 987 1055 1070 Principiis,
1087 991 1158 1073 78),

183 1079 349 1142 tolerantur
364 1100 442 1161 saepe
457 1075 851 1142 consuetudinesvariarum
866 1075 1026 1154 regionum
1043 1078 1160 1160 legibus

185 1169 375 1248 generalibus
385 1169 546 1250 oppositas,
559 1166 596 1228 ad
607 1163 853 1246 compatiendum
864 1163 1002 1238 infirmis,
1015 1174 1043 1226 et
1052 1176 1087 1228 ut
1098 1186 1159 1230 non

170 1257 376 1339 extinguatur
396 1259 493 1320 linum
517 1256 614 1318 adhuc
628 1254 790 1333 fumigans.
809 1286 846 1298 -
866 1253 970 1324 Quoad
992 1263 1093 1316 autem
1110 1257 1160 1335 jus

169 1348 336 1407 ‘nationale
352 1367 413 1408 non
426 1346 662 1427 derogatorium,
672 1347 753 1423 patet
763 1341 843 1422 qudd
853 1344 946 1422 possit
961 1344 1048 1404 statui
1065 1345 1161 1427 alegi·

184 1434 259 1495 tima
272 1439 463 1510 auctoritate,
480 1437 544 1497 sine
555 1451 707 1496 consensu
722 1433 752 1492 S.
771 1429 934 1492 l’ontisrcis.

226 1527 294 1585 111.
319 1527 439 1596 Quaerit.
457 1530 487 1585 3⁰
501 1527 610 1588 Utrum
626 1525 656 1584 S.
674 1519 810 1582 Pontifex
825 1518 921 1580 valeat
935 1519 1051 1583 irritare
1066 1524 1161 1604 quod-

185 1630 316 1695 cumque
325 1616 374 1693 jus
390 1614 561 1676 nationale?

224 1705 314 1784 Resp.
329 1705 533 1765 affirmative:
551 1713 580 1762 et
591 1701 715 1781 quidem
727 1703 757 1760 l⁰
768 1703 863 1779 potest
874 1697 989 1759 irritare
997 1700 1047 1777 jus
1062 1703 1160 1765 natio·

185 1790 253 1851 nale
275 1793 355 1871 quod
371 1793 427 1853 luit
445 1793 482 1853 ab
497 1792 582 1851 initio
602 1807 721 1850 merum
743 1787 933 1870 privilegium
952 1793 1093 1867 expresse
1115 1794 1161 1854 vet

184 1879 271 1939 tacite
285 1898 339 1959 per
359 1879 610 1941 consuetudinem
625 1895 820 1951 concessum;
844 1894 914 1936 nam
939 1877 992 1956 qui
1012 1881 1161 1941 concessit

184 1967 373 2048 privilegium
388 1975 486 2048 potest
497 1967 569 2028 illud
580 1985 729 2028 revocare.

223 2061 255 2118 2⁰
271 2058 370 2118 Potest
380 2058 496 2118 irritare
504 2059 553 2135 jars
568 2057 717 2117 nationale
728 2055 809 2136 quod
824 2055 882 2116 tale
897 2057 988 2117 evasit
1003 2075 1057 2136 per
1068 2065 1162 2121 muto·

183 2145 298 2206 tionem
316 2148 394 2226 iuris
418 2146 590 2209 communis
619 2146 732 2225 ubique
755 2144 881 2216 iactam,
906 2144 1005 2224 aliqua
1036 2149 1162 2226 regione

184 2237 327 2316 excepta:
345 2235 416 2316 quia
430 2237 460 2296 S.
474 2235 610 2295 Pontifex
625 2235 746 2314 plenam
761 2233 848 2293 habet
860 2240 1039 2312 potestatem
1054 2235 1085 2296 iu
1102 2237 1161 2298 sin·

184 2324 263 2403 gulis
284 2325 457 2406 regionibus
477 2325 558 2386 orbis
582 2323 734 2397 catholici,
751 2322 815 2383 sine
836 2322 896 2382 ullu
918 2322 1107 2403 exceptione,
1125 2343 1160 2388 ac

185 2413 311 2490 proinde
326 2415 459 2494 singulas
471 2420 568 2494 potest
583 2413 683 2492 ligare.

225 2506 293 2563 ll5.
318 2507 349 2562 3⁰
366 2507 464 2563 Potest
479 2507 509 2563 S.
528 2501 764 2577 Pontifex‚justti
779 2502 917 2580 exigente
932 2503 1034 2578 causa,
1049 2503 1161 2580 Jusna-

182 2589 293 2651 tionale
308 2591 434 2666 irritare,
450 2592 542 2651 etiam
556 2590 744 2650 concordatis
756 2589 919 2651 sinuatum.

223 2679 308 2740 Ratio
328 2679 484 2740 dubitandi
503 2684 581 2739 esset
599 2679 679 2758 qued
702 2679 847 2739 seruanda
865 2680 902 2740 sit
922 2679 996 2740 fides
1015 2679 1105 2756 data;
1130 2690 1158 2744 ot

182 2767 368 2829 concordata
383 2775 453 2830 sunt
468 2774 553 2848 pacta
563 2775 591 2829 et
604 2769 727 2848 quidem
742 2769 873 2850 publica,
885 2776 991 2830 mutuo
1005 2787 1159 2834 consensu

182 2855 269 2932 inita;
286 2875 370 2938 ergo,
384 2864 441 2919 etc.

222 2946 284 3007 Tali
300 2946 424 3028 quidem
442 2951 623 3028 argumento
644 2947 787 3027 probatur
802 2966 864 3008 non
879 2947 989 3008 debere
1006 2949 1036 3010 S.
1054 2949 1158 3010 Ponti-

182 3034 293 3112 ficem,
316 3035 429 3098 levibus
449 3037 488 3098 de
511 3037 624 3112 causis,
652 3036 845 3099 Concordatis
867 3037 1028 3116 derogare,
1057 3056 1159 3120 neque

181 3123 281 3205 ipsum
300 3125 486 3188 censendum
501 3143 566 3188 esse
580 3126 617 3187 iis
631 3125 795 3202 contraire,
811 3127 867 3188 nisi
881 3126 1042 3208 specialem
1057 3134 1086 3188 et
1104 3146 1157 3188 ex-

180 3232 315 3294 pressam
330 3233 436 3278 eorum
446 3235 481 3278 ac
490 3217 575 3295 justae
586 3233 684 3278 causae
697 3216 884 3278 mentionem
898 3215 1003 3276 faciat:
1018 3215 1158 3298 adeoque

181 3304 359 3385 rescriptum
373 3304 514 3368 adversus
526 3303 712 3367 Concordata
726 3305 900 3381 obtentum,
914 3304 980 3365 sine
997 3304 1054 3366 hec
1072 3323 1157 3366 men·

180 3392 280 3467 tione,
300 3413 355 3472 pro
373 3394 550 3474 subreptitio
569 3400 598 3456 et
616 3393 747 3456 invalido
765 3393 957 3468 habendum,
979 3400 1013 3454 ut
1030 3393 1153 3456 advertit

180 3481 268 3561 Engl.
286 3479 333 3560 (olo
345 3481 444 3546 Prot.
458 3491 488 3544 et
500 3482 668 3564 quoitot„
682 3491 718 3543 n⁰
732 3487 793 3562 51).

224 3591 239 3628 o
260 3569 463 3632 Nihilominus
476 3577 590 3650 tamen,
608 3571 706 3652 inquit
720 3573 809 3634 Biner
823 3574 882 3655 (ap.
896 3571 1003 3647 Bonis,
1019 3569 1054 3632 de
1065 3571 1152 3633 Prin-

184 3679 200 3717 ι
220 3658 324 3740 cipite,
340 3679 370 3739 p.
387 3662 422 3721 81
439 3667 469 3720 et
481 3660 545 3740 82),
562 3679 624 3722 non
639 3660 786 3723 evincitur
800 3681 861 3724 non
879 3679 966 3742 posse
981 3663 1011 3722 S.
1029 3660 1152 3722 Pontifi·

183 3767 200 3804 ι
218 3764 306 3822 cem,
323 3765 358 3808 ex
374 3748 560 3826 plenitudine
575 3767 638 3810 suae
652 3751 822 3829 potestatis,
833 3749 1028 3812 Concordatis
1038 3758 1169 3822 contra-¹
