2590 4214
164 263 225 318 aaa
438 269 589 314 clausura
609 269 692 314 runis
712 268 862 317 canonici.

162 373 219 452 ipsi
247 369 434 451 prohibitum
453 367 491 430 sit
509 373 539 429 et
560 367 749 446 culpabiliter
770 373 849 447 agat.
873 371 915 428 lta
938 369 1148 430 communiter

164 481 201 522 ux
215 479 282 540 cap.
299 457 338 520 Si
348 457 493 534 celebret,
510 456 553 519 De
564 455 671 517 clerano
684 475 825 517 excomm.

203 551 270 610 Non
299 547 427 612 incurrit
450 546 530 608 hanc
553 544 805 624 irregularitatem
826 542 879 626 qui
902 543 1078 608 functiones
1101 546 1149 608 sui

165 637 279 697 ordinis
294 639 434 710 exercet,
451 633 490 696 ab
503 632 568 694 aliis
586 633 768 713 requisitus,
784 633 808 694 si
830 633 868 694 sit
888 633 1033 696 toleratus
1049 653 1057 694 :
1074 636 1151 715 quia

165 736 238 786 tunc
255 725 335 788 licite
349 729 448 805 potest
457 739 508 784 eas
521 739 677 797 exercere,
690 741 727 784 ex
744 721 829 783 Bulla
842 719 893 784 Aa
908 722 1049 784 evitanda
1061 742 1149 785 seun-

166 814 246 876 dolo.

206 901 442 964 Controuertitur
456 907 558 962 utrum
575 897 778 978 irregularitas
792 897 1008 976 contrahatur,
1025 899 1067 959 ob
1080 901 1151 962 vio·

167 991 311 1053 lationem
339 1006 476 1052 censurae
501 987 539 1050 ad
566 992 688 1068 tempus
710 985 949 1048 determinatum
972 987 1075 1050 illatae.
1106 991 1153 1050 De

171 1099 229 1160 guo
248 1087 276 1140 et
296 1079 362 1140 aliis
385 1077 523 1158 pluribus
544 1073 611 1136 uide
638 1081 774 1137 nostrum
798 1074 960 1151 Manuale,
986 1076 1025 1136 υἷ’
1050 1081 1151 1141 1789-

207 1256 270 1316 dtsi
289 1253 440 1334 duplicem
462 1253 712 1334 irregularitatem
734 1271 796 1314 non
820 1253 957 1316 incurrat
977 1254 1031 1335 qui
1047 1273 1153 1335 sacros

170 1343 291 1406 ordines
305 1348 435 1417 exercet,
449 1340 560 1420 duplici
575 1342 704 1402 censura
716 1340 842 1420 ligatus3
854 1341 885 1402 id
899 1348 1003 1402 tamen
1018 1345 1150 1424 exprimi

169 1432 260 1494 debet
273 1433 303 1492 in
318 1431 461 1512 petitione
475 1429 719 1509 dispensationis.
728 1431 796 1492 Nou
810 1429 997 1492 concordant
1008 1439 1153 1498 auctores

171 1540 246 1584 num
260 1520 459 1601 multiplicem
475 1517 630 1580 incurrant
643 1519 911 1598 irregularitatem,
928 1519 982 1600 qui
996 1522 1061 1582 und
1077 1540 1151 1584 cen-

170 1614 241 1672 sura
254 1610 335 1688 ligati
351 1607 463 1688 pluries
477 1625 577 1667 sacros
590 1605 713 1668 ordines
723 1603 875 1668 exercent.

210 1703 280 1761 605.
303 1699 352 1760 lll.
371 1696 400 1758 Ε
401 1717 423 1756 u·
437 1693 554 1756 ordinis
573 1695 668 1770 sueri,
684 1715 768 1776 quem
782 1714 839 1756 non
858 1694 976 1772 debent,
990 1701 1152 1772 coercitio,

170 1787 345 1868 irregularis
372 1782 469 1845 euadit
493 1783 640 1858 clericus,
670 1783 773 1856 serio,
800 1785 956 1860 scienter,
984 1791 1103 1851 temere
1116 1810 1148 1852 at

171 1875 346 1938 solemniter
368 1873 542 1932 ministrans
565 1872 594 1931 in
618 1871 791 1950 hujusmodi
814 1872 931 1935 ordine.
956 1874 989 1936 ld
1010 1879 1151 1950 eruitur,

171 1983 237 2044 cap.
256 1967 269 2024 l
288 1969 316 2022 et
330 1959 424 2032 Mle
437 1960 611 2020 clericando
627 1960 728 2022 ordin.
742 1961 874 2022 ministr.
892 1961 951 2023 Sed
976 1963 1155 2046 irregularis

174 2053 209 2114 dt
219 2052 337 2113 tantuna
350 2049 450 2131 quoad
462 2049 584 2110 ordines
601 2068 661 2110 non
677 2058 848 2130 susceptos;
864 2069 1032 2133 suspensus
1046 2062 1153 2119 tamen

172 2141 291 2217 eradit,
308 2158 361 2221 per
376 2137 532 2200 biennium
545 2137 583 2199 ab
597 2139 703 2200 ordine
717 2137 853 2219 proxime
868 2148 1020 2220 suscepto.
1037 2142 1151 2208 Proba.

173 2231 263 2292 bilius
276 2227 447 2306 hujusmodi
462 2227 665 2305 irregularitas
679 2229 696 2287 a
714 2227 790 2288 laico
804 2245 865 2289 non
880 2226 1057 2293 incurritur.
1079 2237 1155 2298 ltido

181 2311 238 2372 alia
249 2313 431 2388 indlunnnle',
443 2313 483 2375 n¹⁸
499 2319 937 2400 l789-l803.Ablataestsusp.
948 2321 981 2382 C.
998 2323 1058 2402 Ap.
1072 2322 1148 2386 Sed.

220 2404 288 2464 606.
306 2403 356 2464 lv.
375 2404 427 2466 Ec·
448 2405 529 2464 multi
548 2408 723 2487 susceptione
740 2409 877 2472 ordinum
892 2411 925 2472 fit
944 2410 1148 2490 irregularis:

182 2496 214 2553 t⁰
228 2493 279 2572 qui
301 2492 416 2568 furtive,
431 2494 496 2556 sind
510 2495 723 2576 approbatione
742 2500 894 2580 Episcopi,
910 2500 1053 2562 ordinem
1069 2501 1151 2564 reci·

180 2584 247 2660 pit:
269 2600 297 2642 c.
319 2585 348 2656 l,
367 2582 408 2643 Ile
425 2602 467 2657 eo,
483 2585 532 2664 qui
547 2583 658 2664 [urtice
668 2606 677 2659 3
700 2591 731 2648 2⁰
750 2588 801 2668 qui
823 2589 889 2652 sind
907 2588 1150 2670 dispensatione,

180 2669 288 2730 eodem
302 2671 361 2743 die,
377 2673 482 2751 accipit
498 2673 599 2752 plures
613 2675 734 2736 ordines
747 2695 877 2757 quorum
892 2687 1028 2740 unusest
1041 2697 1150 2741 sacer:

180 2775 247 2835 cap.
271 2763 288 2818 2
312 2769 342 2821 et
357 2762 387 2833 3,
402 2759 486 2838 eod.;
509 2766 541 2822 3⁰
558 2763 608 2842 qui
629 2769 695 2843 post
709 2765 935 2846 matrimonium
955 2775 1151 2838 contractum

180 2845 319 2994 ordinabat
340 2867 472 2924 sacrum,
495 2853 643 2913 renitente
660 2871 763 2929 uxore,
780 2856 906 2938 recipit:
920 2857 1042 2919 Extrav.
1058 2858 1150 2920 Aod-

180 2952 255 3008 ouoe,
299 2947 399 2999 cerrito.

201 3022 234 3082 ln
253 3017 310 3080 hac
331 3013 550 3096 irregularitate
576 3014 750 3094 dispensare
778 3021 884 3096 nequit
905 3020 1095 3104 Episcopus,
1117 3029 1144 3090 si

168 3109 278 3172 trimen
290 3103 380 3167 luerit
390 3103 546 3185 publicum
556 3151 565 3178 ,
576 3110 606 3164 et
622 3104 685 3184 ipse
700 3110 770 3164 anta
790 3104 1012 3170 ordinationem
1027 3131 1144 3193 praece-

169 3197 249 3272 )erit,
261 3201 295 3257 ut
309 3212 376 3255 mos
389 3199 445 3267 est,
462 3192 519 3254 sub
535 3195 624 3272 poend
638 3194 972 3271 excommunicationis,
985 3203 1145 3267 nerninem

168 3285 269 3347 ''urtiv'e
282 3282 434 3345 accedere.
450 3283 521 3362 Cap.
542 3285 571 3358 l,
583 3281 644 3342 eod.
662 3281 728 3341 Alia
738 3280 929 3345 invenientur
939 3286 970 3346 in
981 3287 1143 3361 Munuut'r',

167 3373 200 3436 nl·
217 3379 311 3442 1804,
329 3381 386 3433 etc.

202 3467 272 3525 obt.
302 3464 335 3522 V.
359 3461 413 3522 Ec
435 3458 554 3520 doeresis
568 3457 687 3518 delicto.
715 3460 822 3520 ulure
840 3461 1069 3543 Decretaliut...
1094 3487 1145 3529 rn-

167 3573 181 3610 e
203 3551 268 3632 quit
284 3548 370 3610 Card.
389 3547 489 3628 Soglia
505 3545 586 3626 (lost.
597 3546 665 3626 jur.
682 3546 776 3624 nno,
797 3546 814 3627 ξ
838 3551 898 3627 69),
920 3569 983 3612 non
1009 3554 1145 3621 haeretici

167 3663 182 3698 a
204 3637 295 3698 rnodb
308 3636 396 3696 alieni
411 3639 427 3696 a
441 3653 558 3697 canone
571 3641 642 3696 sunt
655 3637 719 3712 (seu
730 3635 1146 3717 irregulares),vcrl1metiam

169 3748 185 3782 a
206 3725 246 3784 illi
262 3723 397 3802 quicum
411 3722 559 3784 haereticis
571 3723 673 3807 aliquo
685 3723 776 3786 modo
791 3726 946 3803 conjuncti
962 3737 1055 3807 sunt;
1066 3753 1145 3814 quo-
