2526 4210
458 345 542 389 tibull
564 345 680 389 PlilllUS.
1002 339 1056 396 27&

94 455 167 508 trus.
185 447 255 515 etc,
268 441 361 504 Pasce
373 459 463 521 apaos
476 459 551 501 meos
560 463 570 509 ‚·
586 439 633 500 his
647 439 729 500 euim
744 442 842 503 uerbis
856 445 1012 524 probatur,
1028 458 1060 509 ut

94 531 328 608 supradiximus,
343 533 374 592 S.
389 528 565 591 Pontificem
581 529 700 608 plenam
715 527 825 591 habere
838 539 1014 610 potestatem
1029 537 1058 598 in

94 617 282 681 universalem
296 617 474 693 Ecclesiam,
490 617 523 677 in
537 635 632 696 ugnos
646 622 675 676 et
689 635 780 689 oves,
807 617 837 678 in
852 620 1018 703 Episcopos
1032 632 1061 684 et

94 703 188 767 lideles
204 726 212 766 :
229 709 281 769 sed
304 707 329 770 si
346 707 485 787 Epis'copi
514 703 724 766 tmntodtatea
749 704 866 767 Christo
890 708 1060 789 acciperent

93 799 258 871 potestatem
285 795 317 857 in
340 813 426 856 suum
452 793 580 875 quisque
599 792 774 868 dioeoesim,
795 795 949 875 quomodo
973 797 1067 876 plene

94 880 270 958 gubernandi
287 883 485 946 universalem
499 881 677 956 Ecclesiam,
690 887 824 960 agnosci
835 901 918 958 oves,
935 885 1062 947 Summa

93 969 223 1033 Pontifici
239 971 346 1034 tradita
360 970 488 1032 luisset?

128 1059 159 1118 ll.
182 1063 225 1121 Ex
240 1059 409 1122 innumeris
427 1057 596 1120 traditionis
611 1058 817 1119 monumentis
830 1057 910 1121 banc
927 1061 958 1120 S.
979 1061 1067 1120 Pan-2

94 1145 155 1206 tilici
170 1148 370 1211 tribuentibus
384 1153 563 1228 potestatem
577 1163 585 1204 ε
601 1144 727 1222 sufficiat
742 1145 853 1207 referre
868 1152 900 1207 l⁰
915 1147 946 1208 S.
962 1147 1058 1228 Optali
1127 1153 1131 1158 ’

93 1235 241 1296 llilevitani
261 1236 349 1297 rerba
364 1235 429 1315 (lib.
449 1240 480 1310 Ἰ,
492 1241 596 1295 contra
611 1235 824 1310 Parmenam):
840 1236 900 1296 ott.
914 1236 1055 1312 Petrus,

95 1323 217 1386 «claves
243 1327 328 1402 regni
357 1323 520 1400 coelorum,
544 1321 800 1383 communicandos
822 1323 957 1400 caterio,
981 1325 1066 1385 salua

95 1432 107 1468 ι
124 1413 239 1495 accipit.
261 1438 274 1469 υ

124 1504 154 1561 2⁸
173 1503 204 1563 S.
232 1501 368 1583 Gregorii
383 1500 511 1582 Nysscni
527 1518 537 1560 t
556 1501 647 1562 «Per
659 1501 784 1560 Petrum
804 1499 961 1579 Episcopis
979 1497 1062 1561 dedit

94 1608 108 1644 a
125 1587 279 1667 (Christus)
294 1591 409 1652 clavem
423 1588 590 1652 coelestium
600 1587 750 1648 donorum
761 1589 851 1664 ΒΜ,
860 1606 891 1667 p.
905 1590 974 1657 rte,
987 1587 1061 1648 edit.

92 1675 191 1752 Paris,
208 1681 313 1761 toto).

124 1769 153 1826 3·
173 1770 204 1828 S.
224 1767 393 1830 lnnocentii
408 1770 443 1828 l:
464 1765 627 1830 uScientes
650 1763 723 1844 quid
745 1763 925 1843 Apostolicae
950 1762 1056 1826 Sedi...

94 1872 107 1909 a
125 1853 281 1931 debeatur,
293 1858 310 1916 a
320 1875 381 1936 quo
396 1855 459 1936 ipse
472 1854 675 1935 Episcopatus
684 1856 713 1912 et
725 1860 788 1912 tata
800 1853 962 1912 auctoritas
971 1853 1062 1913 aomi-

93 1961 107 1996 a
123 1942 168 2003 ar's
181 1945 272 2024 ltujuc
284 1945 402 2006 emersit
415 1965 430 2002 n
450 1942 558 2025 (Epist.
575 1941 613 2002 ad
628 1943 718 2002 Conc.
736 1940 898 2021 Carthagi.

124 2031 154 2088 4⁰
169 2035 198 2094 S.
215 2032 348 2094 Thomas
363 2032 489 2108 (Contra
501 2039 615 2111 pentes,
631 2029 682 2090 lib.
705 2033 737 2105 l,
753 2047 780 2090 c.
797 2032 827 2105 7)
845 2048 852 2089 :
873 2051 888 2087 u
902 2029 989 2092 Petro
1005 2029 1062 2090 soli

94 2137 107 2174 a
125 2122 284 2199 promisit:
303 2121 371 2183 Titi
384 2119 458 2182 dabo
472 2121 568 2181 claues
594 2118 680 2199 rapui
701 2116 858 2192 calorum,
874 2125 907 2178 ut
920 2118 1061 2179 ostende·

94 2216 203 2270 aretur
218 2215 350 2290 potestas
370 2209 500 2271 clavium
515 2227 573 2290 per
591 2227 656 2268 curu
670 2205 710 2266 ad
729 2205 804 2266 aliut
817 2203 999 2282 derivanda,
1023 2205 1063 2264 ad

94 2313 108 2350 r
125 2297 362 2359 conservandam
376 2296 519 2359 Ecclesiae
534 2294 695 2356 unitatem.
711 2315 727 2350 n

125 2386 171 2446 lll.
197 2389 239 2448 Ex
259 2385 350 2448 variis
376 2383 562 2466 argumentis
584 2381 761 2460 theologicis
787 2399 795 2442 :
822 2385 853 2441 l·
878 2379 934 2454 out
959 2387 1064 2441 tenent

91 2470 257 2536 immediate
283 2477 300 2535 a
324 2473 442 2540 Christo
464 2470 594 2534 conferri
619 2469 774 2549 Episcopis
798 2468 1059 2547 jurisdictionem,

90 2557 194 2623 debent
203 2563 333 2624 alterum
343 2581 380 2623 ex
389 2562 436 2622 bis
445 2561 564 2622 duobus
578 2558 746 2630 admittere,
760 2557 916 2617 videlicet:
931 2555 1064 2618 conferri

91 2645 165 2711 hanc
180 2651 440 2728 jurisdictionem,
458 2651 504 2712 vel
519 2649 551 2710 in
566 2648 686 2710 instanti
702 2645 887 2726 Episcopalis
903 2662 1062 2706 cousecra-

91 2736 190 2814 tionis,
219 2740 266 2800 vel
289 2741 321 2800 in
347 2739 469 2800 instanti
493 2735 751 2818 praeconizationis
773 2752 828 2797 seu
852 2733 1067 2815 assignationis

91 2827 236 2889 territorii.

125 2917 263 2978 Pm'mum
276 2917 334 2978 dici
351 2916 457 2998 nequit
472 2935 480 2976 ι
497 2933 569 2976 nam
583 2915 621 2976 de
641 2914 771 2976 essentia
782 2911 1000 2990 iurisdictionis
1018 2917 1063 2972 est

89 3009 121 3064 ut
140 3004 176 3066 sit
194 3005 226 3066 in
249 3005 366 3087 aliquae
382 3003 510 3066 sabditos
530 3003 696 3084 etquidem
716 3002 931 3062 determinatos
947 3017 956 3059 τ
971 2999 1062 3076 iuris·

90 3089 174 3155 dictio
188 3094 271 3154 enim
284 3095 314 3154 in
327 3091 430 3154 cullas
438 3109 582 3173 personas
594 3090 824 3165 determinatas,
836 3088 917 3148 idem
929 3086 1064 3165 rigoroso

89 3185 129 3240 est
142 3199 177 3243 ac
191 3182 275 3243 nulla
287 3181 473 3264 jurisdictio,
489 3181 560 3242 cirm
575 3197 637 3240 non
652 3177 753 3258 potiirs
767 3178 799 3236 iu
819 3191 913 3237 unam
926 3175 1019 3254 quam
1032 3173 1066 3233 in

89 3267 209 3331 alteram
220 3288 382 3350 personam
393 3270 525 3331 exerceri
536 3267 645 3342 valeat;
659 3265 751 3345 porrb
762 3264 792 3324 in
803 3263 932 3324 instante
943 3261 1062 3343 Episco

89 3355 159 3434 palis
173 3359 407 3420 consecrationis
422 3375 483 3418 non
498 3357 689 3437 assignantur
702 3352 814 3415 subditi
839 3367 897 3412 nec
919 3349 1077 3428 determi-v

91 3449 174 3508 natur
188 3446 339 3509 dioecesis.
355 3448 436 3526 Ergo
450 3493 458 3521 ,
474 3451 533 3507 etc.

127 3545 188 3607 Nec
211 3546 300 3607 eliam
323 3544 478 3609 secandum
502 3543 562 3607 dici
584 3549 682 3625 potest
698 3561 706 3604 τ
722 3561 793 3604 nam
817 3539 932 3602 admitti
959 3539 1064 3620 nequit

90 3629 267 3696 interuenire
282 3635 433 3696 Christum
442 3633 494 3696 ubi
508 3632 622 3694 inutilis
631 3639 675 3693 est
688 3631 782 3712 ipsius
798 3628 977 3690 interventio
985 3645 995 3700 ;
1011 3628 1069 3688 sed

91 3717 232 3782 inutiliter
242 3722 374 3785 Christus
385 3719 790 3802 daretipsejurisdictionem
800 3715 1068 3799 quandoEcclesia

90 3805 164 3868 relat
181 3817 337 3888 prestare,
361 3817 411 3887 ct,
432 3808 689 3872 consentientibus
712 3805 904 3881 adversariis,
929 3819 1063 3883 persaepe
