2590 4214
376 333 379 336 ,
482 285 567 328 arnan
588 282 706 328 Paratus
1012 272 1070 328 483

99 399 101 403 ·
139 384 194 443 Per
212 383 309 442 aleam
326 389 428 442 autem
443 378 617 459 intelligitur
631 379 721 442 ludus
735 378 788 458 qui
803 379 858 442 soli
873 377 1003 440 fortunae
1022 379 1073 440 in·

92 471 214 534 nititur.

140 561 172 620 S.
188 559 311 638 Lignor.
325 556 388 635 (lib.
403 560 434 632 3,
447 569 480 618 n⁰
488 561 558 633 899,
573 557 643 633 etc.)
656 555 728 618 dicit
741 559 771 616 1ο
789 573 851 616 non
867 573 993 636 peccare
1007 573 1073 636 gra-

96 648 175 710 viter
189 647 314 709 clericos
328 645 380 726 qui
393 646 478 724 rard,
494 645 647 708 moderate
661 651 690 706 et
705 643 843 725 privatim
856 643 922 705 sine
935 642 1075 706 scandalo

99 735 175 798 aleis
188 735 310 798 ludunt.
326 735 390 796 lnrb
400 735 593 816 probabiliter
605 781 613 812 ,
625 753 683 796 nec
693 733 850 795 venialiter
866 750 992 813 peccare
1009 779 1016 804 ,
1030 732 1073 810 si,

98 823 296 886 recreationis
309 825 410 900 cause,
426 823 531 886 ludant
545 823 577 884 in
588 823 654 885 loco
665 823 720 901 ,ubi
737 820 851 903 praefati
866 838 999 882 canones
1014 837 1075 880 non

101 912 199 991 rigide
221 912 432 988 observantur;
456 931 562 988 secus,
588 913 612 974 si
631 911 804 991 frequenter
826 916 857 972 et
879 909 1076 990 perlongum

96 1005 235 1082 tempus,
251 1001 305 1062 etsi
319 1001 350 1062 in
358 1003 448 1080 parva
462 1002 638 1080 quantitate.
650 995 961 1060 Itaoommunissime.
973 999 1077 1075 Neque

96 1088 293 1151 consuetudo
307 1087 337 1149 id
351 1107 494 1151 excusare
509 1093 628 1169 potest:
644 1088 715 1168 quia
732 1085 870 1146 Pontifex
893 1085 970 1164 (cap.
994 1083 1078 1146 Inter

98 1176 233 1245 dilectos,
251 1177 294 1238 Ile
307 1178 372 1238 vird
382 1186 411 1239 et
424 1178 547 1246 honest..
565 1177 637 1260 etc.)
652 1176 735 1237 illam
748 1180 835 1237 vocat
855 1171 1076 1254 corruptelam,

101 1265 232 1346 proinde
241 1265 325 1327 omni
337 1270 472 1346 tempore
485 1265 716 1346 reprobandam.

145 1353 246 1424 Qualis
256 1353 425 1435 frequentia
438 1353 501 1416 ludi
512 1353 650 1414 habenda
664 1354 741 1416 situt
754 1351 899 1425 mortalis,
908 1349 1079 1412 Bordonius

105 1446 263 1522 putatesse
277 1442 381 1503 ludere
396 1442 489 1502 semel
504 1442 535 1501 in
549 1440 739 1502 hebdomada
750 1437 829 1514 asad
840 1439 1004 1518 Roncaglia
1019 1455 1079 1498 me·

105 1529 165 1590 ritd
176 1529 209 1590 id
218 1530 332 1609 judicat
345 1529 435 1590 nirnis
448 1530 593 1610 rigidum.

70 1631 76 1640 ·
146 1617 224 1680 Dicit
236 1622 269 1680 2⁰
282 1621 313 1680 S.
328 1619 393 1698 Lig.
403 1617 477 1700 (it.)
488 1618 652 1680 sententias
665 1635 734 1697 quae
745 1615 893 1678 damnant
911 1614 949 1676 de
960 1615 1077 1677 mortali

101 1704 233 1768 clericos
247 1706 320 1768 aleis
337 1707 492 1783 ludentes,
512 1724 575 1768 non
590 1705 753 1786 procedere
769 1704 801 1766 in
815 1703 893 1766 ludis
906 1702 1079 1765 chartarum

100 1811 245 1872 quaenon
259 1800 329 1856 sunl
341 1794 539 1869 mereamus,
554 1795 611 1855 nisi
621 1792 731 1855 alicubi
744 1797 823 1854 esset
830 1791 967 1872 specialis
981 1791 1079 1872 prohi-

107 1880 191 1959 bitio,
203 1888 254 1943 aut
263 1882 380 1944 adesset
391 1878 583 1958 scandalum3
593 1899 680 1943 secus
688 1881 712 1942 si
728 1886 827 1942 essent
837 1876 1076 1942 meraeiortunae.

147 1969 215 2030 Non
228 1971 346 2033 tantum
359 1969 431 2031 aleis
440 1970 544 2032 ludere
559 1970 755 2051 prohibetur,
771 1968 822 2030 sed
837 1967 928 2029 etiam
940 1969 1079 2032 assistere

109 2057 302 2136 ludentibus,
318 2059 521 2120 communiter
533 2065 634 2120 tamen
649 2057 824 2138 huiusmodi
838 2056 1005 2118 assistentia
1016 2075 1078 2118 non

103 2144 234 2208 babetur
243 2147 281 2208 de
294 2165 326 2209 se
339 2154 372 2209 ut
385 2147 476 2228 culpa
489 2148 587 2228 gravis
600 2193 609 2224 ‚
631 2146 688 2208 nisi
700 2154 778 2208 esset
786 2161 878 2208 causa
890 2143 953 2206 ludi
964 2152 1078 2206 morta-

103 2233 156 2309 lis,
172 2235 218 2296 vel
233 2235 437 2316 negligeretur
451 2236 587 2298 lusorum
599 2235 826 2312 correctique.

148 2323 252 2394 Quoad
264 2323 351 2386 ludos
365 2323 545 2404 permissos,
556 2325 665 2404 pariam
683 2322 770 2386 decet
783 2322 909 2386 clericos
920 2322 958 2384 iis
972 2322 1003 2384 in
1018 2341 1079 2404 pu-

102 2410 187 2473 blico
201 2411 315 2474 ludere.
746 2425 749 2434 “

149 2501 220 2562 646.
242 2505 275 2562 l·
298 2499 417 2565 Cdoree
432 2499 675 2582 ,spectaculum
699 2502 767 2562 Non
788 2505 906 2581 oportet
928 2499 1081 2562 ministros

114 2605 129 2646 a
148 2585 249 2650 alteris
261 2589 439 2668 spectaculis
453 2589 615 2670 aliquibus,
626 2607 695 2670 quae
709 2596 761 2651 aut
774 2589 806 2651 in
822 2588 954 2669 nuptiis,
977 2595 1028 2650 aut
1049 2588 1082 2650 in

114 2696 130 2734 e
149 2676 249 2738 scenis
262 2677 453 2750 exhibentur,
468 2676 623 2739 interesse.
640 2679 714 2738 alta
728 2695 796 2758 cap.
813 2677 882 2740 Non
895 2685 1009 2758 oportet
1020 2681 1080 2749 27,

106 2763 154 2825 ‚De
164 2773 337 2843 consecrat„
348 2765 417 2826 dist.
433 2768 464 2826 5.
481 2765 553 2846 Gap.
568 2765 640 2828 verb
651 2764 776 2840 Clerici,
790 2766 833 2828 tte
842 2766 907 2828 uitet
915 2775 943 2828 et
957 2763 1081 2839 boesa,

108 2850 153 2914 sic
166 2850 255 2915 habet
269 2871 278 2917 ε
297 2875 313 2914 ι
327 2853 471 2916 Clerici...
488 2854 600 2929 mimis,
614 2855 831 2934 iaculatoribus
845 2861 875 2918 et
886 2854 1083 2918 histrionibus

114 2960 130 2997 a
149 2958 212 3002 non
227 2941 385 3004 intendant
397 2964 429 3006 a.

149 3029 286 3093 Tandem
310 3031 425 3094 concil.
438 3031 572 3094 Trident.
595 3035 680 3110 (sess.
696 3038 760 3108 22,
778 3053 846 3114 cap.
863 3037 879 3096 l
898 3079 907 3110 ‚
926 3033 1056 3113 Dares.)
1072 3053 1081 3094 ε

115 3137 130 3174 a
151 3119 225 3188 Qua
237 3120 341 3183 aliast
357 3121 409 3182 SS.
427 3119 624 3182 Pontificibus
637 3124 700 3183 eta
721 3123 814 3185 sacris
824 3121 993 3184 canonibus
1005 3122 1082 3185 de...

110 3225 130 3260 a
150 3209 443 3286 comessationibus,
467 3207 590 3284 choreis,
607 3209 694 3285 aleis,
709 3209 844 3286 lusibus,
857 3216 916 3272 etc.
933 3256 942 3286 ‚
971 3210 1085 3272 sancita

111 3314 132 3350 a
152 3292 285 3372 luerunt,
300 3297 408 3359 eadem
420 3297 451 3358 in
465 3298 632 3378 posterum,
645 3297 753 3361 iisdem
768 3297 883 3380 poenis,
900 3299 946 3359 vel
960 3298 1083 3378 majori-

112 3401 132 3437 ιι
152 3380 210 3443 bus
223 3383 346 3446 arbitrio
359 3383 508 3448 ordinarii
523 3386 727 3467 imponendis,
742 3387 939 3449 observentur
952 3407 983 3448 a.

154 3479 241 3541 Ratio
254 3498 309 3543 eur
321 3481 385 3544 haeo
393 3481 512 3544 clericis
525 3483 585 3543 sint
594 3483 744 3565 prohibita
754 3493 816 3560 est,
830 3483 902 3564 quia
912 3484 982 3546 talia
996 3502 1085 3566 agere

109 3575 166 3628 aut
179 3574 314 3646 spectare
324 3576 480 3653 nequeunt
492 3569 607 3649 absque
622 3572 805 3652 populorum
816 3572 959 3635 scandalo
970 3579 1000 3635 ct
1014 3591 1085 3655 pro·

111 3653 183 3733 prio
197 3657 342 3734 peccandi
355 3657 499 3738 periculo,
516 3659 683 3738 praesertim
695 3665 801 3722 contra
813 3661 978 3722 castitatem
993 3679 1084 3741 quant

113 3747 200 3802 tanto
211 3741 311 3804 studio
321 3745 421 3806 colere
431 3743 552 3804 debent.

286 3879 330 3890 -..-
342 3864 666 3895 .-....---·--;==u.5*''''
709 3871 736 3882 ···-
