2526 4210
170 274 224 332 222
438 283 590 332 excusam
610 281 693 329 runis
713 281 863 331 canonici.
1150 268 1165 374 p

161 387 340 453 absurdum
349 395 427 452 esset
446 386 617 452 necessarie
632 385 780 448 unitatem
794 403 861 448 esse
874 389 1056 452 seruandam
1075 377 1169 472 cunil’

164 496 200 539 eo
214 479 267 559 qui
286 480 317 540 in
334 497 469 542 errorem
481 477 539 540 labi
554 481 673 556 posset:
696 473 810 555 quippe
833 476 943 538 exinde
967 486 1152 560 sequeretur

87 600 89 605 ·
163 568 334 631 necessarie
348 569 459 630 debere
473 585 529 629 nos
543 583 632 646 posse
646 561 810 644 aliquande
824 563 856 624 in
869 582 1006 630 errorem
1021 563 1150 648 induci}

161 671 234 736 ergo
248 657 279 718 in
293 676 427 719 errorem
443 656 502 718 labi
517 673 579 716 non
595 657 694 734 potest
707 654 864 716 Romanus
880 655 1037 731 Pontifex,
1056 665 1152 738 prout

162 750 206 806 est
220 751 310 825 caput
329 747 472 808 Ecclesia
486 749 517 806 et
532 744 587 804 sue
603 742 746 822 supreme
765 745 911 823 potestate
933 745 1050 819 utitur3
1074 763 1150 830 ergo

162 831 267 895 saltem
283 835 387 897 subeo
401 837 539 915 respectu
552 836 596 893 est
607 829 781 892 infallibilis.

201 924 239 982 Et
253 924 323 986 vere
343 925 367 984 si
389 925 420 984 in
442 939 576 984 errorem
600 920 658 980 labi
682 925 782 1000 posset
802 923 959 984 Romanus
983 924 1147 1003 Pontifex,

160 1026 236 1088 ergo
251 1011 289 1072 ab
307 1012 409 1092 aliquo
429 1011 464 1072 ad
487 1010 637 1092 gremium
661 1007 794 1070 veritatis
817 1008 1012 1074 reducendus
1035 1019 1147 1076 esset:

162 1098 291 1176 proinde
317 1119 378 1160 non
404 1104 560 1162 Romanus
589 1097 726 1159 Pontifex
752 1104 830 1160 esset
852 1106 994 1162 centrum
1022 1102 1149 1165 unitatis

142 1231 143 1234 ,
163 1188 389 1264 necessarium,
406 1189 458 1250 sed
471 1189 519 1249 ille
533 1189 579 1250 vel
595 1187 636 1247 illi
651 1186 797 1248 duntaxat
813 1185 906 1267 equo
925 1189 971 1249 vel
994 1192 1011 1250 e
1032 1190 1150 1271 quibus

162 1276 301 1337 Pontifex
316 1277 417 1339 reduci
432 1275 606 1339 deberetne
627 1281 717 1336 rectae
738 1274 809 1335 fidei
829 1276 982 1352 tramites;
1004 1279 1059 1340 sed
1082 1299 1149 1342 non

160 1362 243 1424 aliud
257 1365 423 1428 admittitur
438 1371 575 1427 centrum
591 1363 982 1428 communioniscatholicae
998 1367 1029 1426 in
1044 1369 1151 1432 Eccle-

161 1451 205 1512 sie
220 1459 330 1533 praeter
351 1457 524 1516 Romanum
544 1451 737 1527 Pontificem,
756 1457 785 1512 et
806 1451 880 1514 illud
899 1460 944 1514 cst
964 1453 1002 1516 de
1027 1455 1089 1519 fide
1114 1465 1150 1521 ut

161 1542 399 1621 supradiximus
418 1547 508 1620 (etr).
521 1544 601 1622 Ergo
620 1541 776 1602 Romanus
798 1540 955 1619 Pontifex,
983 1550 1075 1624 prout
1101 1553 1150 1609 est

161 1635 252 1711 caput
266 1629 423 1709 Ecclesiae,
441 1649 598 1712 nunquam
619 1635 716 1712 potest
739 1627 876 1710 indigere
896 1635 931 1693 ut
951 1629 989 1693 ad
1009 1634 1150 1697 veritatis

162 1719 300 1782 semitam
313 1719 484 1797 reducatur.
500 1723 581 1790 Erro
594 1725 639 1781 est
653 1717 841 1799 infallibilis..
936 1769 938 1774 .

199 1793 267 1845 tob.
295 1791 484 1862 dejiciendus
497 1798 540 1848 est
550 1805 622 1866 ergo
632 1794 688 1848 art.
700 1793 720 1848 4
733 1790 860 1850 celebris
873 1787 987 1850 Declar.
1003 1793 1094 1862 1682,
1110 1797 1145 1851 et

159 1871 283 1952 quidem
294 1878 327 1934 ut
337 1873 507 1951 haereticus,
519 1876 898 1954 utpotcanathematisatus
908 1877 940 1938 in
950 1895 978 1939 c.
989 1880 1028 1938 IV
1043 1881 1144 1941 Cone.

160 1961 257 2020 Vatic.
273 1960 320 2021 his
334 1961 432 2022 verbis
450 1982 457 2022 z
482 1981 496 2022 a
518 1963 609 2025 Sacro
624 1965 809 2045 approbante
824 1964 977 2042 Concilio,
993 1966 1147 2029 divinitus

164 2071 179 2108 c
204 2049 368 2110 revelatum
388 2051 497 2133 dogma
517 2069 582 2114 esse
605 2053 769 2117 definimus
787 2055 916 2116 Roman.
939 2055 1145 2132 Pontificem,

166 2160 181 2197 c
202 2156 272 2199 cum
295 2156 331 2198 ex
350 2138 490 2201 cathedra
510 2139 656 2221 loquitur,
676 2141 775 2217 idest,
792 2141 1020 2204 cumomnium
1037 2141 1147 2205 cbris-

166 2249 182 2286 «
203 2226 275 2288 tian.
293 2228 421 2289 Pastoris
435 2235 464 2289 et
474 2230 612 2292 Doctoris
625 2247 751 2293 munere
766 2229 910 2311 fungens,
924 2249 979 2310 pro
995 2249 1149 2311 suprema

146 2310 182 2376 ‘c
203 2334 256 2377 sua
272 2316 407 2396 Apostol.
423 2317 611 2396 auctoritate,
627 2317 795 2380 doctrinam
810 2320 847 2380 de
857 2319 928 2392 fida,
943 2318 990 2380 vel
1002 2318 1151 2384 moribus

167 2425 182 2464 o
205 2405 243 2465 ab
255 2405 339 2466 univ.
354 2405 486 2467 Ecclesia
500 2406 661 2467 tenendam
674 2406 791 2484 definit,
806 2426 858 2488 per
872 2407 1078 2469 assistentiam
1092 2409 1149 2472 di·

166 2515 183 2553 «
206 2494 317 2568 vinam,
330 2495 386 2575 ipsi
401 2495 431 2554 in
444 2494 478 2555 B.
495 2498 582 2556 Petro
597 2497 789 2576 promissam,
801 2515 835 2558 ea
851 2496 1063 2560 infallibilitate
1071 2500 1151 2578 pol·

167 2604 183 2641 (ι
205 2582 275 2653 lere,
299 2601 358 2661 qna
378 2583 498 2644 divinus
517 2585 700 2664 Redemptor
715 2585 881 2647 Ecclesiam
905 2603 994 2648 suam
1009 2586 1041 2646 in
1061 2586 1149 2650 defi·

168 2693 184 2730 o
206 2669 317 2730 niende
330 2671 465 2733 doctrine
475 2672 512 2732 ee
528 2673 585 2732 tide
599 2673 643 2734 vel
657 2673 791 2735 moribus
802 2673 988 2736 instructum
1005 2693 1073 2738 esse
1084 2695 1149 2739 vo-

168 2780 184 2818 n
206 2759 275 2835 luit3
301 2759 428 2840 ideoque
445 2761 593 2838 ejusmodi
607 2763 734 2824 Romani
757 2763 911 2825 Pontificis
925 2763 1145 2842 definitiones,

169 2867 185 2906 a
205 2865 239 2907 ex
254 2865 329 2924 sese,
340 2867 400 2910 non
414 2857 514 2912 autem
527 2869 564 2912 ex
578 2868 729 2913 consensu
740 2852 895 2926 Ecclesiae,
905 2852 1151 2918 irreformabilea

169 2956 185 2994 u
206 2953 309 2997 esse...
330 2938 360 2998 Si
380 2939 447 3018 quis
462 2945 563 3002 autem
578 2940 649 3002 huic
668 2947 781 3002 nostrae
795 2941 966 3002 definitioni
981 2941 1150 3005 contradi-

169 3043 186 3084 c
205 3041 275 3086 cere
289 3027 526 3102 presumpserit,
542 3027 624 3102 quod
635 3031 717 3090 Deus
731 3035 856 3103 avertat,
871 3028 1033 3092 anathema
1048 3030 1098 3094 sit.
1127 3054 1146 3094 r

204 3115 274 3173 351.
298 3112 418 3182 Quaerit.
436 3115 468 3170 ln
484 3110 668 3191 quibusnam
686 3109 850 3170 infallibilis
869 3115 907 3172 sit
931 3111 1071 3174 Pontifex
1086 3113 1153 3177 do*

164 3216 236 3261 cens
248 3218 285 3260 ea
303 3197 468 3262 Cetledrel

204 3290 295 3370 Resp.
329 3291 408 3350 Eum
436 3306 501 3350 esse
528 3285 737 3364 infallibilem,
762 3290 794 3348 l⁰
816 3291 846 3348 et
866 3287 1041 3367 praecipue,
1064 3293 1155 3356 circa

164 3377 333 3439 doctrinam
360 3377 430 3438 fidei
455 3382 485 3438 et
507 3376 626 3456 regulas
653 3393 791 3449 morum3
820 3378 896 3438 ratio
925 3383 1043 3457 patet:
1071 3397 1155 3447 nam

164 3465 244 3526 circa
253 3464 319 3527 haec
332 3465 393 3526 duo
405 3465 571 3546 praesertim
584 3467 663 3546 Papa
677 3472 720 3528 est
735 3473 874 3527 centrum
889 3467 1024 3538 unitatis,
1038 3467 1155 3534 funda-

164 3562 301 3615 mentum
319 3555 460 3616 Ecclesiae
487 3561 517 3616 et
537 3556 703 3635 Supremus
722 3555 826 3616 Pastor
844 3556 893 3616 cui
916 3556 1081 3618 commissa
1100 3566 1154 3624 est

164 3642 251 3723 plena
267 3650 397 3721 potestas
412 3641 574 3722 pascendi,
595 3642 724 3704 docendi
744 3651 776 3704 et
788 3641 912 3723 regendi
936 3643 1154 3713 universalem

164 3730 340 3792 Ecclesiam.

203 3827 352 3889 Discimus
370 3827 494 3906 insuper
513 3846 550 3889 ex
570 3847 637 3907 cap.
659 3833 718 3901 Ἠ,
741 3849 770 3892 v.
794 3833 831 3892 rt
860 3832 891 3893 S.
919 3831 1034 3906 Lucae,
1060 3835 1153 3905 qued
