2562 4224
204 297 261 354 iffi
475 299 626 346 cataracta
648 297 659 342 J
665 297 729 344 titis
750 298 898 346 CANOMCI.

207 397 384 464 sanctitatis
403 396 484 458 Suoe.
504 397 571 456 Non
592 400 710 455 tenetur
727 400 828 458 tamon
850 393 930 459 idem
951 395 1120 477 Episcopus
1139 391 1176 452 ab
1269 391 1270 478 p

207 488 348 552 exercitio
362 483 522 547 ordinariae
533 481 748 560 jurisdictionis
763 501 794 544 se
813 485 974 560 abstinere,
992 483 1050 544 nisi
1061 501 1098 544 eo
1111 497 1177 541 mo·
1269 481 1270 492 ‘

211 585 311 640 mento
329 593 390 657 quo
406 571 536 653 praelatae
554 570 764 646 absolutionis,
783 573 813 632 in
838 573 1020 635 consistorio
1034 576 1177 652 peracta,
1269 619 1270 652 r

208 667 344 730 notitiam
358 661 513 732 habuerit,
529 658 574 720 vel
593 677 629 718 ex
644 660 815 721 testimonio
833 662 989 724 Sedetani
1009 661 1093 722 Sacri
1109 657 1179 719 Ccl-
1269 657 1270 728 l

207 756 295 836 legii,
309 753 355 814 uel
370 751 432 813 otio
444 747 529 809 modo
542 747 730 826 aequiralenti
746 767 753 810 :
774 769 789 806 c
804 750 862 810 Sed
876 749 1065 832 Capitulum,
1082 745 1181 827 inquit
1269 743 1270 770 ³

216 869 230 900 a
250 846 286 905 D.
305 841 410 914 Radix,
425 837 469 900 Da
483 837 594 918 Capit,
610 855 639 915 p.
661 839 740 912 539),
756 844 917 918 antequam
933 838 1014 898 illam
1032 841 1179 910 exerceat,

210 958 230 988 a
250 932 338 994 debet
353 932 523 1008 exspectare
539 924 673 985 notitiam
687 934 796 986 certam
810 925 848 986 de
864 926 966 988 notitia
980 929 1061 987 certa
1081 929 1180 984 trans·

212 1047 228 1076 a
252 1019 369 1081 lationis
392 1015 430 1077 ad
455 1014 637 1094 Episcopum
662 1015 814 1094 perlata...
839 1015 870 1076 Si
892 1017 962 1076 verd
982 1012 1076 1095 (quod
1103 1013 1182 1074 licut

213 1135 229 1164 a
252 1106 373 1186 auertat)
386 1102 494 1166 certior
513 1101 551 1162 de
568 1105 620 1162 suat
634 1101 827 1164 translatione
845 1103 955 1179 iactus,
974 1102 1086 1182 aliquis
1101 1099 1183 1180 Epis·

215 1224 232 1253 a
254 1215 347 1276 copus
374 1196 511 1273 pergeret
535 1189 762 1266 administrare,
779 1209 840 1252 mm
857 1191 972 1252 monito
987 1189 1141 1270 Capitulo,
1156 1195 1184 1250 et
1269 1205 1270 1218 ¹

221 1311 234 1340 a
255 1285 313 1346 hoc
322 1280 441 1344 aliunde
451 1279 532 1340 certo
542 1277 650 1340 scirent
660 1277 1078 1359 Capitulares‚debcrcntipsi
1086 1278 1184 1338 statim

215 1400 235 1432 a
256 1369 545 1434 administrationem
554 1384 707 1428 assumere
717 1374 748 1428 ct
756 1367 1032 1450 Episcopumomni
1043 1372 1184 1447 potestate

217 1487 235 1519 c
255 1461 433 1523 destitutum
446 1454 609 1518 declarare.
624 1477 639 1511 s

257 1562 399 1637 Quamvis
420 1557 588 1639 Episcopus
605 1557 782 1619 renuntians
803 1575 864 1621 non
887 1565 1024 1621 teneatur
1045 1577 1079 1621 se
1100 1559 1186 1620 altsti-

222 1673 291 1717 nere
305 1653 343 1714 ab
352 1648 494 1712 exercitio
508 1645 666 1707 ordinariae
675 1646 901 1724 jurisdictionis,
914 1646 969 1708 nisi
982 1665 1020 1708 eo
1033 1653 1187 1709 momento

179 1799 181 1804 .
218 1761 281 1823 nuo
295 1740 437 1812 addiscit,
454 1754 507 1816 per
527 1735 667 1796 nuntium
688 1742 819 1809 certum,
836 1735 1014 1797 dissolutum
1031 1735 1139 1806 tuisse.
1157 1737 1187 1797 in

221 1831 401 1892 consistorio
418 1828 486 1888 Suae
505 1823 698 1896 Sanctitatis‚
717 1841 805 1885 suum
827 1841 898 1886 cum
915 1824 1049 1886 Ecclesia
1066 1824 1188 1886 dimissa

218 1918 391 1990 uinculum,
409 1920 561 1988 attamen,
578 1913 662 1990 Juxta
677 1911 789 1973 Beued.
807 1914 872 1974 XIV
888 1910 945 1992 (De
961 1912 1054 1994 Sym,
1070 1913 1122 1975 lib.
1141 1918 1187 1988 13,

217 2026 287 2088 cap.
314 2009 370 2081 id,
393 2002 434 2064 n'⁸
456 2006 474 2063 'i
494 2007 524 2061 et
546 2003 610 2077 m),
627 2000 706 2061 idem
726 2001 892 2082 Episcopus
913 2001 1018 2082 nequit
1036 2002 1189 2083 percipere

216 2097 335 2158 tructus
352 2090 493 2156 Ecclesiae
505 2089 636 2150 dimissae
652 2096 682 2150 et
699 2089 791 2170 ipsius
806 2088 948 2151 beneficia
963 2089 1118 2165 conferre,
1135 2091 1189 2153 nisi

224 2183 368 2266 usquead
385 2185 571 2242 momentum
582 2196 643 2258 quo
653 2176 782 2259 perlecta
797 2177 851 2240 luit
861 2177 981 2258 praeiata
990 2178 1148 2241 dissolutio
1160 2181 1190 2241 in

218 2272 415 2336 Consistorio.

262 2375 348 2438 Nulla
367 2374 483 2436 uidetur
503 2388 568 2433 esse
593 2367 752 2430 difficultas
772 2369 872 2451 quoad
892 2367 1101 2432 dimissionem
1118 2371 1191 2435 aiio-

222 2484 291 2527 rum
301 2464 483 2525 ciliciorum:
500 2477 571 2522 suos
582 2457 704 2520 allectus
713 2457 851 2538 producit
864 2457 963 2519 statim
975 2477 1012 2521 ac
1022 2458 1104 2521 inita
1117 2459 1190 2542 legi·

219 2555 297 2613 timo
311 2551 465 2632 superiore
474 2553 636 2630 acceptata.

261 2661 332 2807 l295.
350 2654 471 2806 ἓυωιὴι.
494 2656 526 2715 3⁰
549 2653 592 2712 Ex
616 2650 726 2730 quibus
745 2653 844 2712 causis
871 2649 1111 2714 renuntiationes
1130 2652 1192 2715 irari

224 2765 259 2808 ra
272 2752 340 2807 eant

265 2866 354 2944 Resp.
371 2864 428 2923 Sex
437 2857 595 2941 praecipuae
606 2854 981 2932 enrrmerantur‚videlicct:
996 2859 1029 2917 1⁰
1038 2857 1184 2923 Consciae

222 2956 266 3016 sia
279 2951 428 3022 criminis,
444 2947 524 3028 quod
545 2954 611 3027 post
625 2952 721 3006 aotam
739 2943 944 3025 poenitentiam
964 2943 1111 3026 impediat
1128 2966 1182 3012 exe

220 3043 379 3106 cntionem
395 3036 494 3099 officii.
515 3039 546 3096 2⁰
571 3033 761 3096 imbecillitas
782 3032 916 3113 corporis
939 3049 1106 3114 perquam
1127 3039 1193 3118 quis

223 3135 376 3213 impotens
411 3125 544 3189 redditur
568 3123 606 3184 ad
639 3121 849 3202 exequendum
876 3120 1006 3183 officium
1035 3127 1189 3202 pastorale

224 3227 258 3284 3⁰
285 3218 424 3282 Deiectus
450 3213 581 3275 scicntiae
599 3210 807 3291 competentis.
834 3209 1135 3290 contundatis,
1157 3215 1196 3278 ob

229 3327 318 3388 quam
333 3303 485 3369 interdum
500 3301 554 3380 ipsi
570 3299 745 3381 paepositus
759 3298 876 3379 cogitur
889 3297 927 3358 ab
940 3298 1033 3378 ipsius
1048 3302 1196 3381 regimine

224 3397 389 3459 declinare.
413 3396 447 3452 5⁰
468 3391 562 3450 Graue
590 3387 765 3449 scandalum
793 3385 874 3466 quod
900 3386 985 3447 aliter
1004 3387 1110 3450 sedare
1135 3410 1194 3453 non

226 3489 336 3549 cotest.
352 3477 602 3557 &irregularitas
616 3493 763 3556 personae.
848 3543 853 3550 ,

270 3589 447 3671 Hujusmodi
476 3588 573 3650 causis
601 3590 631 3648 S.
661 3587 732 3647 Pius
758 3587 808 3660 V,
837 3586 868 3646 in
895 3588 949 3647 sut
977 3569 1196 3653 Constitutione

228 3681 346 3754 (inacta
360 3677 514 3752 Ecclesia,
529 3683 624 3738 cedas
637 3675 709 3736 alias
720 3673 872 3752 adjunxit,
884 3681 915 3735 ct
927 3674 1050 3755 insuper
1064 3679 1091 3738 ri
1110 3679 1195 3756 ejus-

231 3768 300 3826 dem
319 3763 542 3826 constitutionis
559 3769 695 3823 vetantur
718 3762 856 3839 Episcopi
882 3761 1026 3824 beneficia
1045 3765 1196 3831 resianata
