2526 4210
424 263 510 306 arnan
531 262 651 306 carnus,
846 239 851 246 “
967 260 1034 316 251.

60 367 175 427 obtenta
188 365 220 426 in
235 361 361 443 gratiam
378 359 535 435 fidelium,
551 359 669 422 ostendi
683 362 797 425 debent
811 365 1032 432 Ordinariislo·‘

61 469 172 528 corum,
191 457 223 514 ut
237 455 492 529 recognoscantur
514 455 677 529 antequam
700 449 737 512 iis
758 456 860 515 utatur
875 455 1032 537 possidens

62 538 182 621 (Concil.
195 537 343 611 Trident,
360 555 432 600 sess.
446 541 483 600 ut
490 557 579 619 ,.cap
596 538 649 620 9);
666 538 723 601 hoo
737 545 838 603 tamen
854 561 916 604 non
931 545 1032 625 requi

62 629 131 693 ritur
142 629 198 692 sub
212 628 302 728 poena
317 625 471 688 nullitatis.
484 629 578 690 Secus
591 633 638 690 cst
650 628 815 692 dicendum
829 631 867 693 de
880 633 1031 714 rescriptis

62 716 91 780 iu
104 718 228 798 gratiam
241 715 346 797 privati
358 715 405 778 vel
416 715 537 778 familiae
551 714 664 778 obtent'
644 721 682 778 trs
686 736 764 798 ,pro
782 718 895 800 quibus
907 719 1033 783 minime

64 805 219 890 requiritur
230 811 264 868 ut
278 803 437 866 Ordinario
446 803 657 866 ostendantur.

297 941 376 994 lx.-
385 941 725 1009 ConpregotioPropogundoe
735 947 812 1000 mua.

100 1067 165 1129 38l.
189 1063 327 1124 Instituta
338 1063 421 1124 surra
437 1063 580 1144 Gregorio
591 1067 645 1127 xt
658 1085 711 1146 per
721 1069 822 1132 Const
838 1054 1023 1202 lacerato?

65 1153 119 1214 ll
110 1172 171 1229 Jan.
190 1154 279 1214 tom

100 1244 209 1303 liunus
231 1240 297 1340 eius
311 1243 358 1302 est
372 1238 554 1303 distribuere
574 1246 669 1304 terras
687 1245 933 1327 evangelizandus
957 1249 1036 1312 inter

65 1327 190 1392 diversos
206 1327 426 1404 missionarios‚
440 1334 470 1392 et
484 1347 536 1390 eos
551 1329 591 1390 ibi
606 1333 807 1395 transmittere
823 1353 895 1397 oum
909 1337 1036 1418 amplis·

63 1414 143 1481 sirnis
161 1416 371 1494 facultatibus,
392 1435 563 1498 proponere
584 1419 615 1480 S.
633 1421 769 1483 Pontifici
791 1423 909 1504 aliquos
929 1443 1036 1488 eorum

67 1514 96 1568 ut
108 1513 248 1570 creentur
261 1504 401 1586 Episcopi
418 1507 461 1567 vel
484 1505 582 1566 solbm
598 1507 706 1568 Vicarii
721 1515 773 1570 aut
793 1509 927 1573 Praefecti
944 1515 1038 1593 Apos-

67 1594 162 1670 tolioi,
187 1593 353 1657 decernere
377 1594 415 1656 de
437 1595 527 1657 variis
553 1595 699 1674 negotiis,
724 1615 793 1676 quac
817 1617 1038 1680 nonnunquam

67 1690 212 1763 exurgunt
226 1683 305 1744 inter
318 1681 524 1746 missionarios
539 1682 690 1744 variorum
704 1684 846 1746 ordinum
869 1691 900 1749 ct
913 1687 1039 1750 Ordina-

67 1771 124 1834 rios
138 1773 286 1835 locorum.

102 1864 227 1944 Insuper
246 1859 366 1924 resolvit
373 1859 580 1961 quaestiones,
600 1860 645 1922 vel
664 1879 751 1926 casus
770 1863 964 1928 conscientiae
987 1885 1038 1948 qur

68 1955 274 2033 proponuntur
297 1951 315 2012 b
339 1947 552 2026 missionariis,
576 1953 607 2012 et
629 1949 666 2011 ad
687 1968 738 2013 eos
756 1951 849 2013 mittit
869 1953 1039 2016 instructio-

68 2055 135 2115 nes,
157 2037 379 2116 ordinationes,
403 2043 460 2101 eto.
471 2044 591 2119 ‚prout
612 2038 702 2120 exigit
725 2039 806 2108 bom
826 2059 930 2104 rerum
943 2042 1038 2105 admi·

71 2127 212 2190 nistratio.

103 2219 179 2280 Huic
204 2215 315 2294 adjecit
331 2215 473 2280 Urbanus
486 2218 552 2278 Vlll
572 2217 739 2297 Collegium
760 2236 815 2280 seu
837 2219 1040 2281 Seminarium

69 2305 191 2384 speciale
211 2304 269 2367 sub
296 2304 405 2366 eodem
428 2304 552 2368 nomine
575 2304 782 2388 Propogoadce
798 2304 906 2380 Fidei,
928 2307 1040 2389 inquo

70 2393 232 2459 educantur
245 2392 451 2456 adolescentes
465 2395 614 2456 variarum
629 2393 778 2475 gentium,
794 2393 975 2472 infidelium,
989 2394 1040 2476 qui

70 2479 171 2546 deinde
181 2485 214 2546 in
226 2499 298 2546 suas
308 2483 446 2563 regiones
460 2481 551 2543 fidem
565 2482 779 2558 disseminent;
793 2482 882 2545 habet
892 2484 983 2546 etiam
994 2501 1041 2546 oe-

69 2567 178 2634 lebrem
191 2570 345 2635 officinam
360 2570 619 2652 typographicam,
632 2572 664 2632 in
679 2573 740 2651 qut
753 2572 844 2651 praelo
858 2571 1041 2636 mandantur

71 2657 132 2722 libri
146 2661 369 2743 cujuscumque
381 2659 530 2720 idiomatis
543 2679 597 2739 pro
611 2659 790 2721 missionum
806 2679 875 2724 usu.

107 2750 174 2814 Suis
190 2748 305 2811 Litteris
317 2747 493 2829 apostolicis
505 2750 524 2808 6
535 2749 656 2825 januar.
673 2751 763 2824 1862,
775 2749 845 2812 Pius
855 2752 895 2812 tx
907 2751 1040 2833 Congre-

72 2839 219 2918 gationem
232 2839 270 2901 de
284 2835 480 2917 Propagandi
494 2836 525 2896 in
539 2835 615 2898 duas
629 2837 728 2899 divisit
741 2845 863 2920 partes:
876 2857 970 2902 uuam
986 2856 1042 2922 pro

70 2927 126 2991 ritu
139 2929 259 3004 Latino,
274 2934 304 2989 et
317 2926 407 2988 aliam
419 2942 475 3005 pro
489 2925 547 2986 ritu
562 2925 718 3006 Orientali.

106 3019 148 3080 De
161 3018 229 3080 aliis
246 3013 534 3096 congregationibus
552 3013 705 3093 romanis,
728 3013 796 3078 vide
817 3023 953 3082 nostrum
973 3017 1040 3082 Mo·

72 3107 164 3178 nuato.
180 3109 246 3168 an⁰
261 3107 329 3175 783,
347 3111 406 3168 etc.

108 3198 177 3261 382
200 3193 428 3258 Observandum
440 3197 485 3256 est
498 3191 654 3268 solum,
629 3209 709 3254 orrea
722 3209 829 3253 omnes
841 3190 895 3252 has
909 3192 1040 3272 Congre-

72 3285 218 3364 gationes,
233 3282 315 3364 qudd
329 3282 459 3344 habeant
472 3284 650 3361 potestatem
663 3277 863 3356 ordinariam,
879 3279 909 3340 in
924 3279 959 3341 iis
973 3298 1042 3360 quaa

72 3372 139 3452 ipsis
154 3377 172 3436 a
186 3370 453 3436 constitutionibus
465 3367 643 3451 apostolicis
652 3367 867 3431 attribuuntur.
884 3368 948 3430 [md
962 3368 1041 3432 idem

72 3461 199 3526 tribunal
212 3462 324 3526 iaciunt
337 3477 408 3523 cum
423 3460 453 3521 S.
470 3457 626 3533 Pontifice,
639 3456 766 3538 proinde
778 3456 815 3518 ab
830 3457 865 3517 iis
877 3457 914 3518 ad
930 3459 1042 3540 Papam

73 3568 130 3614 uon
157 3557 256 3634 potest
276 3547 450 3632 appellari¹.
472 3549 534 3610 Noc
554 3564 660 3610 earum
682 3544 849 3626 iurisdictio
872 3548 1041 3624 ordinaria,

106 3757 132 3799 ἰ
143 3751 178 3804 Lo
187 3749 316 3803 canonista
325 3747 425 3802 Garoias
436 3747 543 3798 oltoune
555 3745 626 3796 lettre
640 3747 670 3794 de
679 3744 703 3794 la
712 3743 802 3796 Scordo
813 3745 994 3810 congregation
1007 3724 1039 3792 db
