2562 4224
169 262 225 324 tot
450 271 603 318 nisurum
616 270 699 316 tuuis
712 267 860 316 cauourct.
959 323 961 328 ¹

169 391 284 461 finalis,
300 389 354 454 sed
375 388 477 452 sclbm
491 387 661 469 impulsiva
685 385 900 448 concessionis
914 395 1009 468 prout
1024 407 1155 473 semper

170 480 311 548 evenitin
327 477 529 540 matrimonio
540 477 629 557 juxta
642 473 773 552 Sanch.,
787 474 879 549 ib.,n⁰
889 475 924 536 ld
937 477 1024 560 :quia
1039 497 1155 543 conce-

170 574 320 637 densnon
335 569 404 631 vult
415 586 485 630 eam
500 563 696 628 esseirritam
707 582 744 624 ex
758 563 912 646 petitione
923 565 1039 628 falsum
1051 571 1153 631 conti·

168 669 275 736 nente,
289 677 328 719 nc
341 653 751 738 contingatmatrimonium
762 669 830 714 esse
841 652 1152 738 irritum.S.Ligu0r.

169 750 225 812 lib.
239 749 268 822 6,
280 755 315 808 n⁰
335 745 422 808 tutu

156 899 157 906 ,
206 832 557 914 tournimtrequnitur
569 837 703 894 utactus
716 831 924 912 delegationis
936 833 1063 915 scriptis
1079 853 1155 898 con·

168 928 319 1007 signetur,
334 923 394 982 nisi
410 922 442 981 iu
457 921 585 982 casibus
600 920 616 980 a
629 919 700 1001 jure
714 919 891 1001 expressis„

206 1013 274 1076 207.
300 1011 380 1074 Nota
399 1008 505 1090 quoad
522 1026 614 1071 usum
628 1006 861 1088 Jurisdictionis
876 1007 1026 1090 delegatae
1042 1029 1154 1074 neces-

169 1103 287 1166 sarium
299 1117 366 1162 esse
379 1107 413 1160 ut
426 1095 586 1177 delegatus
598 1098 717 1159 iudicet
727 1104 834 1158 actum
848 1097 865 1158 a
877 1115 910 1160 se
924 1101 1030 1178 peragi
1044 1113 1155 1164 aucto-

169 1193 259 1254 ritate
273 1187 464 1268 delegantis3
485 1188 571 1266 quia,
591 1187 616 1249 si
632 1203 722 1248 secus
737 1185 803 1257 frat,
820 1185 859 1247 de
874 1186 1077 1265 legitimitate
1100 1199 1155 1252 aut

169 1279 261 1342 etiam
277 1295 358 1357 saepe
373 1274 681 1336 validitatedubitari
697 1275 811 1355 poterit
828 1293 899 1336 cum
912 1277 1155 1356 perturbatione

168 1369 358 1430 animarum.
389 1364 477 1426 Hane
502 1365 738 1445 expressionem
756 1364 966 1442 praescribunt
988 1367 1074 1446 saepe
1097 1367 1153 1431 SS.

169 1457 345 1533 Pontiliccs,
365 1454 539 1535 praesertim
555 1453 586 1514 in
604 1452 735 1516 indultis
750 1451 937 1516 facultatum
950 1471 1009 1536 pro
1022 1454 1154 1538 dispen-

169 1545 344 1610 sationibus
371 1541 670 1606 matrimonialibus.

585 1711 671 1774 ART.
692 1709 743 1774 lll.

349 1865 386 1910 DE
408 1862 574 1908 nourrloub
594 1863 821 1910 Juulsuturtouls
835 1864 1017 1913 obulusubu.

617 1997 668 2074 tl·

206 2117 250 2180 Dc
262 2104 473 2179 colutituticue
487 2115 661 2266 officiprom
674 2115 780 2194 quibus
794 2133 914 2180 aoruca
923 2122 968 2180 est
975 2118 1156 2198 jurisdictio

529 2221 576 2266 ecc
590 2203 743 2266 coiectico.

207 2337 276 2403 208.
294 2337 419 2413 Quaerit.
438 2337 469 2398 l⁰
486 2337 553 2412 Quo
563 2337 634 2418 jure
650 2344 837 2399 annectatur
854 2337 1032 2418 jurisdictio
1044 2341 1155 2405 officiis

168 2426 411 2492 ecclesiasticis?

206 2515 299 2598 Resp.
318 2515 444 2578 Certum
470 2532 536 2576 esse
554 2513 809 2594 Jurisdictionem
826 2532 920 2596 super
938 2515 1154 2582 universalem

167 2605 340 2666 Ecclesiam
352 2605 502 2666 obvenire
512 2602 694 2664 immediate
707 2603 724 2665 b
736 2601 972 2684 Christoci,qui
986 2605 1154 2684 eligiturin

168 2694 335 2756 Summum
346 2689 658 2754 Pontificem.Statim
671 2691 755 2753 enim
770 2711 806 2754 ac
816 2693 1025 2754 ca'ncnicbest
1036 2695 1154 2759 electus

168 2779 430 2855 aCardinalibus,
455 2780 524 2840 sine
543 2779 650 2862 aliqua
671 2779 731 2842 alit
755 2781 967 2857 institutione,
980 2783 1154 2846 confirma·

168 2871 254 2933 tione
268 2877 323 2930 aut
339 2868 518 2936 collatione,
536 2886 600 2931 non
616 2868 633 2930 i
649 2868 883 2945 cardinalibus,
901 2871 957 2952 qui
973 2871 1071 2934 talem
1087 2892 1152 2936 non

168 2958 287 3022 habeut
298 2957 564 3040 jurisdictionem,
582 2957 637 3020 sed
651 2957 668 3020 ὲ
681 2957 818 3032 Christo,
834 2959 917 3042 Papa
938 2959 1151 3024 universalem

167 3048 416 3128 jurisdictionem
449 3046 581 3111 obtinet.
609 3047 645 3110 ln
673 3046 735 3112 bec
765 3049 969 3111 consentiunt
1000 3048 1150 3113 catholici

167 3156 290 3202 omnes.

204 3227 277 3292 209.
294 3227 401 3304 Quoad
418 3227 602 3312 Episcopus,
613 3244 676 3290 non
698 3227 742 3291 ita
756 3228 929 3292 concordes
952 3238 1038 3306 sunt,
1056 3229 1103 3293 itt
1116 3240 1149 3295 ut

167 3317 223 3382 diu
245 3327 276 3380 et
296 3319 408 3381 acriter
430 3318 544 3399 agitata
570 3316 704 3400 quaestio
729 3317 763 3380 in
782 3315 923 3380 Concilio
949 3317 1145 3397 Tridentino,

168 3414 275 3470 utrum
295 3407 511 3470 immediatam
527 3405 544 3469 a
562 3408 634 3479 Deo,
662 3405 712 3469 vel
734 3407 902 3468 mediatam
920 3407 1041 3470 tantiuu
1056 3408 1148 3488 juris·

167 3495 335 3560 dictionem
349 3497 504 3558 habereut
519 3498 549 3558 in
567 3496 633 3558 suis
647 3495 847 3573 dioecesibus,
863 3497 991 3562 tandem
1008 3497 1147 3560 indecisa

167 3587 329 3650 remansit.
346 3583 425 3649 Vide
440 3585 521 3647 inira
543 3588 612 3650 394.

185 3689 189 3694 '
206 3674 275 3738 210.
301 3674 459 3755 Quidquid
480 3675 518 3734 sit
544 3675 583 3736 de
605 3676 820 3739 controversie
836 3675 919 3738 circa
935 3675 1069 3738 modum
1085 3695 1146 3759 quo

167 3763 340 3846 iurisdictio
354 3764 392 3826 ad
406 3762 578 3845 Episcopus
590 3764 740 3846 pervenit,
755 3764 880 3846 ipsimet
889 3765 1011 3846 patroni
1026 3773 1146 3830 scoten-
