2616 4228
472 315 570 360 carun
591 310 776 358 rnooenmnr.
799 273 802 279 ⁴
1074 295 1107 354 la

105 404 226 502 lonlo,
254 423 388 484 loannes
416 419 615 495 scolasticus3
644 419 676 479 in
707 413 870 478 Occidente
896 414 967 478 vcrll
995 413 1113 497 primus

135 511 264 592 ltegino,
280 509 405 572 ineunte
414 511 530 608 ¹saeculo
543 507 675 580 decimo,
685 504 744 567 hoc
758 511 899 585 egerunt.

357 711 403 768 lll.
420 741 454 754 -
465 710 506 767 lla
520 723 655 767 occurris
669 721 711 765 sa.
727 719 900 765 rourrrrcuu.

178 872 229 932 21.
258 867 340 929 Varii
363 872 435 929 sunt
453 885 571 929 errores
593 865 673 928 circa
696 865 750 926 SS.
776 863 959 926 Pontificum
981 861 1115 927 auctori·

137 962 249 1019 talem:

180 1048 214 1107 l·
227 1046 343 1107 Erravit
353 1044 465 1108 Luther
478 1050 581 1124 operte
595 1046 720 1104 omnem
734 1044 909 1123 potestatem
921 1041 1120 1123 legislativum

136 1134 321 1214 denegando
341 1136 373 1197 S.
396 1132 535 1195 Pontifici
555 1151 563 1192 ε
586 1150 686 1213 neque
706 1130 804 1212 Papa,
819 1149 919 1213 neque
937 1131 1118 1214 Episcopus,

139 1239 243 1303 neque
261 1222 341 1285 ullus
355 1222 536 1299 hominum,
552 1220 718 1302 inquiebat,
733 1219 820 1282 tabet
826 1219 881 1302 joa
893 1221 980 1282 unius
991 1220 1121 1302 syllaba

138 1328 234 1392 super
244 1310 443 1374 christianum
453 1309 621 1386 hominem,
633 1309 691 1372 nisi
702 1307 733 1371 id
743 1308 795 1370 liat
804 1308 940 1388 ejusdem
948 1327 1118 1386 consensu:

137 1405 173 1462 ct
185 1399 335 1481 quidquid
348 1400 432 1462 aliter
446 1399 489 1474 tit,
505 1398 663 1480 tyrannico
678 1397 784 1480 spiritu
798 1397 842 1460 fit.

182 1501 218 1560 2⁰
237 1497 405 1578 Episcopus
422 1497 460 1560 de
479 1498 639 1574 Romaim,
658 1496 690 1558 in
704 1515 760 1560 suo
775 1515 867 1580 opere
881 1497 962 1560 edito
974 1498 1032 1560 sub
1045 1497 1118 1562 falso

133 1587 268 1648 'nomine
287 1586 448 1662 Febrouii‚
471 1586 540 1666 qui,
565 1586 739 1649 colentum
759 1603 830 1648 casu
852 1604 913 1667 quo
934 1585 1054 1649 difficile
1075 1593 1118 1649 eat

140 1675 307 1738 concilium
321 1675 543 1738 oecumenlcum
559 1692 756 1754 congregare,
770 1674 862 1756 Papae
874 1673 1012 1736 concedit
1025 1674 1118 1739 facul-

141 1769 235 1826 tatem
250 1763 439 1846 proponendi
451 1761 595 1825 Ecclesia
608 1763 702 1843 leges,
718 1779 781 1824 non
795 1763 865 1824 ante
878 1768 981 1826 tamen
1000 1763 1118 1846 obliga·

142 1859 226 1916 turus
240 1851 343 1915 fideles
357 1855 450 1934 quam
463 1851 576 1914 luerint
589 1851 745 1915 communi
757 1870 909 1915 consensu
924 1859 1065 1934 accepte.

183 1953 218 2012 3·
237 1949 323 2012 Multi
339 1948 484 2012 doctrinae
498 1949 653 2030 gallicanae
668 1949 781 2010 incauti
795 1948 970 2011 defensores
984 1951 1035 2030 qui
1051 1969 1121 2013 con

143 2037 274 2102 tendunt
288 2039 340 2100 SS.
357 2038 518 2100 Pontifices
531 2057 594 2099 non
612 2057 701 2120 posse
715 2038 778 2100 suis
791 2038 910 2119 legibus
923 2040 1121 2102 conscientias

27 2208 34 2220 “
143 2127 281 2189 fidelium
305 2126 409 2207 ligare,
429 2133 592 2207 antequam
614 2133 820 2208 acceptentur,
843 2127 948 2189 saltem
969 2127 1008 2190 ab
1030 2128 1125 2209 Epis·

142 2233 239 2296 copis.

185 2316 235 2374 22.
259 2311 494 2373 controvertitur
508 2320 610 2374 autem
630 2314 660 2373 l⁰
677 2329 716 2374 an
734 2312 772 2374 de
790 2313 869 2374 lacto
887 2314 940 2376 SS.
961 2313 1120 2378 Pontifices

142 2401 238 2464 velint
247 2400 310 2462 suis
321 2399 439 2481 legibus
454 2399 558 2462 lideles
572 2400 664 2480 ligare
676 2405 839 2480 autequam
853 2407 984 2482 acceptae
998 2402 1109 2465 tuerint

183 2502 217 2560 2⁰
239 2497 386 2570 Quaenam
407 2498 579 2578 requiratur
598 2504 629 2559 et
646 2497 773 2559 sufficiat
793 2499 996 2580 promulgatio
1019 2500 1110 2582 legun

144 2585 381 2668 pontificiarum,
398 2585 497 2662 idest,
513 2604 552 2647 an
569 2587 771 2667 promulgatio
784 2589 889 2651 Rcmae
903 2589 942 2650 sit
953 2589 1118 2668 sufficiens;
1215 2622 1218 2628 ·

144 2693 184 2738 en
199 2676 271 2737 vero
283 2675 375 2737 etiam
389 2693 421 2736 m
436 2675 599 2756 provinciis
615 2677 781 2738 notificatio
793 2677 831 2738 sit
844 2680 1021 2755 necessaria,
1037 2685 1072 2742 ut
1083 2679 1120 2743 da

146 2763 225 2826 lacto
236 2763 295 2825 illae
309 2763 391 2844 leges
411 2763 555 2844 obligent.
572 2765 658 2827 Circa
672 2765 736 2826 hac
754 2768 857 2830 omnia
871 2769 1037 2831 statuendae
1050 2781 1119 2833 suut

147 2853 367 2934 propositiones
381 2861 559 2933 sequentes:

187 2954 238 3014 23.
263 2953 439 3014 Pnorcsrrm
454 2955 496 3012 1⁸.
512 2984 551 2998 -
565 2949 602 3012 S.
619 2951 766 3032 Pontifea
780 2951 950 3014 immediati
961 2956 1103 3036 accepite

148 3042 211 3122 ipso
226 3038 357 3113 Christo,
370 3049 400 3101 ct
411 3058 450 3101 ec
467 3039 497 3100 oi
512 3039 723 3114 imtttutionis,
737 3047 910 3121 potestatem
924 3041 1110 3123 lepialctioun

148 3130 181 3192 ta
208 3127 401 3190 universatem
420 3126 584 3190 Ecclesium
609 3131 696 3202 (Sunt
713 3129 840 3201 ipsamet
860 3132 989 3193 Suarezii
1007 3133 1115 3200 verbal

179 3225 196 3263 ι
216 3205 376 3269 Conclusio
389 3215 434 3271 cst
443 3210 572 3272 omnino
583 3218 676 3285 certa,
692 3209 733 3272 ait
747 3209 927 3273 Suarezins:
944 3227 1014 3268 nam
1029 3207 1110 3287 quoa

141 3314 155 3349 ι
175 3289 253 3356 hanc
262 3302 438 3376 potestatem
447 3299 656 3374 habeatcude
665 3299 899 3374 lide,utconstat
907 3315 944 3358 ex
953 3296 1111 3358 traditione

141 3385 1111 3461 aelcommunisensullcclesiae...0u‹ldautemhabeatillomodo

142 3493 156 3528 a
177 3469 1112 3558 (immediatetllhristo),esiconclusioadeocerta,utsineer·

142 3582 156 3616 n
175 3566 419 3644 rorenegarinon
429 3569 546 3647 possita
559 3569 694 3647 (suarez,
704 3567 833 3648 detege,
845 3569 949 3639 coac.
960 3568 991 3639 3,
1002 3569 1034 3624 n⁰
1045 3561 1108 3645 t0).

140 3649 180 3712 Ex
197 3653 289 3714 Gonc.
308 3654 419 3732 Vatia,
435 3656 473 3718 de
488 3656 547 3718 fulc
562 3667 607 3719 est
619 3658 653 3719 B.
672 3659 795 3728 Petrum
809 3659 930 3718 siccam
945 3654 1111 3733 accepisse.

176 3739 264 3803 Prob.
283 3745 316 3803 l⁰
329 3741 485 3823 Scriptura
501 3747 611 3808 Sancto
628 3767 636 3808 :
658 3769 674 3806 a
696 3749 794 3816 Super
808 3747 886 3806 hanc
902 3749 1016 3822 petram
1033 3737 1111 3802 aedi·
