<?xml version="1.0" encoding="UTF-8"?>
<!DOCTYPE html PUBLIC "-//W3C//DTD XHTML 1.0 Transitional//EN"
    "http://www.w3.org/TR/xhtml1/DTD/xhtml1-transitional.dtd">
<html xmlns="http://www.w3.org/1999/xhtml" xml:lang="en" lang="en">
 <head>
  <title>
</title>
<meta http-equiv="Content-Type" content="text/html;charset=utf-8" />
  <meta name='ocr-system' content='tesseract 3.04.00' />
  <meta name='ocr-capabilities' content='ocr_page ocr_carea ocr_par ocr_line ocrx_word'/>
</head>
<body>
  <div class='ocr_page' id='page_1' title='image "./elementajurisca01craigoog_0191.png"; bbox 0 0 2562 4224; ppageno 0'>
   <div class='ocr_carea' id='block_1_1' title="bbox 218 289 901 343">
    <p class='ocr_par' dir='ltr' id='par_1_1' title="bbox 218 289 901 343">
     <span class='ocr_line' id='line_1_1' title="bbox 218 289 901 343; baseline -0.004 0"><span class='ocrx_word' id='word_1_1' title='bbox 218 289 274 343; x_wconf 57' lang='lat' dir='ltr'><strong>tle</strong></span> <span class='ocrx_word' id='word_1_2' title='bbox 475 293 628 338; x_wconf 76' lang='lat' dir='ltr'><strong>rasurum</strong></span> <span class='ocrx_word' id='word_1_3' title='bbox 647 293 730 339; x_wconf 80' lang='lat' dir='ltr'><strong>runis</strong></span> <span class='ocrx_word' id='word_1_4' title='bbox 750 293 901 340; x_wconf 78' lang='lat' dir='ltr'><strong>utrorum.</strong></span> 
     </span>
    </p>
   </div>
   <div class='ocr_carea' id='block_1_2' title="bbox 217 390 1186 1164">
    <p class='ocr_par' dir='ltr' id='par_1_2' title="bbox 217 390 1186 1164">
     <span class='ocr_line' id='line_1_2' title="bbox 256 390 1184 473; baseline -0.01 -14"><span class='ocrx_word' id='word_1_5' title='bbox 256 398 295 459; x_wconf 92' lang='lat' dir='ltr'><strong>Ut</strong></span> <span class='ocrx_word' id='word_1_6' title='bbox 311 394 384 457; x_wconf 88' lang='lat' dir='ltr'><strong>nihil</strong></span> <span class='ocrx_word' id='word_1_7' title='bbox 402 393 532 473; x_wconf 82' lang='lat' dir='ltr'><strong>alicujus</strong></span> <span class='ocrx_word' id='word_1_8' title='bbox 546 393 690 454; x_wconf 90' lang='lat' dir='ltr'><strong>momenti</strong></span> <span class='ocrx_word' id='word_1_9' title='bbox 706 395 882 456; x_wconf 89' lang='lat' dir='ltr'><strong>omittamus</strong></span> <span class='ocrx_word' id='word_1_10' title='bbox 899 392 979 454; x_wconf 91' lang='lat' dir='ltr'><strong>circa</strong></span> <span class='ocrx_word' id='word_1_11' title='bbox 993 390 1184 472; x_wconf 79' lang='lat' dir='ltr'><strong>partitionem</strong></span> 
     </span>
     <span class='ocr_line' id='line_1_3' title="bbox 217 477 1186 546; baseline -0.005 -1"><span class='ocrx_word' id='word_1_12' title='bbox 217 483 370 546; x_wconf 83' lang='lat' dir='ltr'><strong>fructuum</strong></span> <span class='ocrx_word' id='word_1_13' title='bbox 392 479 610 543; x_wconf 87' lang='lat' dir='ltr'><strong>beneficiorum</strong></span> <span class='ocrx_word' id='word_1_14' title='bbox 628 479 659 541; x_wconf 95' lang='lat' dir='ltr'><strong>in</strong></span> <span class='ocrx_word' id='word_1_15' title='bbox 680 499 752 545; x_wconf 89' lang='lat' dir='ltr'><strong>casu</strong></span> <span class='ocrx_word' id='word_1_16' title='bbox 772 479 974 544; x_wconf 74' lang='lat' dir='ltr'><strong>translationis</strong></span> <span class='ocrx_word' id='word_1_17' title='bbox 996 485 1049 542; x_wconf 87' lang='lat' dir='ltr'><strong>aut</strong></span> <span class='ocrx_word' id='word_1_18' title='bbox 1064 477 1186 541; x_wconf 87' lang='lat' dir='ltr'><strong>alterius</strong></span> 
     </span>
     <span class='ocr_line' id='line_1_4' title="bbox 217 565 1185 652; baseline -0.005 -19"><span class='ocrx_word' id='word_1_19' title='bbox 217 572 336 652; x_wconf 82' lang='lat' dir='ltr'><strong>generis</strong></span> <span class='ocrx_word' id='word_1_20' title='bbox 354 569 547 643; x_wconf 79' lang='lat' dir='ltr'>mutationis,</span> <span class='ocrx_word' id='word_1_21' title='bbox 562 569 727 633; x_wconf 89' lang='lat' dir='ltr'><strong>dicendum</strong></span> <span class='ocrx_word' id='word_1_22' title='bbox 748 589 818 633; x_wconf 93' lang='lat' dir='ltr'><strong>cum</strong></span> <span class='ocrx_word' id='word_1_23' title='bbox 840 567 1035 632; x_wconf 84' lang='lat' dir='ltr'><strong>Reiffenstucl</strong></span> <span class='ocrx_word' id='word_1_24' title='bbox 1061 565 1129 648; x_wconf 91' lang='lat' dir='ltr'><strong>(lib.</strong></span> <span class='ocrx_word' id='word_1_25' title='bbox 1151 572 1185 642; x_wconf 82' lang='lat' dir='ltr'><strong>l,</strong></span> 
     </span>
     <span class='ocr_line' id='line_1_5' title="bbox 218 657 1186 738; baseline -0.004 -18"><span class='ocrx_word' id='word_1_26' title='bbox 218 660 262 720; x_wconf 89' lang='lat' dir='ltr'><strong>tit.</strong></span> <span class='ocrx_word' id='word_1_27' title='bbox 278 663 318 734; x_wconf 83' lang='lat'><strong>3,</strong></span> <span class='ocrx_word' id='word_1_28' title='bbox 335 667 368 720; x_wconf 65' lang='grc' dir='ltr'><strong>η’</strong></span> <span class='ocrx_word' id='word_1_29' title='bbox 384 662 451 735; x_wconf 81' lang='lat'>50),</span> <span class='ocrx_word' id='word_1_30' title='bbox 468 657 550 738; x_wconf 81' lang='lat' dir='ltr'><strong>quod</strong></span> <span class='ocrx_word' id='word_1_31' title='bbox 566 675 627 719; x_wconf 91' lang='lat' dir='ltr'><strong>non</strong></span> <span class='ocrx_word' id='word_1_32' title='bbox 642 657 730 720; x_wconf 89' lang='lat' dir='ltr'><strong>liceat</strong></span> <span class='ocrx_word' id='word_1_33' title='bbox 743 658 937 721; x_wconf 84' lang='lat' dir='ltr'><strong>beneficiario</strong></span> <span class='ocrx_word' id='word_1_34' title='bbox 951 661 1067 718; x_wconf 89' lang='lat' dir='ltr'><strong>mutato</strong></span> <span class='ocrx_word' id='word_1_35' title='bbox 1082 673 1186 718; x_wconf 89' lang='lat' dir='ltr'><strong>secum</strong></span> 
     </span>
     <span class='ocr_line' id='line_1_6' title="bbox 218 743 1186 828; baseline -0.004 -20"><span class='ocrx_word' id='word_1_36' title='bbox 218 754 369 828; x_wconf 86' lang='lat' dir='ltr'><strong>asportare</strong></span> <span class='ocrx_word' id='word_1_37' title='bbox 383 764 452 827; x_wconf 86' lang='lat' dir='ltr'><strong>quae</strong></span> <span class='ocrx_word' id='word_1_38' title='bbox 470 745 616 808; x_wconf 84' lang='lat' dir='ltr'><strong>destinata</strong></span> <span class='ocrx_word' id='word_1_39' title='bbox 630 753 715 808; x_wconf 90' lang='lat' dir='ltr'><strong>erant</strong></span> <span class='ocrx_word' id='word_1_40' title='bbox 733 745 872 808; x_wconf 87' lang='lat' dir='ltr'><strong>beneficii</strong></span> <span class='ocrx_word' id='word_1_41' title='bbox 887 745 1013 810; x_wconf 78' lang='lat' dir='ltr'><strong>culturae</strong></span> <span class='ocrx_word' id='word_1_42' title='bbox 1028 749 1081 806; x_wconf 92' lang='lat' dir='ltr'><strong>aut</strong></span> <span class='ocrx_word' id='word_1_43' title='bbox 1095 743 1186 825; x_wconf 87' lang='lat' dir='ltr'><strong>ipsius</strong></span> 
     </span>
     <span class='ocr_line' id='line_1_7' title="bbox 219 833 1186 916; baseline -0.003 -20"><span class='ocrx_word' id='word_1_44' title='bbox 219 835 458 910; x_wconf 87' lang='lat' dir='ltr'><strong>necessitalibus,</strong></span> <span class='ocrx_word' id='word_1_45' title='bbox 468 853 499 896; x_wconf 86' lang='lat' dir='ltr'><strong>v.</strong></span> <span class='ocrx_word' id='word_1_46' title='bbox 515 853 544 914; x_wconf 80' lang='lat' dir='ltr'><strong>g.</strong></span> <span class='ocrx_word' id='word_1_47' title='bbox 557 839 636 896; x_wconf 88' lang='lat' dir='ltr'><strong>certa</strong></span> <span class='ocrx_word' id='word_1_48' title='bbox 651 834 804 910; x_wconf 85' lang='lat' dir='ltr'><strong>animalia,</strong></span> <span class='ocrx_word' id='word_1_49' title='bbox 819 835 921 912; x_wconf 86' lang='lat' dir='ltr'><strong>boves,</strong></span> <span class='ocrx_word' id='word_1_50' title='bbox 932 851 1039 916; x_wconf 84' lang='lat' dir='ltr'><strong>equos,</strong></span> <span class='ocrx_word' id='word_1_51' title='bbox 1055 837 1128 908; x_wconf 81' lang='lat' dir='ltr'><strong>etc,</strong></span> <span class='ocrx_word' id='word_1_52' title='bbox 1143 833 1186 894; x_wconf 90' lang='lat' dir='ltr'><strong>vcl</strong></span> 
     </span>
     <span class='ocr_line' id='line_1_8' title="bbox 219 921 1186 1005; baseline -0.003 -21"><span class='ocrx_word' id='word_1_53' title='bbox 219 923 419 986; x_wconf 85' lang='lat' dir='ltr'><strong>instrumenta</strong></span> <span class='ocrx_word' id='word_1_54' title='bbox 434 922 576 997; x_wconf 85' lang='lat' dir='ltr'><strong>aratoria,</strong></span> <span class='ocrx_word' id='word_1_55' title='bbox 591 923 708 984; x_wconf 86' lang='lat' dir='ltr'><strong>etiamsi</strong></span> <span class='ocrx_word' id='word_1_56' title='bbox 722 923 784 986; x_wconf 90' lang='lat' dir='ltr'><strong>suis</strong></span> <span class='ocrx_word' id='word_1_57' title='bbox 795 924 965 1005; x_wconf 87' lang='lat' dir='ltr'><strong>sumptibus</strong></span> <span class='ocrx_word' id='word_1_58' title='bbox 979 922 1029 984; x_wconf 85' lang='lat' dir='ltr'><strong>illa</strong></span> <span class='ocrx_word' id='word_1_59' title='bbox 1043 921 1186 984; x_wconf 90' lang='lat' dir='ltr'><strong>inlocum</strong></span> 
     </span>
     <span class='ocr_line' id='line_1_9' title="bbox 219 1009 1186 1093; baseline -0.004 -21"><span class='ocrx_word' id='word_1_60' title='bbox 219 1010 424 1072; x_wconf 83' lang='lat' dir='ltr'><strong>deficientium</strong></span> <span class='ocrx_word' id='word_1_61' title='bbox 443 1010 506 1090; x_wconf 88' lang='lat' dir='ltr'><strong>ipse</strong></span> <span class='ocrx_word' id='word_1_62' title='bbox 524 1009 733 1074; x_wconf 85' lang='lat' dir='ltr'><strong>beneficiarius</strong></span> <span class='ocrx_word' id='word_1_63' title='bbox 747 1013 955 1093; x_wconf 80' lang='lat' dir='ltr'><strong>subrogasset,</strong></span> <span class='ocrx_word' id='word_1_64' title='bbox 971 1011 1019 1073; x_wconf 88' lang='lat' dir='ltr'><strong>rel</strong></span> <span class='ocrx_word' id='word_1_65' title='bbox 1033 1011 1064 1072; x_wconf 90' lang='lat' dir='ltr'><strong>in</strong></span> <span class='ocrx_word' id='word_1_66' title='bbox 1084 1009 1186 1072; x_wconf 89' lang='lat' dir='ltr'><strong>vitium</strong></span> 
     </span>
     <span class='ocr_line' id='line_1_10' title="bbox 219 1097 1088 1164; baseline 0.002 -6"><span class='ocrx_word' id='word_1_67' title='bbox 219 1107 269 1159; x_wconf 88' lang='lat' dir='ltr'><strong>aut</strong></span> <span class='ocrx_word' id='word_1_68' title='bbox 278 1099 421 1162; x_wconf 88' lang='lat' dir='ltr'><strong>arborum</strong></span> <span class='ocrx_word' id='word_1_69' title='bbox 435 1097 663 1162; x_wconf 85' lang='lat' dir='ltr'><strong>demortuarum</strong></span> <span class='ocrx_word' id='word_1_70' title='bbox 677 1101 774 1163; x_wconf 88' lang='lat' dir='ltr'><strong>vicem</strong></span> <span class='ocrx_word' id='word_1_71' title='bbox 788 1101 860 1162; x_wconf 85' lang='lat' dir='ltr'><strong>alias</strong></span> <span class='ocrx_word' id='word_1_72' title='bbox 870 1100 1088 1164; x_wconf 86' lang='lat' dir='ltr'><strong>substituisset.</strong></span> 
     </span>
    </p>
   </div>
   <div class='ocr_carea' id='block_1_3' title="bbox 659 1284 745 1366">
    <p class='ocr_par' dir='ltr' id='par_1_3' title="bbox 659 1284 745 1366">
     <span class='ocr_line' id='line_1_11' title="bbox 659 1284 745 1366; baseline 0.012 -20"><span class='ocrx_word' id='word_1_73' title='bbox 659 1284 675 1366; x_wconf 71' lang='lat'>5</span> <span class='ocrx_word' id='word_1_74' title='bbox 696 1287 745 1347; x_wconf 91' lang='lat'><em>111.</em></span> 
     </span>
    </p>
   </div>
   <div class='ocr_carea' id='block_1_4' title="bbox 223 1423 1185 1509">
    <p class='ocr_par' dir='ltr' id='par_1_4' title="bbox 223 1423 1185 1509">
     <span class='ocr_line' id='line_1_12' title="bbox 223 1423 1185 1509; baseline 0.01 -25"><span class='ocrx_word' id='word_1_75' title='bbox 223 1424 264 1487; x_wconf 89' lang='lat' dir='ltr'><strong>Dc</strong></span> <span class='ocrx_word' id='word_1_76' title='bbox 278 1424 467 1488; x_wconf 73' lang='lat' dir='ltr'><strong>devocatione</strong></span> <span class='ocrx_word' id='word_1_77' title='bbox 482 1433 511 1486; x_wconf 88' lang='lat' dir='ltr'><strong>et</strong></span> <span class='ocrx_word' id='word_1_78' title='bbox 532 1423 707 1487; x_wconf 85' lang='lat' dir='ltr'><strong>Privatiooc</strong></span> <span class='ocrx_word' id='word_1_79' title='bbox 722 1427 898 1509; x_wconf 78' lang='lat' dir='ltr'><strong>officiorum</strong></span> <span class='ocrx_word' id='word_1_80' title='bbox 917 1429 1185 1495; x_wconf 80' lang='lat' dir='ltr'><strong>ecclesiasticorum.</strong></span> 
     </span>
    </p>
   </div>
   <div class='ocr_carea' id='block_1_5' title="bbox 218 1593 1190 3102">
    <p class='ocr_par' dir='ltr' id='par_1_5' title="bbox 218 1593 1188 1854">
     <span class='ocr_line' id='line_1_13' title="bbox 259 1593 1186 1680; baseline 0.005 -22"><span class='ocrx_word' id='word_1_81' title='bbox 259 1601 329 1660; x_wconf 75' lang='lat'><strong>304.</strong></span> <span class='ocrx_word' id='word_1_82' title='bbox 353 1593 472 1675; x_wconf 82' lang='lat' dir='ltr'><strong>Duplici</strong></span> <span class='ocrx_word' id='word_1_83' title='bbox 489 1593 580 1662; x_wconf 89' lang='lat' dir='ltr'><strong>modo</strong></span> <span class='ocrx_word' id='word_1_84' title='bbox 601 1595 744 1674; x_wconf 89' lang='lat' dir='ltr'><strong>Superior</strong></span> <span class='ocrx_word' id='word_1_85' title='bbox 764 1613 922 1660; x_wconf 84' lang='lat' dir='ltr'><strong>removere</strong></span> <span class='ocrx_word' id='word_1_86' title='bbox 940 1604 1038 1677; x_wconf 89' lang='lat' dir='ltr'><strong>potest</strong></span> <span class='ocrx_word' id='word_1_87' title='bbox 1058 1601 1186 1680; x_wconf 81' lang='lat' dir='ltr'><strong>aliquem</strong></span> 
     </span>
     <span class='ocr_line' id='line_1_14' title="bbox 220 1683 1188 1763; baseline 0.005 -16"><span class='ocrx_word' id='word_1_88' title='bbox 220 1687 257 1748; x_wconf 89' lang='lat' dir='ltr'><strong>ab</strong></span> <span class='ocrx_word' id='word_1_89' title='bbox 271 1683 380 1759; x_wconf 88' lang='lat' dir='ltr'><strong>cilicio,</strong></span> <span class='ocrx_word' id='word_1_90' title='bbox 396 1683 530 1763; x_wconf 80' lang='lat' dir='ltr'><strong>simplici</strong></span> <span class='ocrx_word' id='word_1_91' title='bbox 544 1701 654 1763; x_wconf 85' lang='lat' dir='ltr'><strong>nempe</strong></span> <span class='ocrx_word' id='word_1_92' title='bbox 672 1685 851 1746; x_wconf 82' lang='lat' dir='ltr'><strong>revocatione</strong></span> <span class='ocrx_word' id='word_1_93' title='bbox 871 1703 923 1748; x_wconf 90' lang='lat' dir='ltr'><strong>seu</strong></span> <span class='ocrx_word' id='word_1_94' title='bbox 946 1685 1145 1759; x_wconf 83' lang='lat' dir='ltr'><strong>destitutione,</strong></span> <span class='ocrx_word' id='word_1_95' title='bbox 1161 1698 1188 1752; x_wconf 90' lang='lat' dir='ltr'><strong>et</strong></span> 
     </span>
     <span class='ocr_line' id='line_1_15' title="bbox 218 1770 540 1854; baseline -0.006 -20"><span class='ocrx_word' id='word_1_96' title='bbox 218 1773 384 1854; x_wconf 86' lang='lat' dir='ltr'><strong>privatione</strong></span> <span class='ocrx_word' id='word_1_97' title='bbox 393 1770 540 1852; x_wconf 74' lang='lat' dir='ltr'><strong>juridici.</strong></span> 
     </span>
    </p>

    <p class='ocr_par' dir='ltr' id='par_1_6' title="bbox 220 1859 1189 2208">
     <span class='ocr_line' id='line_1_16' title="bbox 260 1859 1189 1948; baseline 0.01 -26"><span class='ocrx_word' id='word_1_98' title='bbox 260 1861 395 1942; x_wconf 75' lang='lat' dir='ltr'><strong>Simplex</strong></span> <span class='ocrx_word' id='word_1_99' title='bbox 416 1860 567 1922; x_wconf 78' lang='lat' dir='ltr'><strong>revoc-otio</strong></span> <span class='ocrx_word' id='word_1_100' title='bbox 587 1877 641 1922; x_wconf 91' lang='lat' dir='ltr'><strong>seu</strong></span> <span class='ocrx_word' id='word_1_101' title='bbox 663 1859 816 1921; x_wconf 84' lang='lat' dir='ltr'><strong>destitutio</strong></span> <span class='ocrx_word' id='word_1_102' title='bbox 836 1862 936 1924; x_wconf 91' lang='lat' dir='ltr'><strong>locum</strong></span> <span class='ocrx_word' id='word_1_103' title='bbox 957 1863 1047 1928; x_wconf 90' lang='lat' dir='ltr'><strong>habet</strong></span> <span class='ocrx_word' id='word_1_104' title='bbox 1068 1869 1189 1948; x_wconf 87' lang='lat' dir='ltr'><strong>quando</strong></span> 
     </span>
     <span class='ocr_line' id='line_1_17' title="bbox 220 1947 1187 2032; baseline 0.007 -21"><span class='ocrx_word' id='word_1_105' title='bbox 220 1949 346 2011; x_wconf 87' lang='lat' dir='ltr'><strong>clericus</strong></span> <span class='ocrx_word' id='word_1_106' title='bbox 361 1949 400 2010; x_wconf 88' lang='lat' dir='ltr'><strong>ab</strong></span> <span class='ocrx_word' id='word_1_107' title='bbox 415 1947 513 2010; x_wconf 89' lang='lat' dir='ltr'><strong>officio</strong></span> <span class='ocrx_word' id='word_1_108' title='bbox 526 1967 581 2010; x_wconf 91' lang='lat' dir='ltr'><strong>suo</strong></span> <span class='ocrx_word' id='word_1_109' title='bbox 595 1955 765 2010; x_wconf 89' lang='lat' dir='ltr'><strong>remoretur</strong></span> <span class='ocrx_word' id='word_1_110' title='bbox 778 1949 891 2032; x_wconf 86' lang='lat' dir='ltr'><strong>absque</strong></span> <span class='ocrx_word' id='word_1_111' title='bbox 903 1951 1017 2029; x_wconf 73' lang='lat' dir='ltr'><strong>iudicio</strong></span> <span class='ocrx_word' id='word_1_112' title='bbox 1029 1961 1059 2016; x_wconf 84' lang='lat' dir='ltr'><strong>et</strong></span> <span class='ocrx_word' id='word_1_113' title='bbox 1073 1962 1187 2018; x_wconf 86' lang='lat' dir='ltr'><strong>sentcn-</strong></span> 
     </span>
     <span class='ocr_line' id='line_1_18' title="bbox 220 2036 1186 2123; baseline 0.008 -25"><span class='ocrx_word' id='word_1_114' title='bbox 220 2038 261 2100; x_wconf 74' lang='lat' dir='ltr'><strong>tia</strong></span> <span class='ocrx_word' id='word_1_115' title='bbox 274 2037 426 2117; x_wconf 76' lang='lat' dir='ltr'><strong>juridica,</strong></span> <span class='ocrx_word' id='word_1_116' title='bbox 440 2036 522 2118; x_wconf 91' lang='lat' dir='ltr'><strong>quod</strong></span> <span class='ocrx_word' id='word_1_117' title='bbox 541 2037 716 2117; x_wconf 81' lang='lat' dir='ltr'><strong>regulariter</strong></span> <span class='ocrx_word' id='word_1_118' title='bbox 733 2037 797 2098; x_wconf 89' lang='lat' dir='ltr'><strong>lieri</strong></span> <span class='ocrx_word' id='word_1_119' title='bbox 817 2041 937 2121; x_wconf 85' lang='lat' dir='ltr'><strong>nequit,</strong></span> <span class='ocrx_word' id='word_1_120' title='bbox 952 2059 1024 2123; x_wconf 81' lang='lat' dir='ltr'><strong>erga</strong></span> <span class='ocrx_word' id='word_1_121' title='bbox 1043 2043 1186 2120; x_wconf 86' lang='lat' dir='ltr'><strong>inritum,</strong></span> 
     </span>
     <span class='ocr_line' id='line_1_19' title="bbox 222 2125 874 2208; baseline 0.002 -21"><span class='ocrx_word' id='word_1_122' title='bbox 222 2126 278 2188; x_wconf 91' lang='lat' dir='ltr'><strong>nisi</strong></span> <span class='ocrx_word' id='word_1_123' title='bbox 293 2126 391 2208; x_wconf 87' lang='lat' dir='ltr'><strong>quoad</strong></span> <span class='ocrx_word' id='word_1_124' title='bbox 407 2125 504 2188; x_wconf 85' lang='lat' dir='ltr'><strong>officia</strong></span> <span class='ocrx_word' id='word_1_125' title='bbox 518 2125 556 2186; x_wconf 86' lang='lat' dir='ltr'><strong>ad</strong></span> <span class='ocrx_word' id='word_1_126' title='bbox 572 2133 679 2188; x_wconf 90' lang='lat' dir='ltr'><strong>nutum</strong></span> <span class='ocrx_word' id='word_1_127' title='bbox 693 2126 874 2189; x_wconf 89' lang='lat' dir='ltr'><strong>amoribilia.</strong></span> 
     </span>
    </p>

    <p class='ocr_par' dir='ltr' id='par_1_7' title="bbox 221 2213 1190 2380">
     <span class='ocr_line' id='line_1_20' title="bbox 260 2213 1190 2303; baseline 0.008 -24"><span class='ocrx_word' id='word_1_128' title='bbox 260 2215 398 2279; x_wconf 81' lang='lat' dir='ltr'><strong>Privatio</strong></span> <span class='ocrx_word' id='word_1_129' title='bbox 415 2213 549 2296; x_wconf 74' lang='lat' dir='ltr'><strong>juridico</strong></span> <span class='ocrx_word' id='word_1_130' title='bbox 573 2215 695 2276; x_wconf 78' lang='lat' dir='ltr'><strong>econtra</strong></span> <span class='ocrx_word' id='word_1_131' title='bbox 710 2221 754 2276; x_wconf 87' lang='lat' dir='ltr'><strong>est</strong></span> <span class='ocrx_word' id='word_1_132' title='bbox 766 2216 913 2278; x_wconf 85' lang='lat' dir='ltr'><strong>sententia</strong></span> <span class='ocrx_word' id='word_1_133' title='bbox 924 2218 1054 2296; x_wconf 75' lang='lat' dir='ltr'><strong>Juridica</strong></span> <span class='ocrx_word' id='word_1_134' title='bbox 1071 2221 1190 2303; x_wconf 85' lang='lat' dir='ltr'><strong>privans</strong></span> 
     </span>
     <span class='ocr_line' id='line_1_21' title="bbox 221 2302 1056 2380; baseline 0.008 -15"><span class='ocrx_word' id='word_1_135' title='bbox 221 2303 383 2380; x_wconf 79' lang='lat' dir='ltr'><strong>clericum,</strong></span> <span class='ocrx_word' id='word_1_136' title='bbox 398 2303 488 2365; x_wconf 89' lang='lat' dir='ltr'><strong>eliam</strong></span> <span class='ocrx_word' id='word_1_137' title='bbox 502 2302 643 2378; x_wconf 85' lang='lat' dir='ltr'><strong>invitum,</strong></span> <span class='ocrx_word' id='word_1_138' title='bbox 657 2303 755 2365; x_wconf 85' lang='lat' dir='ltr'><strong>officio</strong></span> <span class='ocrx_word' id='word_1_139' title='bbox 769 2323 824 2366; x_wconf 91' lang='lat' dir='ltr'><strong>suo</strong></span> <span class='ocrx_word' id='word_1_140' title='bbox 838 2307 881 2367; x_wconf 82' lang='lat' dir='ltr'><strong>vel</strong></span> <span class='ocrx_word' id='word_1_141' title='bbox 897 2305 1056 2372; x_wconf 85' lang='lat' dir='ltr'><strong>beneficio.</strong></span> 
     </span>
    </p>

    <p class='ocr_par' dir='ltr' id='par_1_8' title="bbox 218 2391 1189 2827">
     <span class='ocr_line' id='line_1_22' title="bbox 260 2391 1189 2474; baseline 0.008 -20"><span class='ocrx_word' id='word_1_142' title='bbox 260 2393 424 2474; x_wconf 86' lang='lat' dir='ltr'><strong>Dupliciter</strong></span> <span class='ocrx_word' id='word_1_143' title='bbox 438 2391 563 2454; x_wconf 88' lang='lat' dir='ltr'><strong>clericus</strong></span> <span class='ocrx_word' id='word_1_144' title='bbox 578 2391 708 2472; x_wconf 80' lang='lat' dir='ltr'><strong>juridice</strong></span> <span class='ocrx_word' id='word_1_145' title='bbox 725 2393 831 2474; x_wconf 83' lang='lat' dir='ltr'><strong>privari</strong></span> <span class='ocrx_word' id='word_1_146' title='bbox 848 2399 943 2474; x_wconf 86' lang='lat' dir='ltr'><strong>potest</strong></span> <span class='ocrx_word' id='word_1_147' title='bbox 956 2395 1057 2459; x_wconf 88' lang='lat' dir='ltr'><strong>officio</strong></span> <span class='ocrx_word' id='word_1_148' title='bbox 1070 2417 1127 2462; x_wconf 91' lang='lat' dir='ltr'><strong>suo</strong></span> <span class='ocrx_word' id='word_1_149' title='bbox 1140 2410 1189 2464; x_wconf 86' lang='lat' dir='ltr'><strong>aut</strong></span> 
     </span>
     <span class='ocr_line' id='line_1_23' title="bbox 221 2479 1188 2572; baseline 0.009 -30"><span class='ocrx_word' id='word_1_150' title='bbox 221 2481 384 2558; x_wconf 83' lang='lat' dir='ltr'><strong>beneficio,</strong></span> <span class='ocrx_word' id='word_1_151' title='bbox 403 2479 530 2560; x_wconf 83' lang='lat' dir='ltr'><strong>simplici</strong></span> <span class='ocrx_word' id='word_1_152' title='bbox 551 2480 673 2561; x_wconf 88' lang='lat' dir='ltr'><strong>quidem</strong></span> <span class='ocrx_word' id='word_1_153' title='bbox 689 2482 854 2562; x_wconf 80' lang='lat' dir='ltr'><strong>privatione</strong></span> <span class='ocrx_word' id='word_1_154' title='bbox 873 2489 904 2544; x_wconf 87' lang='lat' dir='ltr'><strong>el</strong></span> <span class='ocrx_word' id='word_1_155' title='bbox 922 2482 1101 2566; x_wconf 83' lang='lat' dir='ltr'><strong>depositione</strong></span> <span class='ocrx_word' id='word_1_156' title='bbox 1116 2509 1188 2572; x_wconf 85' lang='lat' dir='ltr'><strong>pro·</strong></span> 
     </span>
     <span class='ocr_line' id='line_1_24' title="bbox 218 2567 1188 2660; baseline 0.012 -32"><span class='ocrx_word' id='word_1_157' title='bbox 218 2567 285 2649; x_wconf 81' lang='lat' dir='ltr'><strong>prii</strong></span> <span class='ocrx_word' id='word_1_158' title='bbox 300 2569 393 2644; x_wconf 84' lang='lat' dir='ltr'><strong>dr&#39;ctd;</strong></span> <span class='ocrx_word' id='word_1_159' title='bbox 410 2569 487 2630; x_wconf 89' lang='lat' dir='ltr'><strong>inlcr</strong></span> <span class='ocrx_word' id='word_1_160' title='bbox 500 2575 660 2650; x_wconf 82' lang='lat' dir='ltr'><strong>utramque</strong></span> <span class='ocrx_word' id='word_1_161' title='bbox 673 2569 731 2632; x_wconf 91' lang='lat' dir='ltr'><strong>hoo</strong></span> <span class='ocrx_word' id='word_1_162' title='bbox 746 2578 791 2632; x_wconf 85' lang='lat' dir='ltr'><strong>est</strong></span> <span class='ocrx_word' id='word_1_163' title='bbox 809 2571 969 2634; x_wconf 86' lang='lat' dir='ltr'><strong>discrimen</strong></span> <span class='ocrx_word' id='word_1_164' title='bbox 985 2576 1067 2655; x_wconf 88' lang='lat' dir='ltr'><strong>qubd</strong></span> <span class='ocrx_word' id='word_1_165' title='bbox 1078 2567 1188 2660; x_wconf 70' lang='lat' dir='ltr'><strong>¹deposi-</strong></span> 
     </span>
     <span class='ocr_line' id='line_1_25' title="bbox 222 2656 1188 2750; baseline 0.012 -33"><span class='ocrx_word' id='word_1_166' title='bbox 222 2665 268 2718; x_wconf 86' lang='lat' dir='ltr'><strong>tus</strong></span> <span class='ocrx_word' id='word_1_167' title='bbox 281 2657 420 2718; x_wconf 89' lang='lat' dir='ltr'><strong>inhabilis</strong></span> <span class='ocrx_word' id='word_1_168' title='bbox 439 2656 583 2720; x_wconf 85' lang='lat' dir='ltr'><strong>efficiatur</strong></span> <span class='ocrx_word' id='word_1_169' title='bbox 597 2657 635 2720; x_wconf 92' lang='lat' dir='ltr'><strong>ad</strong></span> <span class='ocrx_word' id='word_1_170' title='bbox 650 2659 708 2720; x_wconf 86' lang='lat' dir='ltr'><strong>alia</strong></span> <span class='ocrx_word' id='word_1_171' title='bbox 722 2659 885 2738; x_wconf 82' lang='lat' dir='ltr'><strong>beneficia,</strong></span> <span class='ocrx_word' id='word_1_172' title='bbox 900 2679 962 2724; x_wconf 91' lang='lat' dir='ltr'><strong>non</strong></span> <span class='ocrx_word' id='word_1_173' title='bbox 981 2662 1054 2726; x_wconf 90' lang='lat' dir='ltr'><strong>item</strong></span> <span class='ocrx_word' id='word_1_174' title='bbox 1071 2668 1188 2750; x_wconf 81' lang='lat' dir='ltr'><strong>simpli·</strong></span> 
     </span>
     <span class='ocr_line' id='line_1_26' title="bbox 220 2746 457 2827; baseline 0 -21"><span class='ocrx_word' id='word_1_175' title='bbox 220 2747 297 2807; x_wconf 83' lang='lat' dir='ltr'><strong>citer</strong></span> <span class='ocrx_word' id='word_1_176' title='bbox 308 2746 457 2827; x_wconf 85' lang='lat' dir='ltr'><strong>privatus.</strong></span> 
     </span>
    </p>

    <p class='ocr_par' dir='ltr' id='par_1_9' title="bbox 219 2835 1189 3102">
     <span class='ocr_line' id='line_1_27' title="bbox 259 2835 1189 2922; baseline 0.012 -26"><span class='ocrx_word' id='word_1_177' title='bbox 259 2835 374 2897; x_wconf 88' lang='lat' dir='ltr'><strong>Dicitur</strong></span> <span class='ocrx_word' id='word_1_178' title='bbox 388 2836 418 2898; x_wconf 91' lang='lat' dir='ltr'><strong>in</strong></span> <span class='ocrx_word' id='word_1_179' title='bbox 429 2840 526 2899; x_wconf 84' lang='lat' dir='ltr'><strong>Traot.</strong></span> <span class='ocrx_word' id='word_1_180' title='bbox 543 2837 588 2900; x_wconf 89' lang='lat' dir='ltr'><strong>Dc</strong></span> <span class='ocrx_word' id='word_1_181' title='bbox 600 2836 729 2898; x_wconf 74' lang='lat' dir='ltr'><strong>iudiciis</strong></span> <span class='ocrx_word' id='word_1_182' title='bbox 742 2837 895 2916; x_wconf 86' lang='lat' dir='ltr'><strong>quomodo</strong></span> <span class='ocrx_word' id='word_1_183' title='bbox 911 2839 950 2902; x_wconf 90' lang='lat' dir='ltr'><strong>sit</strong></span> <span class='ocrx_word' id='word_1_184' title='bbox 964 2843 1189 2922; x_wconf 87' lang='lat' dir='ltr'><strong>procedendum</strong></span> 
     </span>
     <span class='ocr_line' id='line_1_28' title="bbox 221 2924 1189 3013; baseline 0.007 -27"><span class='ocrx_word' id='word_1_185' title='bbox 221 2925 257 2990; x_wconf 86' lang='lat' dir='ltr'><strong>ad</strong></span> <span class='ocrx_word' id='word_1_186' title='bbox 268 2925 464 3006; x_wconf 83' lang='lat' dir='ltr'><strong>privationem</strong></span> <span class='ocrx_word' id='word_1_187' title='bbox 476 2926 634 3005; x_wconf 85' lang='lat' dir='ltr'><strong>juridicam</strong></span> <span class='ocrx_word' id='word_1_188' title='bbox 647 2945 655 2987; x_wconf 74' lang='grc' dir='ltr'><strong><em>ε</em></strong></span> <span class='ocrx_word' id='word_1_189' title='bbox 673 2924 722 2986; x_wconf 89' lang='lat' dir='ltr'><strong>hio</strong></span> <span class='ocrx_word' id='word_1_190' title='bbox 735 2925 860 2987; x_wconf 83' lang='lat' dir='ltr'><strong>sullicrat</strong></span> <span class='ocrx_word' id='word_1_191' title='bbox 870 2927 1041 3010; x_wconf 83' lang='lat' dir='ltr'><strong>expendere</strong></span> <span class='ocrx_word' id='word_1_192' title='bbox 1050 2950 1189 3013; x_wconf 81' lang='lat' dir='ltr'><strong>quaenam</strong></span> 
     </span>
     <span class='ocr_line' id='line_1_29' title="bbox 219 3013 1189 3102; baseline 0.011 -28"><span class='ocrx_word' id='word_1_193' title='bbox 219 3015 278 3083; x_wconf 84' lang='lat' dir='ltr'><strong>sint</strong></span> <span class='ocrx_word' id='word_1_194' title='bbox 297 3013 393 3075; x_wconf 84' lang='lat' dir='ltr'><strong>officia</strong></span> <span class='ocrx_word' id='word_1_195' title='bbox 407 3014 598 3096; x_wconf 87' lang='lat' dir='ltr'><strong>quae-aulerri</strong></span> <span class='ocrx_word' id='word_1_196' title='bbox 618 3021 772 3094; x_wconf 75' lang='lat' dir='ltr'><strong>nequeunt</strong></span> <span class='ocrx_word' id='word_1_197' title='bbox 787 3016 843 3075; x_wconf 92' lang='lat' dir='ltr'><strong>nisi</strong></span> <span class='ocrx_word' id='word_1_198' title='bbox 862 3035 914 3096; x_wconf 91' lang='lat' dir='ltr'><strong>per</strong></span> <span class='ocrx_word' id='word_1_199' title='bbox 928 3019 1189 3102; x_wconf 83' lang='lat' dir='ltr'><strong>sententiamjuri·</strong></span> 
     </span>
    </p>
   </div>
   <div class='ocr_carea' id='block_1_6' title="bbox 112 3101 976 3184">
    <p class='ocr_par' dir='ltr' id='par_1_10' title="bbox 112 3101 976 3184">
     <span class='ocr_line' id='line_1_30' title="bbox 112 3101 976 3184; baseline 0.003 -20"><span class='ocrx_word' id='word_1_200' title='bbox 112 3161 113 3164; x_wconf 74' lang='grc'>,</span> <span class='ocrx_word' id='word_1_201' title='bbox 219 3101 330 3178; x_wconf 86' lang='lat' dir='ltr'><strong>dicam,</strong></span> <span class='ocrx_word' id='word_1_202' title='bbox 347 3108 378 3165; x_wconf 90' lang='lat' dir='ltr'><strong>et</strong></span> <span class='ocrx_word' id='word_1_203' title='bbox 390 3121 532 3184; x_wconf 78' lang='lat' dir='ltr'><strong>quaenam</strong></span> <span class='ocrx_word' id='word_1_204' title='bbox 545 3102 606 3164; x_wconf 91' lang='lat' dir='ltr'><strong>sint</strong></span> <span class='ocrx_word' id='word_1_205' title='bbox 619 3101 656 3162; x_wconf 88' lang='lat' dir='ltr'><strong>ad</strong></span> <span class='ocrx_word' id='word_1_206' title='bbox 672 3109 780 3164; x_wconf 91' lang='lat' dir='ltr'><strong>nutum</strong></span> <span class='ocrx_word' id='word_1_207' title='bbox 794 3105 976 3167; x_wconf 86' lang='lat' dir='ltr'><strong>amoribilia.</strong></span> 
     </span>
    </p>
   </div>
   <div class='ocr_carea' id='block_1_7' title="bbox 456 3255 946 3315">
    <p class='ocr_par' dir='ltr' id='par_1_11' title="bbox 456 3255 946 3315">
     <span class='ocr_line' id='line_1_31' title="bbox 456 3255 946 3315; baseline 0.004 -2"><span class='ocrx_word' id='word_1_208' title='bbox 456 3255 562 3314; x_wconf 84' lang='lat' dir='ltr'><strong>l.—Dr</strong></span> <span class='ocrx_word' id='word_1_209' title='bbox 582 3267 697 3312; x_wconf 85' lang='lat' dir='ltr'><strong>orsrous</strong></span> <span class='ocrx_word' id='word_1_210' title='bbox 715 3268 946 3315; x_wconf 81' lang='lat' dir='ltr'><strong>irruouanraus.</strong></span> 
     </span>
    </p>
   </div>
   <div class='ocr_carea' id='block_1_8' title="bbox 219 3403 1191 3836">
    <p class='ocr_par' dir='ltr' id='par_1_12' title="bbox 219 3403 1191 3571">
     <span class='ocr_line' id='line_1_32' title="bbox 259 3403 1191 3485; baseline 0.009 -20"><span class='ocrx_word' id='word_1_211' title='bbox 259 3405 329 3467; x_wconf 85' lang='grc'><strong>305.</strong></span> <span class='ocrx_word' id='word_1_212' title='bbox 350 3405 432 3466; x_wconf 87' lang='lat' dir='ltr'><strong>Talia</strong></span> <span class='ocrx_word' id='word_1_213' title='bbox 443 3410 512 3466; x_wconf 89' lang='lat' dir='ltr'><strong>suut</strong></span> <span class='ocrx_word' id='word_1_214' title='bbox 522 3403 673 3484; x_wconf 85' lang='lat' dir='ltr'><strong>praecipue</strong></span> <span class='ocrx_word' id='word_1_215' title='bbox 685 3419 812 3464; x_wconf 90' lang='lat' dir='ltr'><strong>munera</strong></span> <span class='ocrx_word' id='word_1_216' title='bbox 828 3405 1061 3485; x_wconf 80' lang='lat' dir='ltr'><strong>Episcoporum,</strong></span> <span class='ocrx_word' id='word_1_217' title='bbox 1072 3413 1191 3472; x_wconf 83' lang='lat' dir='ltr'><strong>cunoni·</strong></span> 
     </span>
     <span class='ocr_line' id='line_1_33' title="bbox 219 3491 894 3571; baseline 0 -16"><span class='ocrx_word' id='word_1_218' title='bbox 219 3509 323 3555; x_wconf 88' lang='lat' dir='ltr'><strong>corum</strong></span> <span class='ocrx_word' id='word_1_219' title='bbox 337 3500 366 3554; x_wconf 90' lang='lat' dir='ltr'><strong>et</strong></span> <span class='ocrx_word' id='word_1_220' title='bbox 379 3492 581 3554; x_wconf 87' lang='lat' dir='ltr'><strong>Parocborum</strong></span> <span class='ocrx_word' id='word_1_221' title='bbox 596 3491 716 3571; x_wconf 77' lang='lat' dir='ltr'><strong>proprie</strong></span> <span class='ocrx_word' id='word_1_222' title='bbox 730 3491 894 3555; x_wconf 88' lang='lat' dir='ltr'><strong>dictorum.</strong></span> 
     </span>
    </p>

    <p class='ocr_par' dir='ltr' id='par_1_13' title="bbox 220 3578 1189 3836">
     <span class='ocr_line' id='line_1_34' title="bbox 259 3578 1189 3664; baseline 0.009 -22"><span class='ocrx_word' id='word_1_223' title='bbox 259 3583 289 3642; x_wconf 77' lang='lat' dir='ltr'><strong>l⁰</strong></span> <span class='ocrx_word' id='word_1_224' title='bbox 311 3578 587 3662; x_wconf 73' lang='lat' dir='ltr'><strong>Orioodlr&#39;piscopos,</strong></span> <span class='ocrx_word' id='word_1_225' title='bbox 601 3579 757 3640; x_wconf 87' lang='lat' dir='ltr'><strong>contendit</strong></span> <span class='ocrx_word' id='word_1_226' title='bbox 768 3579 936 3643; x_wconf 84' lang='lat' dir='ltr'><strong>Febrouius</strong></span> <span class='ocrx_word' id='word_1_227' title='bbox 947 3591 1014 3662; x_wconf 90' lang='lat' dir='ltr'><strong>post</strong></span> <span class='ocrx_word' id='word_1_228' title='bbox 1024 3587 1189 3664; x_wconf 68' lang='lat' dir='ltr'><strong>Debitorem</strong></span> 
     </span>
     <span class='ocr_line' id='line_1_35' title="bbox 220 3666 1189 3750; baseline 0.007 -20"><span class='ocrx_word' id='word_1_229' title='bbox 220 3669 250 3731; x_wconf 93' lang='lat' dir='ltr'><strong>in</strong></span> <span class='ocrx_word' id='word_1_230' title='bbox 264 3669 321 3730; x_wconf 87' lang='lat' dir='ltr'><strong>hoc</strong></span> <span class='ocrx_word' id='word_1_231' title='bbox 333 3669 507 3730; x_wconf 83' lang='lat' dir='ltr'><strong>Calvinistas</strong></span> <span class='ocrx_word' id='word_1_232' title='bbox 516 3666 742 3730; x_wconf 86' lang='lat' dir='ltr'><strong>aclansenislas</strong></span> <span class='ocrx_word' id='word_1_233' title='bbox 751 3685 892 3748; x_wconf 84' lang='lat' dir='ltr'><strong>sequens,</strong></span> <span class='ocrx_word' id='word_1_234' title='bbox 904 3669 987 3750; x_wconf 80' lang='lat' dir='ltr'><strong>quod</strong></span> <span class='ocrx_word' id='word_1_235' title='bbox 1002 3672 1189 3738; x_wconf 76' lang='lat' dir='ltr'><strong>«innumero</strong></span> 
     </span>
     <span class='ocr_line' id='line_1_36' title="bbox 223 3755 1188 3836; baseline 0.011 -22"><span class='ocrx_word' id='word_1_236' title='bbox 223 3779 238 3814; x_wconf 76' lang='lat' dir='ltr'><strong>o</strong></span> <span class='ocrx_word' id='word_1_237' title='bbox 259 3775 366 3818; x_wconf 87' lang='lat' dir='ltr'><strong>norem</strong></span> <span class='ocrx_word' id='word_1_238' title='bbox 385 3756 521 3836; x_wconf 88' lang='lat' dir='ltr'><strong>priorum</strong></span> <span class='ocrx_word' id='word_1_239' title='bbox 542 3755 722 3817; x_wconf 65' lang='lat' dir='ltr'><strong>saeculorum</strong></span> <span class='ocrx_word' id='word_1_240' title='bbox 741 3756 896 3835; x_wconf 75' lang='lat' dir='ltr'><strong>exempla.</strong></span> <span class='ocrx_word' id='word_1_241' title='bbox 914 3757 1043 3822; x_wconf 84' lang='lat' dir='ltr'><strong>decretis</strong></span> <span class='ocrx_word' id='word_1_242' title='bbox 1061 3761 1188 3825; x_wconf 80' lang='lat' dir='ltr'><strong>Genera·</strong></span> 
     </span>
    </p>
   </div>
   <div class='ocr_carea' id='block_1_9' title="bbox 0 0 1291 4224">
    <p class='ocr_par' dir='ltr' id='par_1_14' title="bbox 0 0 1291 4224">
     <span class='ocr_line' id='line_1_37' title="bbox 0 0 1291 4224; baseline 0 0"><span class='ocrx_word' id='word_1_243' title='bbox 0 0 1291 4224; x_wconf 95' lang='lat' dir='ltr'><strong> </strong></span> 
     </span>
    </p>
   </div>
  </div>
 </body>
</html>
