<?xml version="1.0" encoding="UTF-8"?>
<!DOCTYPE html PUBLIC "-//W3C//DTD XHTML 1.0 Transitional//EN"
    "http://www.w3.org/TR/xhtml1/DTD/xhtml1-transitional.dtd">
<html xmlns="http://www.w3.org/1999/xhtml" xml:lang="en" lang="en">
 <head>
  <title>
</title>
<meta http-equiv="Content-Type" content="text/html;charset=utf-8" />
  <meta name='ocr-system' content='tesseract 3.04.00' />
  <meta name='ocr-capabilities' content='ocr_page ocr_carea ocr_par ocr_line ocrx_word'/>
</head>
<body>
  <div class='ocr_page' id='page_1' title='image "./elementajurisca01craigoog_0094.png"; bbox 0 0 2616 4228; ppageno 0'>
   <div class='ocr_carea' id='block_1_1' title="bbox 165 245 1091 441">
    <p class='ocr_par' dir='ltr' id='par_1_1' title="bbox 165 245 1091 441">
     <span class='ocr_line' id='line_1_1' title="bbox 460 245 1091 303; baseline -0.002 -1"><span class='ocrx_word' id='word_1_1' title='bbox 460 253 552 302; x_wconf 79' lang='lat' dir='ltr'>carun</span> <span class='ocrx_word' id='word_1_2' title='bbox 571 255 757 303; x_wconf 78' lang='lat' dir='ltr'>raomunnu.</span> <span class='ocrx_word' id='word_1_3' title='bbox 1055 245 1091 301; x_wconf 76' lang='lat'>75</span> 
     </span>
     <span class='ocr_line' id='line_1_2' title="bbox 165 357 1083 441; baseline 0.003 -23"><span class='ocrx_word' id='word_1_4' title='bbox 165 359 234 418; x_wconf 78' lang='grc'><strong>137.</strong></span> <span class='ocrx_word' id='word_1_5' title='bbox 258 357 364 418; x_wconf 73' lang='lat' dir='ltr'>«vni.</span> <span class='ocrx_word' id='word_1_6' title='bbox 384 359 430 418; x_wconf 83' lang='lat' dir='ltr'>Ad</span> <span class='ocrx_word' id='word_1_7' title='bbox 443 363 636 440; x_wconf 81' lang='lat' dir='ltr'>allegandum</span> <span class='ocrx_word' id='word_1_8' title='bbox 654 361 777 422; x_wconf 75' lang='lat' dir='ltr'>Senium</span> <span class='ocrx_word' id='word_1_9' title='bbox 799 360 1001 422; x_wconf 78' lang='lat' dir='ltr'>Decretulium</span> <span class='ocrx_word' id='word_1_10' title='bbox 1013 379 1083 441; x_wconf 82' lang='lat' dir='ltr'>pom</span> 
     </span>
    </p>
   </div>
   <div class='ocr_carea' id='block_1_2' title="bbox 125 444 1096 784">
    <p class='ocr_par' dir='ltr' id='par_1_2' title="bbox 125 444 1096 784">
     <span class='ocr_line' id='line_1_3' title="bbox 130 444 1084 526; baseline 0.008 -22"><span class='ocrx_word' id='word_1_11' title='bbox 130 467 145 504; x_wconf 81' lang='lat' dir='ltr'>a</span> <span class='ocrx_word' id='word_1_12' title='bbox 164 452 213 506; x_wconf 86' lang='lat' dir='ltr'>tur</span> <span class='ocrx_word' id='word_1_13' title='bbox 234 444 265 506; x_wconf 93' lang='lat' dir='ltr'>iu</span> <span class='ocrx_word' id='word_1_14' title='bbox 281 446 341 506; x_wconf 84' lang='lat' dir='ltr'>fine</span> <span class='ocrx_word' id='word_1_15' title='bbox 355 445 519 523; x_wconf 75' lang='lat' dir='ltr'>citationis,</span> <span class='ocrx_word' id='word_1_16' title='bbox 538 449 569 508; x_wconf 92' lang='lat' dir='ltr'>in</span> <span class='ocrx_word' id='word_1_17' title='bbox 584 452 631 526; x_wconf 83' lang='lat'>6⁰,</span> <span class='ocrx_word' id='word_1_18' title='bbox 659 449 762 525; x_wconf 84' lang='lat' dir='ltr'>idest,</span> <span class='ocrx_word' id='word_1_19' title='bbox 778 449 808 509; x_wconf 92' lang='lat' dir='ltr'>in</span> <span class='ocrx_word' id='word_1_20' title='bbox 825 449 900 510; x_wconf 91' lang='lat' dir='ltr'>libro</span> <span class='ocrx_word' id='word_1_21' title='bbox 913 453 946 511; x_wconf 85' lang='lat'>6⁰</span> <span class='ocrx_word' id='word_1_22' title='bbox 960 451 1084 512; x_wconf 81' lang='lat' dir='ltr'>Decreta</span> 
     </span>
     <span class='ocr_line' id='line_1_4' title="bbox 129 533 1083 620; baseline 0.005 -26"><span class='ocrx_word' id='word_1_23' title='bbox 129 556 145 594; x_wconf 73' lang='lat' dir='ltr'>a</span> <span class='ocrx_word' id='word_1_24' title='bbox 164 533 257 610; x_wconf 92' lang='lat' dir='ltr'>lium,</span> <span class='ocrx_word' id='word_1_25' title='bbox 273 553 300 595; x_wconf 92' lang='lat' dir='ltr'>v.</span> <span class='ocrx_word' id='word_1_26' title='bbox 318 555 361 616; x_wconf 84' lang='lat' dir='ltr'>g.‚</span> <span class='ocrx_word' id='word_1_27' title='bbox 377 535 409 596; x_wconf 88' lang='lat' dir='ltr'>C.</span> <span class='ocrx_word' id='word_1_28' title='bbox 428 534 548 610; x_wconf 80' lang='lat' dir='ltr'>Gratia,</span> <span class='ocrx_word' id='word_1_29' title='bbox 565 535 600 598; x_wconf 88' lang='lat' dir='ltr'>de</span> <span class='ocrx_word' id='word_1_30' title='bbox 613 537 776 620; x_wconf 65' lang='lat' dir='ltr'>aeternus</span> <span class='ocrx_word' id='word_1_31' title='bbox 790 539 821 598; x_wconf 93' lang='lat' dir='ltr'>in</span> <span class='ocrx_word' id='word_1_32' title='bbox 835 541 878 600; x_wconf 84' lang='lat'>6⁰.</span> <span class='ocrx_word' id='word_1_33' title='bbox 895 537 987 598; x_wconf 82' lang='lat' dir='ltr'>idest</span> <span class='ocrx_word' id='word_1_34' title='bbox 1004 540 1083 618; x_wconf 78' lang='lat' dir='ltr'>capit</span> 
     </span>
     <span class='ocr_line' id='line_1_5' title="bbox 129 620 1096 718; baseline 0.008 -36"><span class='ocrx_word' id='word_1_35' title='bbox 129 645 145 682; x_wconf 73' lang='lat' dir='ltr'>e</span> <span class='ocrx_word' id='word_1_36' title='bbox 165 620 274 685; x_wconf 79' lang='lat' dir='ltr'>Gratia</span> <span class='ocrx_word' id='word_1_37' title='bbox 295 623 327 684; x_wconf 92' lang='lat' dir='ltr'>in</span> <span class='ocrx_word' id='word_1_38' title='bbox 341 623 427 686; x_wconf 87' lang='lat' dir='ltr'>titulo</span> <span class='ocrx_word' id='word_1_39' title='bbox 447 623 483 686; x_wconf 81' lang='lat' dir='ltr'>de</span> <span class='ocrx_word' id='word_1_40' title='bbox 505 625 688 718; x_wconf 64' lang='lat' dir='ltr'>Rescripta,</span> <span class='ocrx_word' id='word_1_41' title='bbox 713 629 745 687; x_wconf 90' lang='lat' dir='ltr'>in</span> <span class='ocrx_word' id='word_1_42' title='bbox 765 634 849 688; x_wconf 83' lang='lat' dir='ltr'>sexto</span> <span class='ocrx_word' id='word_1_43' title='bbox 865 625 942 688; x_wconf 93' lang='lat' dir='ltr'>libro</span> <span class='ocrx_word' id='word_1_44' title='bbox 960 627 1096 690; x_wconf 80' lang='lat' dir='ltr'>Decreta·</span> 
     </span>
     <span class='ocr_line' id='line_1_6' title="bbox 125 701 1096 784; baseline 0.006 -24"><span class='ocrx_word' id='word_1_45' title='bbox 125 725 137 760; x_wconf 78' lang='lat' dir='ltr'>i</span> <span class='ocrx_word' id='word_1_46' title='bbox 159 703 247 764; x_wconf 90' lang='lat' dir='ltr'>lium.</span> <span class='ocrx_word' id='word_1_47' title='bbox 262 702 450 772; x_wconf 84' lang='lat' dir='ltr'>Ouaerendus</span> <span class='ocrx_word' id='word_1_48' title='bbox 460 721 533 784; x_wconf 84' lang='lat' dir='ltr'>ergo</span> <span class='ocrx_word' id='word_1_49' title='bbox 547 710 592 766; x_wconf 89' lang='lat' dir='ltr'>est</span> <span class='ocrx_word' id='word_1_50' title='bbox 605 723 636 766; x_wconf 92' lang='lat' dir='ltr'>m</span> <span class='ocrx_word' id='word_1_51' title='bbox 651 703 785 766; x_wconf 84' lang='lat' dir='ltr'>indiculo</span> <span class='ocrx_word' id='word_1_52' title='bbox 796 701 983 782; x_wconf 76' lang='lat' dir='ltr'>alphabetico</span> <span class='ocrx_word' id='word_1_53' title='bbox 998 703 1096 768; x_wconf 73' lang='lat' dir='ltr'>titulo·</span> 
     </span>
    </p>
   </div>
   <div class='ocr_carea' id='block_1_3' title="bbox 90 787 1190 3186">
    <p class='ocr_par' dir='ltr' id='par_1_3' title="bbox 123 787 1096 1031">
     <span class='ocr_line' id='line_1_7' title="bbox 128 787 1095 872; baseline 0.002 -22"><span class='ocrx_word' id='word_1_54' title='bbox 128 813 140 850; x_wconf 83' lang='grc' dir='ltr'>ι</span> <span class='ocrx_word' id='word_1_55' title='bbox 158 808 229 852; x_wconf 93' lang='lat' dir='ltr'>rum</span> <span class='ocrx_word' id='word_1_56' title='bbox 245 790 337 860; x_wconf 88' lang='lat' dir='ltr'>Sexti,</span> <span class='ocrx_word' id='word_1_57' title='bbox 351 791 389 852; x_wconf 91' lang='lat' dir='ltr'>ad</span> <span class='ocrx_word' id='word_1_58' title='bbox 404 791 532 853; x_wconf 78' lang='lat' dir='ltr'>litteram</span> <span class='ocrx_word' id='word_1_59' title='bbox 547 795 584 870; x_wconf 87' lang='lat' dir='ltr'>R,</span> <span class='ocrx_word' id='word_1_60' title='bbox 599 793 704 854; x_wconf 90' lang='lat' dir='ltr'>titulus</span> <span class='ocrx_word' id='word_1_61' title='bbox 720 791 761 854; x_wconf 85' lang='lat' dir='ltr'>De</span> <span class='ocrx_word' id='word_1_62' title='bbox 775 791 954 872; x_wconf 62' lang='lat' dir='ltr'>Rescriptis,</span> <span class='ocrx_word' id='word_1_63' title='bbox 970 796 1000 852; x_wconf 90' lang='lat' dir='ltr'>et</span> <span class='ocrx_word' id='word_1_64' title='bbox 1014 787 1095 852; x_wconf 83' lang='lat' dir='ltr'>indi-</span> 
     </span>
     <span class='ocr_line' id='line_1_8' title="bbox 123 878 1096 962; baseline 0.004 -24"><span class='ocrx_word' id='word_1_65' title='bbox 123 902 138 938; x_wconf 75' lang='grc' dir='ltr'><strong>α</strong></span> <span class='ocrx_word' id='word_1_66' title='bbox 159 879 249 942; x_wconf 88' lang='lat' dir='ltr'>aulus</span> <span class='ocrx_word' id='word_1_67' title='bbox 268 878 389 941; x_wconf 83' lang='lat' dir='ltr'>docebit</span> <span class='ocrx_word' id='word_1_68' title='bbox 405 879 487 942; x_wconf 88' lang='lat' dir='ltr'>hunc</span> <span class='ocrx_word' id='word_1_69' title='bbox 507 881 629 943; x_wconf 88' lang='lat' dir='ltr'>titulum</span> <span class='ocrx_word' id='word_1_70' title='bbox 651 899 716 944; x_wconf 88' lang='lat' dir='ltr'>esse</span> <span class='ocrx_word' id='word_1_71' title='bbox 735 881 856 944; x_wconf 90' lang='lat' dir='ltr'>tertium</span> <span class='ocrx_word' id='word_1_72' title='bbox 872 879 961 962; x_wconf 87' lang='lat' dir='ltr'>primi</span> <span class='ocrx_word' id='word_1_73' title='bbox 982 878 1096 942; x_wconf 91' lang='lat' dir='ltr'>libriin</span> 
     </span>
     <span class='ocr_line' id='line_1_9' title="bbox 124 970 820 1031; baseline 0.003 -4"><span class='ocrx_word' id='word_1_74' title='bbox 124 993 138 1027; x_wconf 75' lang='lat' dir='ltr'>u</span> <span class='ocrx_word' id='word_1_75' title='bbox 159 970 263 1031; x_wconf 73' lang='lat' dir='ltr'>Sexto.</span> <span class='ocrx_word' id='word_1_76' title='bbox 817 983 820 988; x_wconf 90' lang='lat'>&#39;</span> 
     </span>
    </p>

    <p class='ocr_par' dir='ltr' id='par_1_4' title="bbox 124 1057 1098 1494">
     <span class='ocr_line' id='line_1_10' title="bbox 161 1057 1092 1138; baseline 0 -18"><span class='ocrx_word' id='word_1_77' title='bbox 161 1061 231 1120; x_wconf 82' lang='lat'><strong>138.</strong></span> <span class='ocrx_word' id='word_1_78' title='bbox 259 1059 345 1119; x_wconf 80' lang='lat' dir='ltr'>«lx.</span> <span class='ocrx_word' id='word_1_79' title='bbox 369 1057 564 1132; x_wconf 86' lang='lat' dir='ltr'>Clementinaa</span> <span class='ocrx_word' id='word_1_80' title='bbox 576 1058 744 1138; x_wconf 83' lang='lat' dir='ltr'>allegantur</span> <span class='ocrx_word' id='word_1_81' title='bbox 764 1059 829 1120; x_wconf 86' lang='lat' dir='ltr'>sia:</span> <span class='ocrx_word' id='word_1_82' title='bbox 857 1059 953 1122; x_wconf 77' lang='lat' dir='ltr'>Ciam.</span> <span class='ocrx_word' id='word_1_83' title='bbox 983 1060 1092 1122; x_wconf 80' lang='lat' dir='ltr'>Multo</span> 
     </span>
     <span class='ocr_line' id='line_1_11' title="bbox 124 1145 1098 1230; baseline 0.003 -24"><span class='ocrx_word' id='word_1_84' title='bbox 124 1171 139 1206; x_wconf 80' lang='grc' dir='ltr'>α</span> <span class='ocrx_word' id='word_1_85' title='bbox 160 1168 248 1218; x_wconf 83' lang='lat' dir='ltr'>rom,</span> <span class='ocrx_word' id='word_1_86' title='bbox 265 1145 300 1208; x_wconf 88' lang='lat' dir='ltr'>de</span> <span class='ocrx_word' id='word_1_87' title='bbox 314 1147 435 1208; x_wconf 81' lang='lat' dir='ltr'>Poenis:</span> <span class='ocrx_word' id='word_1_88' title='bbox 455 1146 485 1208; x_wconf 90' lang='lat' dir='ltr'>id</span> <span class='ocrx_word' id='word_1_89' title='bbox 503 1153 548 1208; x_wconf 85' lang='lat' dir='ltr'>est</span> <span class='ocrx_word' id='word_1_90' title='bbox 571 1147 650 1210; x_wconf 88' lang='lat' dir='ltr'>inter</span> <span class='ocrx_word' id='word_1_91' title='bbox 677 1147 902 1222; x_wconf 79' lang='lat' dir='ltr'>Clementiana,</span> <span class='ocrx_word' id='word_1_92' title='bbox 932 1149 1098 1230; x_wconf 83' lang='lat' dir='ltr'>capitulum</span> 
     </span>
     <span class='ocr_line' id='line_1_12' title="bbox 124 1235 1096 1317; baseline 0.001 -22"><span class='ocrx_word' id='word_1_93' title='bbox 124 1260 138 1295; x_wconf 75' lang='lat' dir='ltr'>a</span> <span class='ocrx_word' id='word_1_94' title='bbox 161 1235 330 1297; x_wconf 84' lang='lat' dir='ltr'>Multorum</span> <span class='ocrx_word' id='word_1_95' title='bbox 345 1235 422 1297; x_wconf 87' lang='lat' dir='ltr'>tituli</span> <span class='ocrx_word' id='word_1_96' title='bbox 437 1235 471 1296; x_wconf 84' lang='lat' dir='ltr'>de</span> <span class='ocrx_word' id='word_1_97' title='bbox 486 1235 588 1299; x_wconf 77' lang='lat' dir='ltr'>Ptenis</span> <span class='ocrx_word' id='word_1_98' title='bbox 604 1257 612 1311; x_wconf 93' lang='lat'>;</span> <span class='ocrx_word' id='word_1_99' title='bbox 629 1237 811 1317; x_wconf 85' lang='lat' dir='ltr'>quaerendus</span> <span class='ocrx_word' id='word_1_100' title='bbox 825 1236 927 1299; x_wconf 90' lang='lat' dir='ltr'>titulus</span> <span class='ocrx_word' id='word_1_101' title='bbox 946 1237 981 1299; x_wconf 85' lang='lat' dir='ltr'>de</span> <span class='ocrx_word' id='word_1_102' title='bbox 994 1237 1096 1300; x_wconf 76' lang='lat' dir='ltr'>Ptenis</span> 
     </span>
     <span class='ocr_line' id='line_1_13' title="bbox 124 1325 1098 1405; baseline 0.001 -21"><span class='ocrx_word' id='word_1_103' title='bbox 124 1349 139 1384; x_wconf 77' lang='lat' dir='ltr'>a</span> <span class='ocrx_word' id='word_1_104' title='bbox 162 1326 193 1386; x_wconf 91' lang='lat' dir='ltr'>in</span> <span class='ocrx_word' id='word_1_105' title='bbox 210 1325 344 1386; x_wconf 82' lang='lat' dir='ltr'>indiculo</span> <span class='ocrx_word' id='word_1_106' title='bbox 358 1325 516 1388; x_wconf 87' lang='lat' dir='ltr'>titulorum</span> <span class='ocrx_word' id='word_1_107' title='bbox 528 1344 583 1405; x_wconf 88' lang='lat' dir='ltr'>pro</span> <span class='ocrx_word' id='word_1_108' title='bbox 599 1325 816 1402; x_wconf 87' lang='lat' dir='ltr'>Clementinis‚</span> <span class='ocrx_word' id='word_1_109' title='bbox 841 1332 869 1387; x_wconf 83' lang='lat' dir='ltr'>el</span> <span class='ocrx_word' id='word_1_110' title='bbox 895 1325 935 1386; x_wconf 91' lang='lat' dir='ltr'>ibi</span> <span class='ocrx_word' id='word_1_111' title='bbox 957 1332 1098 1388; x_wconf 83' lang='lat' dir='ltr'>monetur</span> 
     </span>
     <span class='ocr_line' id='line_1_14' title="bbox 124 1413 995 1494; baseline 0.005 -22"><span class='ocrx_word' id='word_1_112' title='bbox 124 1438 138 1472; x_wconf 76' lang='lat' dir='ltr'>a</span> <span class='ocrx_word' id='word_1_113' title='bbox 163 1415 246 1476; x_wconf 80' lang='lat' dir='ltr'>liuno</span> <span class='ocrx_word' id='word_1_114' title='bbox 259 1413 381 1476; x_wconf 90' lang='lat' dir='ltr'>titulum</span> <span class='ocrx_word' id='word_1_115' title='bbox 395 1432 460 1476; x_wconf 84' lang='lat' dir='ltr'>esse</span> <span class='ocrx_word' id='word_1_116' title='bbox 472 1417 507 1492; x_wconf 89' lang='lat'>8,</span> <span class='ocrx_word' id='word_1_117' title='bbox 530 1413 597 1475; x_wconf 89' lang='lat' dir='ltr'>libri</span> <span class='ocrx_word' id='word_1_118' title='bbox 612 1414 711 1494; x_wconf 86' lang='lat' dir='ltr'>quinti</span> <span class='ocrx_word' id='word_1_119' title='bbox 725 1415 995 1477; x_wconf 86' lang='lat' dir='ltr'>Clementinarum.</span> 
     </span>
    </p>

    <p class='ocr_par' dir='ltr' id='par_1_5' title="bbox 90 1498 1190 1851">
     <span class='ocr_line' id='line_1_15' title="bbox 163 1498 1096 1584; baseline 0.001 -18"><span class='ocrx_word' id='word_1_120' title='bbox 163 1507 234 1566; x_wconf 77' lang='lat'><strong>139.</strong></span> <span class='ocrx_word' id='word_1_121' title='bbox 263 1529 274 1558; x_wconf 72' lang='grc' dir='ltr'>ι</span> <span class='ocrx_word' id='word_1_122' title='bbox 298 1505 335 1564; x_wconf 88' lang='grc' dir='ltr'>Χ.</span> <span class='ocrx_word' id='word_1_123' title='bbox 359 1504 592 1584; x_wconf 82' lang='lat' dir='ltr'>Extravaganles</span> <span class='ocrx_word' id='word_1_124' title='bbox 611 1498 1002 1584; x_wconf 82' lang='lat' dir='ltr'>loannisXXllallegantur</span> <span class='ocrx_word' id='word_1_125' title='bbox 1030 1503 1096 1567; x_wconf 81' lang='lat' dir='ltr'>sio:</span> 
     </span>
     <span class='ocr_line' id='line_1_16' title="bbox 126 1589 1190 1673; baseline 0 -21"><span class='ocrx_word' id='word_1_126' title='bbox 126 1617 141 1652; x_wconf 77' lang='lat' dir='ltr'>u</span> <span class='ocrx_word' id='word_1_127' title='bbox 162 1595 285 1654; x_wconf 82' lang='lat' dir='ltr'>Extrav.</span> <span class='ocrx_word' id='word_1_128' title='bbox 314 1590 473 1669; x_wconf 80' lang='lat' dir='ltr'>Ecclesioe,</span> <span class='ocrx_word' id='word_1_129' title='bbox 488 1591 523 1653; x_wconf 85' lang='lat' dir='ltr'>de</span> <span class='ocrx_word' id='word_1_130' title='bbox 533 1591 644 1673; x_wconf 84' lang='lat' dir='ltr'>Major.</span> <span class='ocrx_word' id='word_1_131' title='bbox 660 1599 687 1653; x_wconf 88' lang='lat' dir='ltr'>et</span> <span class='ocrx_word' id='word_1_132' title='bbox 703 1589 791 1653; x_wconf 78' lang='lat' dir='ltr'>oted.</span> <span class='ocrx_word' id='word_1_133' title='bbox 809 1613 816 1666; x_wconf 90' lang='lat'>;</span> <span class='ocrx_word' id='word_1_134' title='bbox 834 1590 864 1651; x_wconf 91' lang='lat' dir='ltr'>id</span> <span class='ocrx_word' id='word_1_135' title='bbox 879 1599 934 1665; x_wconf 87' lang='lat' dir='ltr'>est,</span> <span class='ocrx_word' id='word_1_136' title='bbox 949 1592 1027 1652; x_wconf 87' lang='lat' dir='ltr'>inter</span> <span class='ocrx_word' id='word_1_137' title='bbox 1039 1593 1098 1653; x_wconf 83' lang='lat' dir='ltr'>Ex·</span> <span class='ocrx_word' id='word_1_138' title='bbox 1181 1645 1190 1652; x_wconf 70' lang='grc'>,</span> 
     </span>
     <span class='ocr_line' id='line_1_17' title="bbox 127 1678 1100 1761; baseline 0.002 -21"><span class='ocrx_word' id='word_1_139' title='bbox 127 1706 142 1740; x_wconf 79' lang='grc' dir='ltr'>α</span> <span class='ocrx_word' id='word_1_140' title='bbox 163 1686 353 1761; x_wconf 82' lang='lat' dir='ltr'>travagantes</span> <span class='ocrx_word' id='word_1_141' title='bbox 365 1682 493 1742; x_wconf 84' lang='lat' dir='ltr'>ioannis</span> <span class='ocrx_word' id='word_1_142' title='bbox 507 1682 606 1756; x_wconf 80' lang='lat' dir='ltr'>xxti,</span> <span class='ocrx_word' id='word_1_143' title='bbox 630 1679 797 1759; x_wconf 86' lang='lat' dir='ltr'>capitulum</span> <span class='ocrx_word' id='word_1_144' title='bbox 811 1678 956 1742; x_wconf 84' lang='lat' dir='ltr'>Ecclesioe</span> <span class='ocrx_word' id='word_1_145' title='bbox 970 1679 1001 1740; x_wconf 92' lang='lat' dir='ltr'>in</span> <span class='ocrx_word' id='word_1_146' title='bbox 1014 1680 1100 1742; x_wconf 87' lang='lat' dir='ltr'>titulo</span> 
     </span>
     <span class='ocr_line' id='line_1_18' title="bbox 90 1768 638 1851; baseline 0 -21"><span class='ocrx_word' id='word_1_147' title='bbox 90 1826 93 1830; x_wconf 84' lang='lat'>.</span> <span class='ocrx_word' id='word_1_148' title='bbox 127 1793 142 1832; x_wconf 77' lang='grc' dir='ltr'><strong><em>α</em></strong></span> <span class='ocrx_word' id='word_1_149' title='bbox 163 1771 200 1832; x_wconf 82' lang='lat' dir='ltr'>de</span> <span class='ocrx_word' id='word_1_150' title='bbox 212 1769 390 1851; x_wconf 85' lang='lat' dir='ltr'>Majoritote</span> <span class='ocrx_word' id='word_1_151' title='bbox 403 1778 432 1830; x_wconf 87' lang='lat' dir='ltr'>et</span> <span class='ocrx_word' id='word_1_152' title='bbox 454 1768 638 1832; x_wconf 76' lang='lat' dir='ltr'>Obedientiti.</span> 
     </span>
    </p>

    <p class='ocr_par' dir='ltr' id='par_1_6' title="bbox 128 1858 1103 2368">
     <span class='ocr_line' id='line_1_19' title="bbox 166 1858 1099 1940; baseline -0.004 -18"><span class='ocrx_word' id='word_1_153' title='bbox 166 1863 236 1922; x_wconf 82' lang='lat' dir='ltr'>ilO.</span> <span class='ocrx_word' id='word_1_154' title='bbox 265 1881 281 1917; x_wconf 81' lang='lat' dir='ltr'>a</span> <span class='ocrx_word' id='word_1_155' title='bbox 301 1861 350 1920; x_wconf 89' lang='lat' dir='ltr'>XI.</span> <span class='ocrx_word' id='word_1_156' title='bbox 375 1861 607 1939; x_wconf 83' lang='lat' dir='ltr'>Extravagantes</span> <span class='ocrx_word' id='word_1_157' title='bbox 631 1859 815 1921; x_wconf 85' lang='lat' dir='ltr'>Communes</span> <span class='ocrx_word' id='word_1_158' title='bbox 842 1858 884 1921; x_wconf 85' lang='lat' dir='ltr'>sia</span> <span class='ocrx_word' id='word_1_159' title='bbox 908 1858 1099 1940; x_wconf 75' lang='lat' dir='ltr'>allegantur:</span> 
     </span>
     <span class='ocr_line' id='line_1_20' title="bbox 128 1945 1100 2029; baseline -0.003 -19"><span class='ocrx_word' id='word_1_160' title='bbox 128 1975 144 2010; x_wconf 77' lang='lat' dir='ltr'>a</span> <span class='ocrx_word' id='word_1_161' title='bbox 166 1951 289 2010; x_wconf 81' lang='lat' dir='ltr'>Extrav.</span> <span class='ocrx_word' id='word_1_162' title='bbox 307 1949 423 2010; x_wconf 82' lang='lat' dir='ltr'>Corum.</span> <span class='ocrx_word' id='word_1_163' title='bbox 440 1946 533 2023; x_wconf 83' lang='lat' dir='ltr'>Etsi,</span> <span class='ocrx_word' id='word_1_164' title='bbox 546 1945 581 2009; x_wconf 88' lang='lat' dir='ltr'>de</span> <span class='ocrx_word' id='word_1_165' title='bbox 595 1947 752 2011; x_wconf 71' lang='lat' dir='ltr'>Probini.</span> <span class='ocrx_word' id='word_1_166' title='bbox 769 1955 799 2010; x_wconf 93' lang='lat' dir='ltr'>et</span> <span class='ocrx_word' id='word_1_167' title='bbox 817 1948 963 2029; x_wconf 66' lang='lat' dir='ltr'>Dionit.;</span> <span class='ocrx_word' id='word_1_168' title='bbox 989 1947 1100 2008; x_wconf 89' lang='lat' dir='ltr'>idest:</span> 
     </span>
     <span class='ocr_line' id='line_1_21' title="bbox 128 2035 1103 2118; baseline -0.005 -18"><span class='ocrx_word' id='word_1_169' title='bbox 128 2063 144 2100; x_wconf 74' lang='lat' dir='ltr'>a</span> <span class='ocrx_word' id='word_1_170' title='bbox 166 2040 249 2100; x_wconf 89' lang='lat' dir='ltr'>inter</span> <span class='ocrx_word' id='word_1_171' title='bbox 263 2039 508 2117; x_wconf 78' lang='lat' dir='ltr'>ExtravaganteS,</span> <span class='ocrx_word' id='word_1_172' title='bbox 531 2036 697 2118; x_wconf 88' lang='lat' dir='ltr'>capitulum</span> <span class='ocrx_word' id='word_1_173' title='bbox 712 2036 803 2114; x_wconf 82' lang='lat' dir='ltr'>Etsi,</span> <span class='ocrx_word' id='word_1_174' title='bbox 821 2036 851 2098; x_wconf 94' lang='lat' dir='ltr'>in</span> <span class='ocrx_word' id='word_1_175' title='bbox 866 2037 951 2098; x_wconf 93' lang='lat' dir='ltr'>titulo</span> <span class='ocrx_word' id='word_1_176' title='bbox 962 2035 1006 2098; x_wconf 82' lang='lat' dir='ltr'>De</span> <span class='ocrx_word' id='word_1_177' title='bbox 1021 2037 1103 2096; x_wconf 79' lang='lat' dir='ltr'>Pru-</span> 
     </span>
     <span class='ocr_line' id='line_1_22' title="bbox 129 2124 1103 2206; baseline -0.004 -18"><span class='ocrx_word' id='word_1_178' title='bbox 129 2152 144 2187; x_wconf 80' lang='lat' dir='ltr'>u</span> <span class='ocrx_word' id='word_1_179' title='bbox 168 2125 270 2188; x_wconf 79' lang='lat' dir='ltr'>bandis</span> <span class='ocrx_word' id='word_1_180' title='bbox 282 2133 311 2186; x_wconf 87' lang='lat' dir='ltr'>et</span> <span class='ocrx_word' id='word_1_181' title='bbox 331 2124 557 2206; x_wconf 69' lang='lat' dir='ltr'>Dionitutibos,</span> <span class='ocrx_word' id='word_1_182' title='bbox 572 2124 624 2206; x_wconf 91' lang='lat' dir='ltr'>qui</span> <span class='ocrx_word' id='word_1_183' title='bbox 634 2125 738 2188; x_wconf 86' lang='lat' dir='ltr'>titulus</span> <span class='ocrx_word' id='word_1_184' title='bbox 750 2125 896 2206; x_wconf 87' lang='lat' dir='ltr'>quaesitus</span> <span class='ocrx_word' id='word_1_185' title='bbox 908 2125 939 2186; x_wconf 95' lang='lat' dir='ltr'>in</span> <span class='ocrx_word' id='word_1_186' title='bbox 955 2125 1103 2200; x_wconf 79' lang='lat' dir='ltr'>indiculo,</span> 
     </span>
     <span class='ocr_line' id='line_1_23' title="bbox 129 2213 1103 2296; baseline -0.006 -18"><span class='ocrx_word' id='word_1_187' title='bbox 129 2241 146 2278; x_wconf 76' lang='grc' dir='ltr'><em>α</em></span> <span class='ocrx_word' id='word_1_188' title='bbox 169 2215 321 2296; x_wconf 84' lang='lat' dir='ltr'>reperitur</span> <span class='ocrx_word' id='word_1_189' title='bbox 344 2232 409 2276; x_wconf 85' lang='lat' dir='ltr'>esse</span> <span class='ocrx_word' id='word_1_190' title='bbox 434 2213 586 2276; x_wconf 86' lang='lat' dir='ltr'>secundus</span> <span class='ocrx_word' id='word_1_191' title='bbox 622 2214 690 2275; x_wconf 87' lang='lat' dir='ltr'>libri</span> <span class='ocrx_word' id='word_1_192' title='bbox 723 2214 803 2276; x_wconf 84' lang='lat' dir='ltr'>tertii</span> <span class='ocrx_word' id='word_1_193' title='bbox 838 2213 1103 2293; x_wconf 81' lang='lat' dir='ltr'>Extravaganlium</span> 
     </span>
     <span class='ocr_line' id='line_1_24' title="bbox 130 2303 400 2368; baseline -0.007 0"><span class='ocrx_word' id='word_1_194' title='bbox 130 2303 400 2368; x_wconf 78' lang='lat' dir='ltr'>«Communium.</span> 
     </span>
    </p>

    <p class='ocr_par' dir='ltr' id='par_1_7' title="bbox 127 2388 1106 2561">
     <span class='ocr_line' id='line_1_25' title="bbox 172 2388 1106 2473; baseline -0.007 -17"><span class='ocrx_word' id='word_1_195' title='bbox 172 2416 190 2456; x_wconf 77' lang='lat' dir='ltr'>u</span> <span class='ocrx_word' id='word_1_196' title='bbox 211 2394 277 2455; x_wconf 88' lang='lat' dir='ltr'><strong>XII.</strong></span> <span class='ocrx_word' id='word_1_197' title='bbox 301 2390 391 2453; x_wconf 89' lang='lat' dir='ltr'>Liber</span> <span class='ocrx_word' id='word_1_198' title='bbox 407 2392 559 2473; x_wconf 83' lang='lat' dir='ltr'>Septimus</span> <span class='ocrx_word' id='word_1_199' title='bbox 568 2390 770 2454; x_wconf 86' lang='lat' dir='ltr'>Decrelalium</span> <span class='ocrx_word' id='word_1_200' title='bbox 780 2389 936 2470; x_wconf 78' lang='lat' dir='ltr'>allegatur,</span> <span class='ocrx_word' id='word_1_201' title='bbox 947 2388 1024 2450; x_wconf 85' lang='lat' dir='ltr'>sicut</span> <span class='ocrx_word' id='word_1_202' title='bbox 1039 2390 1106 2450; x_wconf 82' lang='lat' dir='ltr'>Sax-</span> 
     </span>
     <span class='ocr_line' id='line_1_26' title="bbox 127 2479 1079 2561; baseline -0.012 -13"><span class='ocrx_word' id='word_1_203' title='bbox 127 2492 192 2559; x_wconf 87' lang='lat' dir='ltr'>lus,</span> <span class='ocrx_word' id='word_1_204' title='bbox 204 2486 331 2560; x_wconf 84' lang='lat' dir='ltr'>excepto</span> <span class='ocrx_word' id='word_1_205' title='bbox 346 2479 428 2561; x_wconf 78' lang='lat' dir='ltr'>quod</span> <span class='ocrx_word' id='word_1_206' title='bbox 460 2487 589 2560; x_wconf 86' lang='lat' dir='ltr'>ponatur</span> <span class='ocrx_word' id='word_1_207' title='bbox 603 2480 690 2542; x_wconf 75' lang='lat' dir='ltr'>in-70.</span> <span class='ocrx_word' id='word_1_208' title='bbox 1077 2493 1079 2499; x_wconf 89' lang='lat'>·</span> 
     </span>
    </p>

    <p class='ocr_par' dir='ltr' id='par_1_8' title="bbox 132 2567 1109 2738">
     <span class='ocr_line' id='line_1_27' title="bbox 175 2567 1109 2648; baseline -0.005 -15"><span class='ocrx_word' id='word_1_209' title='bbox 175 2593 192 2632; x_wconf 89' lang='lat'>«</span> <span class='ocrx_word' id='word_1_210' title='bbox 214 2569 419 2631; x_wconf 80' lang='lat' dir='ltr'>institutiones</span> <span class='ocrx_word' id='word_1_211' title='bbox 433 2569 584 2631; x_wconf 84' lang='lat' dir='ltr'>Lanaaloli</span> <span class='ocrx_word' id='word_1_212' title='bbox 595 2568 692 2630; x_wconf 84' lang='lat' dir='ltr'>rariirs</span> <span class='ocrx_word' id='word_1_213' title='bbox 702 2567 885 2648; x_wconf 80' lang='lat' dir='ltr'>allegantur,</span> <span class='ocrx_word' id='word_1_214' title='bbox 899 2567 970 2629; x_wconf 76' lang='lat' dir='ltr'>oiim</span> <span class='ocrx_word' id='word_1_215' title='bbox 983 2567 1109 2630; x_wconf 79' lang='lat' dir='ltr'>auctori-</span> 
     </span>
     <span class='ocr_line' id='line_1_28' title="bbox 132 2655 1105 2738; baseline -0.007 -16"><span class='ocrx_word' id='word_1_216' title='bbox 132 2685 148 2722; x_wconf 70' lang='grc' dir='ltr'><strong><em>α</em></strong></span> <span class='ocrx_word' id='word_1_217' title='bbox 171 2668 266 2722; x_wconf 89' lang='lat' dir='ltr'>tatem</span> <span class='ocrx_word' id='word_1_218' title='bbox 279 2676 340 2720; x_wconf 89' lang='lat' dir='ltr'>non</span> <span class='ocrx_word' id='word_1_219' title='bbox 352 2656 500 2718; x_wconf 75' lang='lat' dir='ltr'>habent.»</span> <span class='ocrx_word' id='word_1_220' title='bbox 515 2660 558 2720; x_wconf 87' lang='lat' dir='ltr'>lta</span> <span class='ocrx_word' id='word_1_221' title='bbox 568 2655 717 2731; x_wconf 86' lang='lat' dir='ltr'>Bouix,de</span> <span class='ocrx_word' id='word_1_222' title='bbox 734 2656 910 2736; x_wconf 79' lang='lat' dir='ltr'>Principiis,</span> <span class='ocrx_word' id='word_1_223' title='bbox 920 2676 951 2738; x_wconf 90' lang='lat' dir='ltr'>p.</span> <span class='ocrx_word' id='word_1_224' title='bbox 963 2660 1105 2718; x_wconf 76' lang='lat' dir='ltr'>tao-tat.</span> 
     </span>
    </p>

    <p class='ocr_par' dir='ltr' id='par_1_9' title="bbox 129 2744 1109 3186">
     <span class='ocr_line' id='line_1_29' title="bbox 173 2744 1108 2828; baseline -0.004 -18"><span class='ocrx_word' id='word_1_225' title='bbox 173 2748 327 2810; x_wconf 81' lang='lat' dir='ltr'>Caeterum</span> <span class='ocrx_word' id='word_1_226' title='bbox 350 2753 494 2826; x_wconf 88' lang='lat' dir='ltr'>tanquam</span> <span class='ocrx_word' id='word_1_227' title='bbox 514 2746 618 2826; x_wconf 81' lang='lat' dir='ltr'>regula</span> <span class='ocrx_word' id='word_1_228' title='bbox 633 2746 782 2828; x_wconf 82' lang='lat' dir='ltr'>generalis</span> <span class='ocrx_word' id='word_1_229' title='bbox 796 2745 899 2806; x_wconf 87' lang='lat' dir='ltr'>haberi</span> <span class='ocrx_word' id='word_1_230' title='bbox 914 2745 1026 2807; x_wconf 81' lang='lat' dir='ltr'>dehent</span> <span class='ocrx_word' id='word_1_231' title='bbox 1043 2744 1108 2806; x_wconf 87' lang='lat' dir='ltr'>haec</span> 
     </span>
     <span class='ocr_line' id='line_1_30' title="bbox 129 2833 1107 2918; baseline -0.007 -16"><span class='ocrx_word' id='word_1_232' title='bbox 129 2839 226 2904; x_wconf 80' lang='lat' dir='ltr'>uerba</span> <span class='ocrx_word' id='word_1_233' title='bbox 241 2835 360 2898; x_wconf 80' lang='lat' dir='ltr'>Cardin.</span> <span class='ocrx_word' id='word_1_234' title='bbox 383 2835 484 2916; x_wconf 83' lang='lat' dir='ltr'>Soglia</span> <span class='ocrx_word' id='word_1_235' title='bbox 510 2833 602 2918; x_wconf 85' lang='lat' dir='ltr'>(Ittst.</span> <span class='ocrx_word' id='word_1_236' title='bbox 629 2835 699 2896; x_wconf 82' lang='lat' dir='ltr'>Jur.</span> <span class='ocrx_word' id='word_1_237' title='bbox 719 2833 835 2916; x_wconf 78' lang='lat' dir='ltr'>publici</span> <span class='ocrx_word' id='word_1_238' title='bbox 849 2881 857 2908; x_wconf 88' lang='lat'>,</span> <span class='ocrx_word' id='word_1_239' title='bbox 873 2833 943 2914; x_wconf 73' lang='lat'>§58</span> <span class='ocrx_word' id='word_1_240' title='bbox 957 2834 989 2895; x_wconf 93' lang='lat' dir='ltr'>in</span> <span class='ocrx_word' id='word_1_241' title='bbox 1008 2833 1082 2916; x_wconf 84' lang='lat' dir='ltr'>line)</span> <span class='ocrx_word' id='word_1_242' title='bbox 1097 2851 1107 2895; x_wconf 81' lang='lat' dir='ltr'>t</span> 
     </span>
     <span class='ocr_line' id='line_1_31' title="bbox 135 2923 1108 3004; baseline -0.007 -13"><span class='ocrx_word' id='word_1_243' title='bbox 135 2952 152 2990; x_wconf 73' lang='lat' dir='ltr'>a</span> <span class='ocrx_word' id='word_1_244' title='bbox 173 2929 315 2991; x_wconf 86' lang='lat' dir='ltr'>Manet...</span> <span class='ocrx_word' id='word_1_245' title='bbox 327 2925 377 3004; x_wconf 86' lang='lat' dir='ltr'>jus</span> <span class='ocrx_word' id='word_1_246' title='bbox 391 2923 627 2987; x_wconf 81' lang='lat' dir='ltr'>ecclesiasticum</span> <span class='ocrx_word' id='word_1_247' title='bbox 650 2923 851 2986; x_wconf 83' lang='lat' dir='ltr'>Decretalium</span> <span class='ocrx_word' id='word_1_248' title='bbox 870 2923 900 2984; x_wconf 87' lang='lat' dir='ltr'>iu</span> <span class='ocrx_word' id='word_1_249' title='bbox 920 2925 973 2984; x_wconf 71' lang='lat' dir='ltr'>sua</span> <span class='ocrx_word' id='word_1_250' title='bbox 989 2941 1108 3002; x_wconf 86' lang='lat' dir='ltr'>posses·</span> 
     </span>
     <span class='ocr_line' id='line_1_32' title="bbox 136 3010 1109 3095; baseline -0.004 -17"><span class='ocrx_word' id='word_1_251' title='bbox 136 3040 154 3094; x_wconf 65' lang='grc' dir='ltr'><em>ᾳ</em></span> <span class='ocrx_word' id='word_1_252' title='bbox 174 3016 311 3091; x_wconf 89' lang='lat' dir='ltr'>sione,et</span> <span class='ocrx_word' id='word_1_253' title='bbox 321 3013 451 3095; x_wconf 86' lang='lat' dir='ltr'>illis,qui</span> <span class='ocrx_word' id='word_1_254' title='bbox 460 3013 511 3092; x_wconf 87' lang='lat' dir='ltr'>jus</span> <span class='ocrx_word' id='word_1_255' title='bbox 523 3010 1109 3095; x_wconf 78' lang='lat' dir='ltr'>particularecontrariuinpraeteudnnt,</span> 
     </span>
     <span class='ocr_line' id='line_1_33' title="bbox 132 3102 528 3186; baseline -0.018 -17"><span class='ocrx_word' id='word_1_256' title='bbox 132 3118 155 3186; x_wconf 66' lang='grc' dir='ltr'>(ι</span> <span class='ocrx_word' id='word_1_257' title='bbox 176 3103 335 3168; x_wconf 86' lang='lat' dir='ltr'>incumbet</span> <span class='ocrx_word' id='word_1_258' title='bbox 349 3102 497 3186; x_wconf 85' lang='lat' dir='ltr'>probatio.</span> <span class='ocrx_word' id='word_1_259' title='bbox 513 3123 528 3162; x_wconf 80' lang='lat' dir='ltr'>a</span> 
     </span>
    </p>
   </div>
   <div class='ocr_carea' id='block_1_4' title="bbox 579 3257 667 3338">
    <p class='ocr_par' dir='ltr' id='par_1_10' title="bbox 579 3257 667 3338">
     <span class='ocr_line' id='line_1_34' title="bbox 579 3257 667 3338; baseline 0.011 -19"><span class='ocrx_word' id='word_1_260' title='bbox 579 3257 598 3338; x_wconf 68' lang='grc' dir='ltr'><strong>ς</strong></span> <span class='ocrx_word' id='word_1_261' title='bbox 618 3259 667 3320; x_wconf 83' lang='lat' dir='ltr'>vi.</span> 
     </span>
    </p>
   </div>
   <div class='ocr_carea' id='block_1_5' title="bbox 408 3390 844 3476">
    <p class='ocr_par' dir='ltr' id='par_1_11' title="bbox 408 3390 844 3476">
     <span class='ocr_line' id='line_1_35' title="bbox 408 3390 844 3476; baseline 0.002 -21"><span class='ocrx_word' id='word_1_262' title='bbox 408 3393 450 3456; x_wconf 85' lang='lat' dir='ltr'>De</span> <span class='ocrx_word' id='word_1_263' title='bbox 466 3393 540 3476; x_wconf 84' lang='lat' dir='ltr'>jure</span> <span class='ocrx_word' id='word_1_264' title='bbox 558 3390 712 3454; x_wconf 72' lang='lat' dir='ltr'>novissimi</span> <span class='ocrx_word' id='word_1_265' title='bbox 724 3399 844 3457; x_wconf 80' lang='lat' dir='ltr'>statute..</span> 
     </span>
    </p>
   </div>
   <div class='ocr_carea' id='block_1_6' title="bbox 138 3534 1116 3797">
    <p class='ocr_par' dir='ltr' id='par_1_12' title="bbox 138 3534 1116 3797">
     <span class='ocr_line' id='line_1_36' title="bbox 180 3534 1115 3619; baseline -0.003 -15"><span class='ocrx_word' id='word_1_266' title='bbox 180 3543 250 3604; x_wconf 80' lang='lat' dir='ltr'>ltl.</span> <span class='ocrx_word' id='word_1_267' title='bbox 274 3541 365 3600; x_wconf 81' lang='lat' dir='ltr'>Extra</span> <span class='ocrx_word' id='word_1_268' title='bbox 385 3555 496 3618; x_wconf 81' lang='lat' dir='ltr'>corpus</span> <span class='ocrx_word' id='word_1_269' title='bbox 506 3537 583 3616; x_wconf 77' lang='lat' dir='ltr'>Juris</span> <span class='ocrx_word' id='word_1_270' title='bbox 597 3541 699 3598; x_wconf 87' lang='lat' dir='ltr'>extant</span> <span class='ocrx_word' id='word_1_271' title='bbox 712 3536 816 3598; x_wconf 82' lang='lat' dir='ltr'>multae</span> <span class='ocrx_word' id='word_1_272' title='bbox 830 3534 891 3598; x_wconf 88' lang='lat' dir='ltr'>sive</span> <span class='ocrx_word' id='word_1_273' title='bbox 906 3537 1038 3619; x_wconf 89' lang='lat' dir='ltr'>antiquae</span> <span class='ocrx_word' id='word_1_274' title='bbox 1052 3537 1115 3602; x_wconf 87' lang='lat' dir='ltr'>siva</span> 
     </span>
     <span class='ocr_line' id='line_1_37' title="bbox 138 3625 1116 3707; baseline -0.006 -13"><span class='ocrx_word' id='word_1_275' title='bbox 138 3635 279 3694; x_wconf 78' lang='lat' dir='ltr'>recentes</span> <span class='ocrx_word' id='word_1_276' title='bbox 305 3629 358 3689; x_wconf 88' lang='lat' dir='ltr'>SS.</span> <span class='ocrx_word' id='word_1_277' title='bbox 373 3627 431 3688; x_wconf 87' lang='lat' dir='ltr'>PP.</span> <span class='ocrx_word' id='word_1_278' title='bbox 448 3625 689 3701; x_wconf 58' lang='lat' dir='ltr'>constitutionem</span> <span class='ocrx_word' id='word_1_279' title='bbox 703 3643 784 3707; x_wconf 84' lang='lat' dir='ltr'>quae,</span> <span class='ocrx_word' id='word_1_280' title='bbox 796 3625 827 3686; x_wconf 91' lang='lat' dir='ltr'>in</span> <span class='ocrx_word' id='word_1_281' title='bbox 840 3625 875 3686; x_wconf 81' lang='lat' dir='ltr'>iis</span> <span class='ocrx_word' id='word_1_282' title='bbox 892 3645 960 3706; x_wconf 85' lang='lat' dir='ltr'>quae</span> <span class='ocrx_word' id='word_1_283' title='bbox 976 3645 1037 3687; x_wconf 90' lang='lat' dir='ltr'>non</span> <span class='ocrx_word' id='word_1_284' title='bbox 1053 3626 1116 3688; x_wconf 87' lang='lat' dir='ltr'>lue·</span> 
     </span>
     <span class='ocr_line' id='line_1_38' title="bbox 140 3713 1115 3797; baseline -0.011 -12"><span class='ocrx_word' id='word_1_285' title='bbox 140 3724 214 3785; x_wconf 86' lang='lat' dir='ltr'>runt</span> <span class='ocrx_word' id='word_1_286' title='bbox 226 3721 384 3794; x_wconf 86' lang='lat' dir='ltr'>revocata,</span> <span class='ocrx_word' id='word_1_287' title='bbox 405 3715 455 3796; x_wconf 83' lang='lat' dir='ltr'>jus</span> <span class='ocrx_word' id='word_1_288' title='bbox 469 3713 593 3778; x_wconf 77' lang='lat' dir='ltr'>laniunt.</span> <span class='ocrx_word' id='word_1_289' title='bbox 609 3716 645 3777; x_wconf 94' lang='lat' dir='ltr'>In</span> <span class='ocrx_word' id='word_1_290' title='bbox 664 3714 741 3778; x_wconf 89' lang='lat' dir='ltr'>libro</span> <span class='ocrx_word' id='word_1_291' title='bbox 769 3722 944 3797; x_wconf 83' lang='lat' dir='ltr'>nuncupato</span> <span class='ocrx_word' id='word_1_292' title='bbox 973 3715 1115 3794; x_wconf 61' lang='lat' dir='ltr'>Mannum</span> 
     </span>
    </p>
   </div>
   <div class='ocr_carea' id='block_1_7' title="bbox 0 0 1327 4228">
    <p class='ocr_par' dir='ltr' id='par_1_13' title="bbox 0 0 1327 4228">
     <span class='ocr_line' id='line_1_39' title="bbox 0 0 1327 4228; baseline 0 0"><span class='ocrx_word' id='word_1_293' title='bbox 0 0 1327 4228; x_wconf 95' lang='lat' dir='ltr'> </span> 
     </span>
    </p>
   </div>
  </div>
 </body>
</html>
