2616 4228
444 283 539 326 carun
559 282 743 326 euomuisse.
1037 263 1080 320 at}
1156 269 1159 277 ’

151 387 240 478 Ppob.
260 395 293 453 2⁰
309 392 363 453 Ec
378 393 515 454 conciliis
531 415 538 454 :
552 397 584 456 ln
599 395 806 474 probationem
818 392 1007 456 adducemus
1020 395 1083 452 tan·

108 475 177 539 liam
196 479 325 544 concilia
345 485 538 545 aecumenica
554 483 695 558 Lupdnn.
723 485 760 558 lt,
792 483 924 544 Florem.
941 488 971 542 et
987 478 1083 560 Velie.

90 622 94 628 .
145 569 283 630 Primum
303 569 346 630 sic
367 586 399 628 se
421 566 511 628 hebet
530 568 561 628 in
578 566 648 628 fidoi
669 565 854 648 professione
873 569 1046 630 Graecorum
1068 585 1077 630 t

109 680 125 716 ι
147 661 257 718 Sancte
274 659 410 718 Romana
425 655 556 718 Ecclesia
569 671 725 718 summum
740 661 769 716 et
781 655 904 735 plenum
917 656 1079 736 primatum

108 769 126 800 ιι
147 752 178 806 et
203 745 406 826 principatum
431 762 521 824 super
544 744 716 806 universam
742 743 907 806 Ecclesiam
934 744 1078 806 obtinet:

111 856 126 893 ι
147 851 240 914 quem
253 851 285 893 se
298 833 336 893 ab
351 833 416 912 ipse
427 831 557 894 Domino
572 833 602 892 in
616 832 651 893 Β.
666 831 766 906 Petro,
779 831 989 912 Apostolorum
1001 833 1081 911 prin·

110 945 127 981 ι
147 923 215 1002 cipe
235 927 264 982 et
284 922 410 994 vertice,
431 920 514 1000 cujus
533 927 681 982 nemaeus
695 920 841 1001 Pontifex
861 927 905 982 est
923 939 1079 996 successor,

111 1033 127 1070 ι
148 1029 214 1069 cum
232 1010 383 1090 potestatis
401 1007 586 1089 plenitudine
604 1009 754 1089 recepisse
773 1009 917 1070 veraciter
934 1008 1081 1070 ethemi-

112 1120 128 1157 r
149 1098 217 1158 liter
241 1098 468 1176 recognoscite
486 1097 532 1157 orl
559 1115 652 1176 quom
675 1103 772 1177 potest
787 1103 923 1176 gravatus
946 1097 1079 1178 quilibet,
1133 1171 1136 1177 r

113 1204 242 1266 «super
270 1185 398 1266 negotiis
419 1185 455 1246 ad
478 1185 713 1247 ecclesiasticum
737 1184 836 1247 forum
852 1185 1081 1266 pertinentibus
1173 1187 1181 1202 '

113 1299 129 1333 ι
150 1273 354 1355 appellare..‚‚
368 1281 396 1334 et
415 1274 513 1350 eidem
530 1291 637 1333 cinnes
649 1273 791 1334 Ecclesiae
801 1281 872 1334 sunt
886 1274 1039 1352 subjectae,
1054 1283 1082 1336 et

114 1385 129 1422 a
152 1363 285 1438 ipsarum
302 1361 415 1422 Praelati
431 1361 633 1445 obedientiam
648 1368 678 1422 et
695 1363 891 1424 reverentiam
911 1363 1079 1424 illidam.»

151 1470 339 1548 principatus
354 1487 444 1548 super
462 1468 636 1531 universam
649 1469 832 1544 Ecclesiam,
846 1470 894 1531 oni
909 1489 1026 1532 annexa
1040 1478 1082 1532 est

110 1557 268 1639 plenitudo
284 1557 451 1638 potestatis,
472 1557 521 1618 cui
540 1575 648 1618 omnes
661 1558 805 1620 Ecclesiae
817 1563 889 1620 sunt
902 1559 1043 1636 subjectae
1056 1568 1084 1620 ot

111 1649 246 1728 ipsarum
271 1645 387 1706 Praelati
412 1644 613 1706 obedientiam
641 1652 798 1722 praestant,
818 1646 856 1706 ad
875 1663 968 1725 quern
990 1655 1085 1726 potest

111 1743 251 1812 pravatus
271 1733 396 1814 quililmt
413 1733 584 1812 appellare,
599 1732 667 1794 talis
682 1733 869 1813 principatus
884 1734 1011 1795 includit
1024 1737 1084 1797 evi·

110 1823 218 1884 denter
231 1828 408 1902 potestatem
429 1821 623 1900 legislativam
639 1821 669 1882 in
686 1822 842 1884 universos
859 1822 972 1884 fideles.
993 1825 1086 1887 Porro

113 1912 178 1972 talis
191 1919 237 1971 est
250 1909 436 1989 principatus
451 1910 578 1970 Romani
592 1910 746 1972 Pontificis
760 1928 797 1972 ex
811 1911 944 1973 Concilio
954 1915 1086 1992 generali

113 1999 254 2079 lugdun.
270 1999 306 2058 ll.
322 2001 417 2078 Erg0,
430 2005 487 2096 elo.

152 2111 184 2168 2⁰
206 2107 376 2168 Concilium
389 2114 489 2168 autem
503 2107 643 2186 generale
657 2107 866 2170 Florentinum
881 2111 924 2171 sic
937 2109 1044 2172 habet:

157 2235 172 2270 ιι
194 2211 363 2272 Definimus
378 2213 517 2272 Sanctam
530 2212 731 2290 apostolicam
751 2215 860 2275 Sedem
873 2223 901 2276 et
916 2218 1086 2276 llomanum

116 2326 130 2359 ιι
154 2300 335 2362 Pontilloem
360 2300 390 2358 in
408 2301 584 2361 universnm
602 2301 708 2361 orbem
727 2309 829 2362 tenere
850 2303 1038 2383 primatum,
1059 2309 1089 2364 et

118 2415 131 2448 ιι
156 2391 257 2469 ipsum
275 2387 451 2448 Pontificem
461 2389 630 2448 Romanum
647 2406 852 2449 successorem
865 2409 930 2452 esso
945 2391 979 2450 Β.
997 2391 1086 2465 Petri,

119 2477 301 2558 «principis
336 2476 547 2553 Apostolorum
575 2483 605 2535 et
632 2494 737 2538 verum
771 2476 877 2538 Christi
914 2479 1086 2555 vicarium,

118 2591 133 2624 ι
154 2565 308 2643 totiusque
334 2563 478 2624 Ecclesiae
500 2570 610 2643 capul,
635 2570 664 2624 et
689 2565 826 2626 onnrium
850 2567 1088 2630 Christianorum

127 2677 135 2712 1
156 2659 275 2733 petrem
293 2661 322 2710 et
341 2651 496 2712 doctorem
518 2653 661 2721 existere,
679 2660 708 2713 et
729 2653 784 2734 ipsi
807 2655 836 2714 in
857 2655 891 2716 B.
912 2657 998 2717 Petro
1018 2677 1086 2736 pas-

123 2764 135 2800 ι
156 2741 268 2812 cendi,
285 2737 409 2818 regendi
425 2745 455 2798 ct
466 2738 654 2819 gubernandi
665 2740 863 2802 universalem
882 2743 1055 2818 Ecclesiam,
1071 2747 1089 2804 e

120 2851 134 2888 ι
156 2832 193 2892 D.
206 2830 244 2890 N.
259 2825 459 2890 JesuChristo
476 2827 596 2900 plenam
621 2834 796 2890 uclcsletcm
817 2829 953 2891 traditam
977 2849 1052 2892 esse.
1064 2856 1085 2906 ‚o

116 2903 224 2982 (Lelrb.
249 2911 270 2964 t.
295 2906 345 2975 13,
367 2906 427 2965 col.
451 2904 553 2984 lter).
579 2903 719 2964 -Plena
739 2909 869 2981 potestas
889 2897 1011 2980 regendi
1031 2897 1086 2956 alr-

117 3009 209 3071 uuam
235 2991 410 3053 societatem
432 2991 587 3053 evidenter
602 2991 745 3071 supponit
767 2989 973 3072 legislatisam.
995 2987 1087 3066 Ergo,

116 3089 164 3142 elc

156 3170 208 3232 Sic
219 3168 443 3230 landemVatic.
461 3169 554 3229 (lonc.
571 3189 577 3230 :
594 3169 647 3230 «si
659 3169 980 3248 quisdixeritlloman.
998 3161 1076 3223 Pont

124 3281 138 3316 ι
158 3271 219 3320 non
236 3257 384 3338 (liuttere).
403 3304 410 3319 .
433 3257 553 3337 plenam
569 3266 597 3318 et
615 3275 787 3338 supremam
807 3259 983 3336 potestatem
997 3250 1087 3328 juris·

124 3371 140 3406 ι
158 3349 230 3409 (liet.
248 3348 279 3406 in
296 3347 465 3407 nniversam
479 3347 644 3408 Ecclesiam
662 3394 682 3410 ..
707 3349 737 3408 in
753 3347 881 3407 rebus...
899 3359 967 3424 quae
982 3340 1018 3402 an
1031 3339 1087 3401 dis·

125 3460 140 3494 ι
160 3437 264 3516 ciplin.
280 3444 309 3496 et
324 3435 497 3513 regimen...
518 3435 662 3497 Ecclesiae
676 3435 825 3516 pertinent
841 3482 860 3495 ..
874 3439 925 3495 aut
939 3432 1016 3492 hanc
1030 3447 1091 3492 non

127 3547 141 3584 ι
160 3543 226 3586 esse
239 3525 424 3584 ordinariam
436 3532 465 3584 et
479 3524 681 3584 immediatam
697 3524 856 3585 anathema
871 3524 918 3584 sit.
942 3542 957 3580 a
1089 3583 1093 3589 ,

161 3616 211 3674 El.
228 3616 404 3676 Pnorosmm
418 3615 458 3674 ΞΡ.
468 3647 506 3659 -
517 3613 643 3674 Romani
655 3614 814 3693 Pontifices
823 3610 978 3695 possuutst'
990 3611 1092 3685 uelim,

16 3727 19 3776 ι
128 3700 236 3782 lepibus
246 3704 309 3762 suis
323 3703 470 3764 uur'crrsos
480 3701 582 3783 fidelos
593 3703 751 3777 devincire,
768 3703 876 3785 apsque
887 3701 1095 3782 cujuscumque

17 3801 18 3804 ’
130 3793 326 3864 receptatione.
