2562 4224
496 325 582 370 arara
604 325 721 372 ruinius.
1014 317 1016 322 ’
1042 314 1098 373 aaa

112 425 177 488 trio
198 424 314 487 licitum
329 431 408 486 esset
422 443 535 504 munus
556 422 645 496 ,suum
662 425 819 502 deserere,
837 425 895 488 hoc
915 435 1052 506 vergeret
1068 427 1099 488 in

115 512 244 579 ruinam
263 513 429 594 disciplinae
449 521 478 574 et
500 513 665 575 maximum
682 513 852 575 animarum
870 513 1098 579 detrimentum.

117 607 298 664 ttaomnes.
445 655 459 661 s,
757 597 781 666 s

160 690 379 761 attinuerit.
407 695 440 752 2⁰
462 687 606 760 Quanam
632 689 820 752 conditiones
845 691 1039 772 'requirantur
1067 699 1100 755 ut

116 777 218 839 valeat
233 777 415 840 renuntiatio
429 778 528 841 officii.
873 855 875 859 Ι

160 869 322 945 Βοερ;ἸΙί
344 867 439 928 valeat
466 866 648 928 renuntiatio
675 865 763 928 officii
790 868 845 929 tria
877 868 1099 949 requiruntur:

164 958 198 1016 10
212 953 297 1022 Quod
308 955 346 1017 sit
358 955 450 1016 libera
461 960 509 1030 ;2⁰
520 955 602 1035 qrrdd
612 959 650 1017 sit
661 956 807 1018 immunis
818 957 1111 1036 obonrntpactione-

93 1103 96 1109 ,
117 1043 310 1118 simoniaca3
325 1045 356 1104 3⁰
371 1044 480 1124 qu'odb
494 1045 627 1124 legitimo
642 1045 797 1125 superiore
810 1051 982 1126 acceptetur
999 1065 1006 1105 :

164 1135 197 1192 1⁰
219 1131 313 1194 Debet
326 1149 391 1193 esse
409 1132 522 1202 liberm
544 1131 670 1212 proinde
688 1151 748 1193 non
763 1139 877 1194 extorta
899 1133 1030 1213 pervim
1051 1141 1100 1197 aut

117 1217 242 1294 dolum,
254 1219 387 1301 alioquin
401 1228 479 1294 esset
489 1221 582 1296 nulia,
597 1221 621 1281 si
636 1238 720 1282 error
731 1227 809 1282 esset
822 1221 1034 1291 substantialis,
1052 1231 1101 1285 aut

119 1307 147 1368 si
159 1307 289 1375 omnino
303 1309 430 1388 penvim
445 1309 643 1389 perimeretur
657 1308 785 1370 liberum
802 1309 978 1385 arbitrium;
993 1310 1017 1370 si
1032 1311 1101 1372 verb

119 1395 229 1464 adsint
237 1397 421 1458 advertentia
437 1404 466 1458 et
483 1397 601 1458 libertas
615 1397 706 1458 modo
723 1397 900 1471 sufficienti,
922 1399 1101 1460 renuntiatio

120 1484 221 1545 aalide
234 1485 357 1566 quidem
370 1503 434 1547 esse
451 1485 560 1566 poterit
574 1483 659 1565 (narn
673 1493 776 1546 coacta
790 1486 927 1547 voluntas
941 1494 986 1547 est
1000 1493 1100 1548 tamen

119 1571 295 1650 voiuntas);
313 1573 364 1634 sed
379 1573 533 1634 rescisioni
548 1574 631 1634 locus
645 1591 710 1634 esse
728 1573 849 1653 poterit,
866 1590 904 1650 err
921 1592 988 1654 cap.
1005 1574 1103 1654 Super

120 1661 191 1736 troc,
207 1660 247 1720 Oe
258 1661 405 1736 Renunt.,·
414 1661 829 1742 elassa,vtnestpnattonaet
839 1678 876 1722 ex
885 1679 951 1741 cap.
963 1660 1100 1738 Abdara,

122 1749 169 1810 lte
185 1748 232 1808 lu's
245 1769 311 1830 puoe
325 1751 356 1810 ui
368 1759 420 1811 out
432 1759 527 1823 metu,
543 1756 601 1811 etc.
615 1767 624 1825 ;
640 1749 690 1810 ubi
709 1748 836 1811 dicitur:
857 1748 959 1820 «Quae
979 1756 1102 1812 metuet

126 1861 142 1894 a
164 1836 193 1897 vi
209 1835 286 1898 fiunt
298 1837 454 1899 debentin
469 1837 587 1899 irritum
599 1837 742 1898 revocari.
756 1859 771 1895 n
903 1849 908 1854 ·
1024 1854 1026 1860 ’

168 1947 185 1983 a
207 1928 274 1986 Non
291 1932 403 2001 autern,
420 1926 459 1986 ait
470 1927 610 2007 Lequeux
625 1925 671 2004 (n⁰
687 1926 770 2006 tto),
783 1927 845 1987 vim
857 1926 978 2008 proprie
992 1926 1102 1990 dictam

124 2038 141 2071 o
167 2014 228 2094 pati
243 2020 394 2090 censetur,
407 2014 433 2074 is
447 2014 520 2094 qni,
540 2014 676 2076 criminis
695 2015 766 2076 cbm
786 2015 824 2075 sit
838 2033 917 2090 reus,
934 2015 1038 2089 timet,
1056 2016 1102 2077 vel

124 2127 140 2159 a
163 2101 215 2164 oui
230 2102 321 2164 timor
333 2101 479 2164 incutitur
490 2119 527 2163 ne
542 2101 670 2183 juridice
683 2109 839 2165 accusetur
850 2109 880 2165 et
901 2120 939 2166 ne
955 2121 1008 2184 per
1031 2122 1102 2164 sen-

124 2214 140 2248 «
164 2190 291 2252 tentiam
313 2190 545 2271 ignominiosam
565 2191 706 2271 privetur.
723 2192 788 2252 lmd
803 2191 915 2269 pluries
928 2191 1102 2270 rejectafuit

100 2351 103 2356 Ι
125 2305 140 2334 a
164 2296 273 2339 eorum
295 2279 480 2352 reclamatio,
494 2279 546 2359 qui
563 2278 702 2340 dicebant
718 2297 749 2340 se
769 2280 951 2340 renuntiasse
969 2279 1006 2340 ed
1021 2281 1101 2359 quod

124 2391 140 2424 o
166 2367 239 2446 ipsis
262 2367 447 2430 incuteretur
466 2367 615 2429 accusatio
631 2365 711 2428 circa
729 2385 764 2428 ea
787 2367 935 2444 crimina,
954 2385 1023 2447 quae
1040 2385 1101 2429 non

123 2478 140 2512 a
165 2456 369 2534 importabant
384 2455 579 2535 privationem
592 2454 753 2533 juridicam
768 2454 918 2516 beneficii.
935 2472 957 2514 n·
975 2485 978 2493 .

105 2620 108 2626 Ι
133 2615 136 2623 ,
165 2545 196 2606 S.
215 2541 285 2604 Pius
295 2545 331 2618 V,
348 2543 378 2604 in
400 2544 500 2604 Gonst.
523 2543 641 2619 Quanto
658 2542 811 2622 Ecclesiae,
831 2542 985 2624 prohibuit
1003 2549 1102 2607 tamen

120 2651 164 2694 ne
189 2631 428 2701 renuntiationes
455 2632 492 2692 ab
520 2630 675 2712 Episcopis
697 2638 749 2693 aut
770 2631 836 2694 aliis
860 2631 1101 2710 admitterentur,

121 2721 203 2782 ultra
220 2739 308 2783 casus
325 2722 342 2782 a
358 2739 391 2782 se
405 2721 435 2782 in
450 2719 506 2782 hae
522 2721 607 2782 Buba
621 2719 857 2798 determinatos,
873 2721 951 2782 inter
965 2741 1041 2802 quos
1055 2741 1102 2785 re·

119 2815 266 2872 censetur
279 2809 396 2870 crimini
411 2808 608 2886 obnoxietas,
629 2808 681 2870 sed
695 2809 817 2871 crimini.
851 2809 931 2890 quod
947 2809 1103 2890 impediret
1135 2882 1139 2888 ,

121 2896 985 2979 ecclesiaeinservire‚quodproindedepositionispoenam
995 2902 1105 2962 mereri

121 2993 237 3066 posset.
276 3001 278 3006 ·

165 3085 197 3144 2⁰
215 3082 360 3144 Immanis
373 3101 430 3145 aare
441 3082 522 3145 debet
533 3083 570 3144 ab
584 3083 666 3144 omni
675 3085 812 3165 pactione
822 3085 1006 3160 sr'moniacd;
1019 3105 1103 3150 cons-

121 3176 165 3234 tat
182 3190 217 3232 ex
231 3171 367 3252 pluribus
379 3173 468 3252 capit.
484 3172 559 3250 juris
574 3173 732 3244 canonici,
750 3192 861 3252 nempe
876 3193 912 3234 ex
926 3192 995 3254 cap.
1007 3174 1104 3256 super

122 3261 179 3320 boe
193 3264 227 3335 6,
248 3258 293 3320 Dc
305 3260 456 3329 denunt:
472 3278 507 3321 ex
522 3279 588 3341 cap.
606 3261 766 3322 Matthaeus
781 3265 830 3337 23,
846 3261 1058 3337 bosamontm
1075 3274 1103 3326 et

124 3350 245 3410 Extrav.
261 3348 335 3411 Cion
349 3347 502 3424 detestat„
517 3349 560 3410 De
573 3347 663 3426 Sim,
680 3349 757 3411 inter
771 3365 961 3410 communes.

163 3450 234 3507 ⁶292.
258 3445 439 3508 Permutatio
454 3445 670 3507 beneficiorum
685 3451 730 3507 est
744 3445 845 3508 illicita
860 3443 883 3505 si
900 3445 1013 3527 priuata
1028 3465 1103 3511 auo·

121 3536 243 3596 toritate
259 3532 326 3607 fiat,
349 3539 379 3595 et
394 3533 437 3596 sic
450 3539 656 3614 permutantes
677 3533 812 3613 privandi
832 3540 902 3594 sunt
926 3536 987 3596 suis
1010 3535 1101 3599 bene-

121 3621 212 3696 flciis,
224 3638 261 3684 ex
273 3638 339 3702 cap.
354 3619 426 3684 Ciam
440 3621 523 3698 olim,
538 3623 581 3683 De
591 3641 688 3683 rernm
698 3630 829 3703 permut.
843 3621 873 3683 Si
885 3623 957 3683 verd
970 3622 1101 3686 fratauc·

120 3708 242 3774 totitate
257 3707 380 3790 legitimi
394 3710 556 3790 superioris
572 3729 608 3771 ex
627 3711 709 3786 justo
725 3711 851 3787 motivo,
869 3710 948 3771 licita
963 3719 1006 3770 est
1016 3711 1101 3789 juxta

123 3815 190 3881 bap.
200 3795 362 3874 Oresteam
376 3801 406 3872 5,
425 3801 466 3859 De
477 3818 573 3858 rerum
586 3804 725 3877 permut,
738 3798 841 3876 positis
854 3803 957 3858 tamen
971 3799 1095 3874 quibus·
