2616 4228
198 215 239 273 ro
473 225 623 268 arsuram
643 223 725 268 runis
745 221 892 267 cinnami.

203 327 374 390 Baliarium
388 326 594 400 continentum
606 324 659 386 sed
673 324 737 386 haeo
751 323 1006 404 publicatoque
1019 321 1098 385 vitiis
1110 340 1171 383 non

199 424 301 490 caret,
318 416 493 477 anctoritate
516 413 629 494 privata
644 412 754 493 prodiit
767 431 776 485 3
798 430 886 474 secus
900 419 945 472 est
958 410 1123 472 dicendum
1134 409 1172 472 de

200 505 332 566 Bullario
349 503 461 565 Bcnrd.
478 505 556 576 XIV,
568 501 650 582 quod
665 501 703 563 ab
717 501 845 582 ipsomet
855 499 1026 562 authentice
1040 498 1097 560 luit
1109 498 1172 559 edi·

200 599 276 656 tum.
287 595 382 669 Major
393 603 460 672 pars
471 592 547 668 ¹iuris
561 589 734 651 communis
750 636 758 665 ‚
774 588 865 651 hodie
878 588 1006 670 vigentis
1022 633 1030 666 ‚
1047 587 1106 669 legi
1119 606 1172 668 po-

201 687 257 742 test
270 681 300 741 in
315 680 443 742 decretis
456 678 580 740 Consilii
594 678 772 740 Tridentini.

242 775 311 830 ltu.
334 771 408 829 ltom
423 768 459 828 ad
469 767 519 848 jus
528 766 730 829 Novissimum
744 767 896 848 pertinent
909 766 1084 829 Decisiones
1096 766 1173 828 Gon-

202 858 411 936 grcgntiooum
428 859 654 932 llomanarum,
677 861 708 917 et
728 856 854 936 Regulae
869 855 1084 929 Canoellariae‚
1107 875 1174 936 quae

202 947 318 1022 scriptis
330 945 514 1022 consignatae
528 945 544 1004 a
559 945 676 1006 loanne
688 947 789 1019 XXll,
817 963 871 1024 per
889 945 985 1006 varias
1008 943 1173 1006 additiones

203 1033 238 1092 orl
256 1051 415 1093 numerum
430 1036 468 1092 72
488 1034 657 1094 excrevere.
684 1033 751 1094 Vim
769 1032 919 1115 obligandi
935 1032 1046 1094 habent
1058 1035 1174 1094 lantum

205 1122 318 1182 riveote
333 1119 476 1182 Pontifice
491 1140 498 1180 ε
528 1121 581 1184 sed
596 1121 667 1202 quia
682 1122 698 1182 a
713 1121 840 1203 singulis
866 1121 1062 1185 Pontificibus
1076 1123 1175 1183 statim

204 1209 439 1281 eorifirmaniur,
454 1210 581 1290 perinde
594 1218 687 1273 estas
701 1210 726 1272 si
739 1211 801 1273 sint
818 1210 892 1290 logis
909 1219 1087 1292 perpetuam
1099 1211 1178 1274 obti-

205 1309 310 1360 nerent
324 1319 331 1370 ;
348 1298 400 1360 sed
415 1300 451 1360 iis
468 1300 498 1359 in
512 1299 648 1379 pluribus
658 1299 834 1379 derogatum
844 1300 897 1360 luit
912 1319 964 1379 per
979 1299 1174 1363 concordata.

245 1391 362 1448 Partem
375 1389 557 1468 praeeipuam
571 1389 654 1451 luris
679 1388 838 1450 Novissimi
852 1389 1039 1451 constituunt
1052 1391 1176 1452 Consilii

205 1475 369 1539 Tridentini
396 1477 538 1550 decreta;
563 1495 620 1538 neo
641 1477 806 1539 omittenda
824 1489 894 1539 sum
915 1477 1035 1540 decreta
1050 1480 1178 1542 anterio

206 1583 274 1626 rum
306 1566 503 1627 conciliorum
523 1573 556 1628 ut
579 1567 840 1642 constantiensis,
872 1566 1063 1640 Florentini,
1100 1570 1177 1630 Late

205 1655 342 1714 canensis
368 1657 400 1716 V.
427 1657 469 1716 De
488 1653 535 1716 his
552 1655 694 1716 omnibus
719 1655 788 1716 vide
809 1655 922 1730 Bouix,
950 1655 984 1716 de
1009 1657 1178 1741 Principiis
1283 1655 1284 1674 ³

209 1742 251 1822 (p.
263 1745 419 1820 asa-472).
1098 1758 1102 1766 ’

641 1921 735 2003 surr.

378 2076 422 2138 ue
441 2074 532 2138 uariis
544 2075 628 2157 juris
646 2075 795 2157 pellicani
813 2075 998 2141 documentis.

247 2263 315 2324 lt3.
338 2260 431 2322 Multa
452 2257 556 2320 reterri
580 2263 703 2339 possent
719 2258 796 2336 juris
810 2259 904 2320 nostri
923 2259 1062 2340 gallicani
1084 2262 1178 2327 docu-

205 2361 318 2426 menta,
335 2357 423 2431 prout
435 2365 567 2410 eanones
581 2346 791 2420 conciliorum,
808 2365 876 2428 quae
893 2349 980 2410 variis
991 2352 1179 2431 temporibus

206 2441 236 2500 in
263 2439 356 2500 Gallia
379 2437 545 2499 coadunata
566 2440 662 2506 sunt3
681 2434 785 2496 Edicta
800 2440 973 2499 nostrorum
992 2455 1102 2519 regum
1124 2460 1178 2523 pro

205 2528 323 2589 tuendis
337 2525 471 2605 personis
484 2531 535 2586 aut
548 2523 640 2586 rebus
650 2522 876 2600 ecelesiasticis3
888 2525 1068 2607 Capitularia
1083 2529 1178 2595 Caroli

205 2618 321 2694 Magon
337 2614 532 2691 pragmatica
547 2611 729 2690 sanctiones,
751 2614 865 2674 tamea
887 2632 957 2694 quae
975 2616 1006 2677 S.
1026 2616 1178 2684 Ludovico

204 2705 356 2766 immerito
375 2702 490 2763 videtur
507 2699 616 2777 tribui,
645 2701 739 2782 quium
756 2700 850 2763 altera
871 2721 940 2782 quae
960 2703 1103 2768 Carolum
1130 2711 1175 2771 Vll

204 2793 307 2855 habuit
321 2799 475 2854 auctorem
488 2815 495 2863 ;
521 2789 744 2853 Concordatum
758 2791 890 2853 Leonem
904 2794 930 2853 X
946 2791 1024 2854 inter
1037 2800 1067 2856 et
1082 2798 1175 2860 Fran-

204 2885 318 2946 cisoum
333 2885 345 2942 l
361 2901 368 2951 ;
384 2882 512 2941 Farnosa
527 2879 604 2941 Cleri
618 2878 756 2961 gallicani
768 2877 929 2942 declaratio
943 2881 1015 2943 anni
1036 2887 1132 2964 lusa,
1147 2897 1176 2950 et

203 2971 298 3033 multa
312 2970 368 3032 alia
383 2990 390 3039 ;
416 2967 468 3029 sed
482 2967 555 3049 quia
564 2967 689 3050 longum
700 2975 779 3030 esset
800 2967 866 3030 haee
878 2969 981 3031 omnia
990 2989 1152 3039 recensere
1165 3027 1172 3055 ‚

203 3059 353 3122 brevitatis
386 3059 476 3128 eausa
500 3057 667 3133 lectorem,
696 3055 749 3138 qui
776 3074 813 3119 ea
839 3057 965 3120 voluerit
990 3077 1175 3142 cognoscere

203 3149 382 3211 remittimus
396 3147 431 3207 ad
448 3152 585 3208 nostrum
599 3145 749 3222 Manuale,
758 3147 809 3209 ubi
821 3146 879 3229 legi
894 3153 1064 3228 poterunta
1075 3159 1173 3219 n⁰204

203 3237 343 3318 usquead
360 3245 401 3298 n¹¹
414 3239 489 3311 2363
506 3234 741 3297 omninotamen
753 3237 956 3299 necessarium
966 3239 1172 3306 existimamus

201 3327 296 3388 oeulis
314 3326 469 3404 juniorum
492 3325 660 3386 Levitarum
678 3323 727 3386 hie
749 3324 928 3389 submittere
951 3328 1170 3395 Concordatum

201 3415 272 3475 anni
301 3419 388 3490 1801,
404 3420 506 3493 utpote
520 3419 630 3476 statum
644 3412 743 3475 adhue
757 3413 846 3476 hodie
859 3417 1009 3496 vigentem
1022 3420 1105 3500 apud
1116 3440 1171 3486 uos

200 3503 352 3584 regulam,
367 3503 509 3582 quodque
524 3501 731 3583 proindeipsis
746 3502 885 3584 ignorare
900 3505 1055 3571 nonlicet.

239 3607 309 3663 tlt.
336 3603 536 3664 «Consentio
558 3603 636 3665 inter
659 3602 849 3666 Gubernium
870 3605 1058 3672 Gallicanum
1081 3617 1113 3675 et
1134 3615 1164 3677 S.

209 3712 219 3746 s
238 3690 415 3753 Pontificem
428 3692 515 3752 Pium
529 3693 577 3752 Vll
591 3709 600 3752 ε
