2590 4214
196 275 254 332 Μ
468 282 621 328 eoeneum
642 281 724 327 runis
744 280 893 326 cnuouscr.

234 386 267 444 5·
287 384 354 442 Duo
373 378 495 442 ordines
514 379 608 453 socri,
633 377 740 439 eodem
760 377 826 450 die,
849 374 981 440 conferri
1001 381 1177 456 nequeunt.

197 469 301 550 (Cone.
317 468 418 546 Trid.‚
439 484 513 530 sess.
530 471 589 542 23,
607 483 635 528 c.
660 468 712 537 13,
733 467 778 528 De
792 464 931 548 reform.)
945 497 984 512 -
995 464 1115 525 necem
1129 460 1181 522 die

195 557 326 620 conferri
334 575 396 619 non
406 561 533 638 possunt
542 554 665 616 ordines
673 554 807 617 minores
815 562 843 616 el
853 553 1107 625 subdiaconatus,
1118 546 1178 609 nisi

194 645 314 709 adesset
326 643 537 720 consuetudo,
556 661 649 724 quom
663 643 792 723 probare
806 643 958 726 Episcopo
976 637 1131 703 incumbit
1146 645 1179 700 ut

197 734 293 816 poenis
309 751 372 796 non
384 731 549 813 subjaceat.

234 827 266 887 6ο
287 821 428 905 Episcopi
438 820 626 883 consecratio
636 819 700 882 fieri
709 824 807 900 potest
821 820 925 901 quevis
938 819 988 881 die
999 814 1174 892 Dominio&

196 932 232 975 ex
252 931 319 994 cep.
333 909 549 985 Ordinationis‚
573 915 603 969 et
621 926 690 989 cop.
715 907 800 983 Quod
822 909 890 984 die,
914 908 985 970 dist.
1007 908 1060 968 75.
1078 903 1176 964 Dione

195 1001 293 1077 addit,
310 1019 347 1063 ex
361 997 555 1074 Pontifieoli,
571 1015 659 1078 posse
673 997 764 1058 etiem
779 997 844 1059 sieri
862 997 894 1058 iu
909 994 1057 1057 Natalitiis
1072 994 1175 1074 Apos-

226 1089 336 1152 lorum.
352 1091 396 1150 De
407 1087 472 1149 eliis
485 1085 592 1148 diebus
606 1084 717 1146 festivis
727 1085 969 1150 controvertitur.

234 1181 266 1238 7⁰
288 1176 416 1239 Ordines
435 1174 565 1236 conferri
583 1179 710 1254 possunt
723 1179 804 1234 extre
826 1182 963 1254 tempore
977 1173 994 1233 b
1010 1171 1083 1252 jure
1095 1187 1172 1252 proe·

195 1264 325 1346 scripta,
341 1282 379 1326 ex
392 1262 548 1345 privilegio
567 1263 597 1323 S.
615 1261 784 1336 Pontificis3
799 1261 912 1343 telique
927 1259 1087 1342 privilegio
1102 1276 1176 1340 gau-

194 1352 268 1414 dent
281 1352 456 1434 regulores3
475 1349 602 1432 proinde
616 1349 730 1429 absque
743 1349 862 1412 indulto
876 1368 954 1412 novo
966 1350 1032 1412 tute
1045 1355 1175 1428 possunt

194 1441 327 1503 ordinari
347 1448 431 1504 extro
455 1445 593 1520 tempore
612 1439 630 1498 t
650 1438 719 1516 jure
742 1438 958 1512 determinate;
986 1437 1094 1499 nititur
1116 1436 1173 1498 hoc

195 1529 386 1611 privilegium
398 1527 593 1592 concessione
603 1524 706 1588 icelle
720 1526 833 1588 Bened.
850 1529 936 1600 Xlll;
952 1525 1005 1588 sed
1018 1524 1174 1586 ordinatio

194 1618 381 1697 probabilius
396 1617 461 1680 lieri
475 1615 565 1678 debet
579 1615 686 1677 diebus
703 1614 814 1677 leslivis
826 1614 864 1677 de
878 1621 1042 1696 praecepto.
1059 1613 1123 1675 Sed
1136 1612 1172 1674 de

194 1703 252 1766 boc
263 1707 331 1769 vide
345 1706 497 1775 Manuale,
514 1715 548 1765 n⁰
563 1707 653 1767 2033.

234 1797 304 1856 out.
318 1796 407 1858 Circa
417 1794 600 1856 interstitio:
613 1796 644 1854 l⁰
654 1792 716 1854 Etsi
728 1794 796 1872 iure
811 1793 889 1853 inter
899 1792 1034 1853 minores
1048 1791 1172 1852 ordines

195 1883 341 1944 servanda
366 1885 426 1945 sint
447 1881 603 1944 interstitio
616 1927 628 1959 s
646 1887 748 1944 temen
774 1900 836 1944 non
857 1881 912 1944 tuit
931 1879 1171 1942 determinatum

195 1979 307 2048 quante
330 1971 381 2033 illo
404 1990 469 2033 esse
483 1970 614 2031 debeant
637 1988 645 2030 :
661 1969 785 2050 quidem
801 1976 908 2050 putant
921 1969 1061 2030 sufficere
1076 1969 1171 2032 inter-

194 2057 305 2120 vallum
324 2059 363 2122 de
383 2062 445 2122 unt
464 2059 655 2121 ordinatione
669 2059 705 2120 etl
718 2058 828 2135 eliam;
845 2059 895 2120 elii
908 2058 1016 2120 dicunt
1029 2057 1171 2122 sulficere
1282 2059 1283 2085 ³

195 2145 233 2208 de
244 2167 306 2210 uno
319 2148 394 2210 testo
408 2148 446 2210 sd
459 2147 551 2209 eliud.

235 2237 424 2298 Conveniunt
435 2238 498 2297 ub.
511 2237 608 2298 levem
620 2235 760 2297 suflicere
773 2253 897 2298 causum
910 2242 944 2298 ut
952 2235 1128 2318 Episcopus
1140 2239 1170 2298 in
1281 2241 1282 2256 ¹

196 2323 253 2386 boc
264 2325 437 2406 dispensare
451 2325 545 2386 voleat
562 2343 569 2384 :
586 2324 648 2386 imd
660 2325 810 2386 observari
825 2331 921 2404 potest
935 2325 1087 2404 generalis
1100 2343 1171 2388 con

194 2413 324 2476 suetudo
341 2414 408 2475 illos
426 2411 548 2475 ordines
564 2413 672 2474 eodem
692 2412 741 2474 die
764 2412 963 2486 conferendi,
982 2413 1171 2493 probabilius
1280 2487 1281 2496 ἵ

194 2509 350 2564 tonsuram
364 2503 453 2564 simul
467 2521 537 2563 cum
550 2501 651 2581 aliquo
666 2501 776 2563 minori
789 2502 896 2563 ordine
909 2501 1043 2564 conferri
1059 2509 1169 2583 polest,

194 2590 265 2670 quie
276 2598 399 2654 tonsure
414 2599 533 2652 nonest
548 2590 633 2652 ordo.

234 2683 266 2740 2⁰
286 2681 368 2741 lnter
385 2684 573 2760 postremum
592 2678 743 2739 minorem
763 2677 902 2740 ordinem
920 2683 951 2739 et
964 2679 1170 2744 subdiacono·

196 2773 279 2840 tum,
293 2785 391 2828 onnus
405 2768 556 2847 interponi
574 2766 679 2842 debet,
696 2767 758 2828 nisi
772 2767 924 2830 necessitas
934 2815 944 2842 ,
956 2775 1012 2828 out
1024 2768 1173 2834 Ecclesia

195 2853 325 2924 utilitas,
339 2853 457 2936 judicio
480 2855 647 2937 Episcopi,
668 2854 755 2916 aliod
768 2863 916 2937 exposcat.
937 2855 1054 2920 Concil.
1071 2859 1170 2936 Teio..

193 2960 266 3096 88838ῐὲ
280 2947 374 3096 {dicor
390 2946 642 3096 :sibdieconstum
667 3039 697 3096 et
727 3033 945 3107 diaconatum,
969 3051 1073 3099 onnus
1098 3038 1172 3102 item

192 3119 366 3273 greipprtlpperp
379 3121 486 3291 dle3bpt,
501 3121 563 3182 nisi
573 3121 660 3183 atiud
675 3121 823 3204 Episcopo
838 3120 985 3184 uideatur.
1002 3123 1169 3206 (Trident,

231 3303 266 3360 4⁰
285 3302 366 3361 lnter
386 3300 585 3361 Diaconetum
608 3305 638 3362 et
658 3298 920 3382 Presbyterum,
940 3319 1042 3365 onnus
1054 3305 1171 3385 pariter
1276 3365 1277 3374 ,

192 3392 237 3449 ert
250 3386 504 3468 interponendus,
519 3388 581 3448 nisi
590 3387 624 3448 od
632 3389 665 3450 E
665 3387 778 3450 cclesr'oe
793 3388 956 3452 utilitatem
968 3411 1004 3452 oc
1016 3393 1168 3454 necessita·

194 3481 261 3548 tem,
274 3473 361 3535 aliod
369 3476 520 3557 Episcopo
531 3475 688 3538 uideretur.
706 3476 919 3554 (v1·i‹l.,tt.‚c.
938 3483 1000 3557 ld.)

232 3569 332 3628 Potest
350 3575 451 3630 nutem
465 3573 633 3653 Episcopus
652 3573 683 3633 in
711 3573 877 3636 interstitiis
905 3573 1103 3655 dispensare,
1129 3595 1166 3642 ex

192 3653 291 3713 causis
308 3656 400 3716 modd
423 3659 608 3735 gravioribus
631 3661 723 3721 modd
744 3661 924 3739 levioribus,
950 3671 1041 3742 prout
1064 3665 1166 3747 colligi

193 3747 288 3816 potest
301 3757 338 3800 ex
349 3742 446 3803 verbis
459 3761 550 3822 supra
563 3747 664 3808 relatis
682 3749 775 3810 Cone.
791 3749 925 3812 Trident.
941 3770 948 3822 ;
963 3750 1017 3812 sed
1032 3751 1160 3833 dispen-
