2562 4224
385 287 399 294 .,
449 253 535 297 niara
557 250 677 304 ramus.=
766 265 768 271 ·
802 261 805 273 ·
989 243 1043 302 tt't

72 359 191 437 Proed.)
206 360 273 424 Non
282 360 387 421 'autern
398 357 430 430 in
444 373 500 416 usu
510 354 702 418 videturesse
712 353 801 417 hodie
811 355 892 436 qudd
902 357 1047 438 Capituia‚
1075 357 1077 364 ’

71 449 179 511 officiis
206 445 403 521 vacantibus,
431 441 476 504 oh'
493 445 713 525 tlpisooporum
741 445 953 526 negligendam
978 467 1049 529 pro·
1089 483 1094 490 -

73 537 205 598 uideant.

113 630 185 687 272.
211 625 295 685 Noto
317 621 399 702 quod
414 620 451 682 ad
467 622 649 702 Episcopum
665 621 838 682 collatorem
854 629 967 701 spectet
982 627 1051 686 mit-

76 721 138 780 tere
152 715 183 774 in
196 710 418 794 possessionem
428 727 482 790 per
497 711 629 790 seipsum
645 715 696 770 aut
707 729 758 789 per
768 709 951 790 delegatum.
970 735 983 770 <i
994 715 1052 775 ttae

80 825 96 860 a
115 803 233 874 terirm,
254 799 353 880 inquit
366 797 486 860 Gordiu.
504 797 604 877 Soglia
620 797 706 878 (last.
721 799 789 880 jur.
801 799 938 880 privat,
958 799 1052 882 §96)‚

82 913 97 950 a
116 891 168 972 qui
186 889 407 970 possessionem
421 886 526 962 tradit,
549 886 677 948 clericus
690 887 728 947 sit
742 893 875 966 oportet,
901 890 1055 950 autetiam

83 1001 97 1036 i<
117 979 280 1048 Notarius,
296 976 347 1056 qui
368 980 470 1036 tamen
488 976 505 1035 a
520 975 596 1036 Sede
613 975 781 1056 Apostoiica
794 975 840 1036 vel
855 976 893 1036 ab
907 977 1057 1058 Episcopo

83 1092 97 1126 n
118 1075 238 1130 oreatus
253 1066 307 1140 sit;
330 1081 409 1144 saepe
424 1062 544 1124 verdae
561 1063 623 1125 tere
638 1083 757 1145 semper
772 1065 928 1146 presbyter
941 1067 972 1126 in
987 1085 1055 1146 pos·

83 1156 288 1218 «sessionem
316 1151 466 1227 immittit,
497 1159 526 1212 et
553 1153 692 1213 Notarius
720 1153 757 1213 de
785 1152 842 1214 hto
871 1155 1057 1216 immissione

84 1245 361 1306 «instrumentum
389 1239 530 1315 conticit,
567 1241 766 1320 praesentibus
799 1243 905 1304 saltem
939 1241 1059 1304 duobus

85 1332 260 1394 «testibus.
835 1342 840 1348 ·

124 1443 139 1480 n
162 1419 317 1481 Possessio
331 1417 469 1478 beneficii
487 1417 613 1479 traditur
631 1417 676 1478 vet
692 1417 748 1497 ipsi
767 1418 960 1481 beneficiario
979 1439 1059 1500 prae-

86 1533 100 1568 t
118 1509 217 1584 senti,
233 1507 279 1570 vet
301 1507 367 1586 ejus
381 1507 567 1584 procuratori
583 1506 712 1587 speciale
730 1507 906 1569 mandatum
921 1508 1056 1582 habenti3

86 1623 100 1658 r
121 1604 150 1659 et
172 1613 351 1678 quanquam
375 1600 456 1655 certa
474 1593 572 1654 forma
591 1593 746 1674 eapiendae
766 1597 964 1674 possessionis
977 1596 1062 1657 nullo

85 1713 99 1747 u
117 1688 190 1767 jure
205 1684 319 1746 sanoita
335 1683 384 1758 sit,
403 1682 504 1763 aliqua
519 1689 621 1753 tamen
639 1688 763 1743 externa
778 1685 863 1764 signa
882 1702 937 1745 usn
954 1703 1062 1765 reoep·

85 1801 98 1835 u
121 1783 151 1836 ta
172 1780 260 1846 sunt,
277 1772 387 1854 quibus
408 1771 605 1852 possessionis
619 1771 737 1832 traditio
752 1777 781 1832 et
798 1773 931 1854 acceptio
946 1773 1061 1854 signiti-

85 1871 256 1928 «oaretur.
286 1862 379 1942 Igitur
406 1861 555 1940 possessio
583 1854 724 1940 arripitur
756 1879 810 1941 per
836 1861 1003 1940 ingressum
1031 1863 1060 1922 in

85 1980 99 2013 n
122 1951 308 2025 Ecclesiam,
328 1949 381 2011 ubi
402 1956 445 2009 est
459 1949 564 2010 titulus
581 1948 738 2027 beneficii,
762 1951 938 2030 occupando
960 1951 1060 2012 sedem

86 2067 100 2101 n
121 2039 372 2111 convenientem,
391 2036 480 2098 veluti
495 2037 614 2098 statium
637 2037 793 2114 mahom,
819 2047 870 2100 aut
884 2059 1064 2120 campanam

86 2159 99 2188 a
123 2127 287 2212 pulsando,
301 2127 393 2188 attare
407 2125 592 2202 osculando,
613 2127 734 2187 missale
747 2128 910 2208 aperiendo
922 2129 966 2189 vet
981 2129 1063 2189 etnu-

86 2247 99 2276 ι(
121 2218 247 2290 dendo,
272 2216 390 2296 aliaque
405 2215 435 2275 id
449 2233 545 2296 genus
559 2215 676 2296 agendo
694 2233 761 2295 qnae
775 2216 909 2278 officium
923 2224 952 2278 et
964 2225 1064 2296 potes-

86 2335 101 2368 «
123 2315 221 2370 tatem
236 2303 406 2366 beneficiati
420 2303 600 2383 significent.
617 2303 816 2364 Canonioatds
833 2313 935 2366 autem
945 2309 976 2365 et
990 2307 1064 2365 Prae-

86 2422 101 2456 «
123 2395 238 2458 bendae
259 2390 430 2474 capitularis
450 2392 599 2472 possessio
613 2409 716 2454 eoram
732 2392 869 2472 Capituto
889 2392 1065 2474 accipiendo

86 2491 216 2548 uest.»

536 2632 553 2712 s
574 2633 621 2694 m.

87 2769 129 2830 De
149 2759 348 2847 qualitatibus
371 2759 404 2818 in
420 2756 623 2839 promouendis
648 2757 688 2818 od
706 2759 875 2840 lii‘pnitotes
894 2759 939 2822 vet
963 2759 1045 2844 offici
1060 2779 1077 2823 i,

396 2853 759 2935 eeclesiasticorequisitis.
808 2937 809 2942 ἵ

125 3029 200 3090 273.
224 3027 260 3084 In
283 3018 497 3102 promovendis
516 3019 553 3079 ad
578 3019 754 3080 Praetaturas
774 3026 804 3080 et
827 3020 863 3081 ad
887 3022 943 3082 alia
969 3021 1067 3086 officia

86 3112 291 3180 ecclesiastica
302 3118 364 3171 tres
378 3108 545 3189 generatim
563 3107 720 3189 qualitates
733 3111 748 3168 a
763 3110 835 3190 Cap.
852 3108 925 3171 Cum
941 3110 971 3170 ip
983 3130 1067 3173 cunc.

87 3207 165 3276 tis't‚
179 3203 196 3282 ἓ
208 3206 237 3274 t,
249 3199 294 3262 De
306 3197 415 3272 Elem,
428 3195 633 3276 requiruntur,
646 3197 782 3258 videlicet
791 3199 886 3259 oetatis
895 3201 1063 3275 maturitas,

85 3295 224 3374 pravitas
239 3306 365 3360 moram,
384 3294 412 3348 et
427 3285 593 3346 litterarum
610 3285 735 3346 scientio
753 3305 761 3346 :
786 3308 800 3344 n
816 3287 890 3347 Cum
906 3287 935 3347 in
953 3291 1068 3350 cunctis

90 3405 105 3440 u
126 3383 223 3444 saeris
244 3375 402 3440 ordinibus
420 3381 449 3436 et
468 3373 676 3436 ecelesiasticis
693 3374 883 3450 ministeriiS,
903 3375 961 3436 sint
975 3381 1070 3440 oetotz's

91 3465 309 3542 «maturitas,
339 3463 475 3546 pravitas
504 3481 634 3531 morum,
664 3471 693 3523 et
715 3464 839 3524 scientio
863 3465 1070 3544 requirenda,

88 3591 102 3620 a
127 3557 230 3622 mutto
251 3554 358 3617 fortius
375 3552 406 3614 in
425 3551 594 3632 Episcop0‚
613 3549 679 3613 haeo
696 3557 814 3632 oportet
832 3555 955 3634 requiri.
979 3578 993 3614 n
1018 3557 1070 3620 His

86 3648 211 3713 dotibus
231 3645 301 3708 duae
315 3642 382 3706 anae
397 3642 579 3721 adjiciuntur
596 3641 613 3700 a
633 3641 757 3716 Glosst,
776 3659 885 3723 nempe
900 3644 982 3725 quod
999 3665 1068 3725 pso.

88 3736 262 3800 movendus
272 3733 309 3796 sit
319 3731 451 3811 legitime
460 3734 558 3802 natus,
571 3730 690 3809 etqudd
700 3731 880 3793 constitutus
891 3733 927 3793 sit
937 3733 966 3792 in
979 3737 1069 3793 sacris
1094 3792 1096 3796 .
