2526 4210
177 270 235 328 246
448 279 599 322 acaunum
618 277 701 322 runis
721 275 870 321 canonici.

176 384 377 460 congruenter
391 377 556 458 implendi,
572 375 641 436 idea
655 377 686 437 S.
709 375 779 438 Pius
795 376 817 434 V
837 373 909 436 huic
928 373 1066 454 adjunxit
1081 373 1165 438 alte-

177 487 242 532 ram
258 467 527 547 Congregationem
542 464 599 526 sub
613 463 737 524 nomine
751 461 884 534 Indicia,
899 481 968 543 quae
979 462 1065 542 operi
1078 479 1167 544 prae·
1256 467 1257 476 ’

179 557 238 620 fato
251 555 409 636 specialius
424 553 580 616 intendere
594 551 726 614 deberet.
742 553 816 614 llaec
829 557 876 612 est
889 551 974 632 origo
989 552 1169 634 Congrega·

180 641 407 708 lionislndr'eia.
590 694 592 698 .
862 689 865 696 ·

218 732 417 813 congregatio
430 730 540 792 indicis
551 735 669 794 constat
682 747 719 792 eo
733 731 939 794 cardinalium
953 745 1090 790 numero
1113 728 1171 810 qui
1256 759 1258 806 r

183 821 317 884 Pontifici
338 819 493 900 placuerit.
519 820 563 878 Ex
588 818 625 879 iis
646 835 726 880 unus
748 819 892 901 Praefecti
914 817 1002 880 titulo
1029 815 1172 897 gaudet;

186 909 276 992 ‘psius
289 907 473 970 Secretarius
486 925 522 968 ex
534 907 640 968 ordine
655 907 686 968 S.
703 908 853 970 Dominici
868 905 1040 969 desumitur
1048 923 1057 979 ;
1070 904 1176 967 habet

187 999 272 1059 aliam
301 996 508 1058 consultorem
533 995 667 1073 ejusdem
689 995 821 1068 ordinis,
848 996 1026 1077 Magistrum
1050 1011 1175 1074 nempe

185 1087 216 1148 S.
237 1083 359 1158 Palatii,
375 1084 424 1146 cui
439 1085 637 1146 committitur
651 1085 797 1163 inspectio
811 1085 958 1146 librorum
973 1102 1043 1164 quae
1058 1085 1174 1144 Romae

184 1173 263 1254 typis
291 1173 473 1234 mandantur
500 1180 549 1234 aut
572 1173 755 1234 venduntur.
781 1174 879 1235 Habet
900 1174 1025 1253 insuper
1051 1173 1175 1234 multos

160 1317 164 1326 ,
186 1261 259 1323 alios
272 1261 458 1324 consultores
472 1261 624 1341 regulares
645 1270 674 1322 et
692 1263 867 1340 saculares,
882 1279 1016 1343 quorum
1031 1262 1176 1328 examini

188 1350 254 1412 libri
274 1351 474 1428 subjiciuntur
488 1358 516 1410 el
531 1352 547 1409 a
562 1349 672 1429 quibus
687 1349 823 1411 facienda
837 1359 882 1411 est
901 1349 1017 1412 relatio.
1036 1349 1120 1411 Vide
1144 1352 1176 1411 in

188 1447 290 1502 nostro
303 1437 462 1514 Manuale,
483 1440 518 1500 n⁰
532 1441 601 1514 729,
622 1437 776 1517 quomodo
790 1437 932 1519 procedat
944 1438 1010 1500 haec
1027 1439 1177 1518 Congre-

188 1528 278 1610 gotio.

227 1620 297 1679 375.
320 1613 441 1689 Quaerit.
465 1617 573 1679 Utrum
591 1614 708 1677 decreta
728 1618 759 1677 S.
783 1615 1033 1696 Congregationis
1055 1616 1179 1679 Indicis

189 1705 249 1768 vim
264 1705 392 1766 habeant
403 1703 555 1785 obligandi
569 1703 623 1764 aad
635 1705 723 1784 proci
737 1704 767 1765 in
782 1707 843 1766 tota
857 1702 1018 1767 Ecclesia?

228 1795 318 1873 Resp.
343 1792 526 1854 Affirmativa
543 1793 604 1855 :ad
627 1793 685 1856 hoc
707 1792 814 1855 suflicit
834 1799 864 1854 1⁰
885 1793 968 1874 quad
993 1795 1180 1874 Gongraga-

191 1881 264 1944 tioni
275 1881 386 1944 lndicis
398 1883 428 1944 S.
445 1882 581 1944 Pontifex
595 1883 674 1944 hanc
688 1881 818 1962 potuerit
836 1882 972 1944 conferre
986 1887 1181 1963 potestatem

190 1968 343 2050 obligandi
358 1971 389 2030 in
412 1973 473 2032 tota
487 1971 638 2052 Ecclesia3
661 1975 693 2031 2⁰
715 1970 799 2052 qudd
815 1969 892 2033 hanc
906 1970 1036 2032 voluerit
1049 1970 1078 2031 ei
1097 1990 1182 2034 con-

191 2058 280 2122 ferre.
304 2059 393 2139 atqui
408 2064 439 2121 1⁰
453 2060 582 2122 Potuit:
596 2060 682 2122 Certa
696 2059 819 2141 quidem
831 2059 882 2140 qui
898 2059 1031 2141 possidet
1045 2059 1183 2140 plenam

192 2153 368 2230 potestatem
391 2147 590 2208 universalem
611 2147 777 2209 Ecclesiam
790 2148 931 2229 regendi,
953 2148 1031 2211 sicut
1044 2149 1135 2210 valet
1151 2152 1183 2212 in

192 2240 254 2298 tota
267 2235 400 2298 Ecclesia
421 2235 579 2316 prohibere
593 2235 686 2297 libros
701 2253 824 2317 pravos,
846 2236 885 2298 ita
906 2236 973 2298 illos
987 2235 1184 2318 prohibendi

193 2326 224 2387 in
240 2328 299 2386 tota
312 2324 418 2386 eadam
431 2325 565 2386 Ecclesia
579 2323 662 2386 alteri
675 2331 772 2405 potest
785 2323 952 2388 concedere
965 2325 1157 2388 facultatem
1175 2345 1184 2390 r

194 2415 275 2493 atqui
292 2413 329 2473 de
343 2411 402 2474 fide
417 2419 461 2474 est
487 2414 517 2474 S.
534 2411 709 2475 Pontificem
731 2414 852 2494 plenam
866 2413 1022 2495 possidere
1037 2422 1185 2494 potesta·

194 2508 255 2563 tem
269 2500 392 2580 regendi
407 2501 606 2564 universalem
619 2501 800 2580 Ecclesiam,
815 2509 905 2584 prout
915 2501 1050 2564 definivit
1064 2503 1185 2568 Conci-

195 2589 270 2650 lium
285 2589 502 2650 Florentinum.
520 2592 611 2670 Ergo,
625 2592 687 2650 tam
700 2608 753 2672 per
762 2609 794 2652 se
806 2594 898 2672 quain
912 2591 1059 2672 paralios,
1073 2603 1185 2673 potest

195 2678 228 2739 in
238 2678 300 2738 tota
313 2676 445 2740 Ecclesia
457 2677 616 2758 probibere
631 2678 721 2740 libros
735 2697 857 2759 pravos,
873 2679 1002 2761 proinde
1021 2680 1053 2741 id
1073 2690 1185 2762 potest

196 2781 250 2847 per
263 2765 534 2846 congregationem
546 2766 665 2829 Indicia.

235 2857 270 2915 2⁰
301 2853 404 2916 Voluit
424 2856 455 2915 S.
476 2855 613 2916 Pontifex
638 2857 867 2938 congregationi
895 2857 1007 2922 lndicis
1034 2861 1185 2927 conferre

196 2946 371 3023 potestatem
393 2942 569 3022 prohibendi
590 2962 695 3024 pravos
714 2945 805 3007 libros
823 2946 854 3007 in
873 2948 935 3008 tota
953 2947 1091 3010 Ecclesia
1111 2971 1120 3014 :
1147 2957 1185 3016 ad

197 3029 254 3094 boc
268 3033 350 3093 enim
365 3032 497 3093 instituta
517 3031 570 3094 fuit
585 3034 601 3093 a
616 3033 669 3094 SS.
686 3032 879 3096 Pontificibus
893 3033 959 3097 baec
972 3036 1191 3122 Congregaiio·

198 3128 230 3183 ut
252 3119 343 3182 libros
359 3121 525 3194 examinet,
542 3139 654 3201 eosque
676 3121 706 3182 in
722 3122 832 3210 quibus
846 3124 1041 3186 inveniuntur
1054 3144 1187 3196 errores

199 3215 302 3270 contra
329 3208 419 3270 fidem
447 3209 494 3270 vel
516 3209 613 3270 bonos
640 3227 740 3272 mores
768 3211 894 3276 damnet
926 3231 982 3294 pro
1009 3214 1188 3285 universali

199 3295 341 3371 Ecclesia,
354 3297 439 3377 prius
456 3303 557 3358 tamen
571 3298 708 3360 consulto
722 3305 751 3361 et
764 3300 949 3382 approbante
963 3302 1187 3377 Sanctissimo.

199 3381 231 3447 ld
245 3391 361 3447 constat
375 3402 411 3446 ex
427 3384 514 3447 Bulla
528 3384 673 3449 Immertsc
686 3387 761 3450 sixti
775 3391 811 3451 V.

239 3473 284 3533 Ne
297 3473 415 3536 dicatur
428 3475 461 3535 in
476 3474 601 3536 Galliam
619 3477 838 3541 consuetudine
857 3478 950 3542 fuisse
963 3481 1191 3555 introductum

199 3576 315 3631 morem
339 3580 402 3623 non
421 3563 599 3626 observandi
616 3564 728 3628 Indicis
744 3566 886 3630 decreta:
909 3587 980 3632 nam
995 3573 1081 3638 nulla
1105 3595 1190 3642 eon-

199 3648 357 3711 suetudine
372 3651 503 3731 legitima
515 3657 612 3732 potest
627 3654 775 3718 introduci
789 3655 914 3721 facultas
927 3677 990 3722 non
1011 3662 1189 3736 obediendi

204 3738 366 3820 auctoritati
384 3743 565 3814 corripetenti
585 3747 617 3804 at
633 3743 651 3803 a
665 3744 728 3806 Deo
742 3743 895 3810 instituta.
912 3747 977 3812 Hoc
991 3752 1078 3814 enlm
1100 3769 1192 3824 assat
