2580 4216
522 303 608 347 claun
630 304 748 351 earnes,
1065 291 1126 350 425

189 401 263 480 Eius
284 417 395 462 munus
408 407 452 462 est
468 400 637 462 ministrare
650 401 687 464 ad
704 402 817 479 altare,
837 401 1032 480 catechizare,
1048 421 1124 464 can·

150 496 213 551 tare
227 487 440 568 Evangelium‚
457 494 566 551 etcum
579 489 719 552 facultate
733 490 855 572 parochi
872 491 1045 573 praedicare,
1059 491 1128 574 hap

150 577 251 652 tizane,
264 576 479 638 Eucharistiam
495 576 578 653 dare,
592 577 644 640 sed
659 579 758 640 solinu
773 579 804 639 in
819 581 1004 643 necessitate.

190 665 302 726 Munus
317 665 499 746 praedicandi
514 665 580 727 sine
592 665 733 749 Episcopi
746 666 843 743 venia,
858 667 949 755 etiam
964 667 1131 734 tdiaoouis

155 759 178 817 tt
194 753 377 834 presbyteris
391 755 522 816 exerceri
543 755 659 835 nequit.

191 841 295 912 Quoad
310 859 423 904 munus
436 842 604 924 baptizandi
618 842 779 906 sicdicitur
791 843 822 905 in
833 863 949 906 canone
961 843 1109 907 Diaconos

151 929 219 990 dist.
236 933 286 1004 93,
304 949 340 991 ex
355 930 435 1012 Papa
450 933 568 995 Gelasio
585 951 591 992 :
613 932 776 1006 «Discum,
791 932 906 1014 absque
918 933 1070 1014 Episcopo
1082 948 1121 996 ve

154 1040 170 1076 n
192 1018 387 1100 presbytero,
405 1019 551 1100 baptizare
566 1038 628 1082 non
643 1019 789 1095 audeant,
806 1021 862 1082 nisi
878 1021 1029 1103 praedictis
1045 1023 1129 1083 ordi·

153 1127 169 1164 o
192 1104 281 1168 nibus
298 1107 416 1187 longius
427 1108 615 1184 constitutis,
631 1109 792 1170 necessitas
804 1110 1005 1191 compellat.»

196 1217 211 1253 u
232 1195 278 1256 Ex
293 1195 415 1276 praelato
433 1204 533 1258 autem
547 1203 632 1258 textu
653 1199 735 1259 recte
753 1197 844 1259 interl
857 1200 953 1259 Gcnet
968 1198 1050 1279 quod
1064 1199 1133 1260 talis

152 1283 327 1346 commissio
342 1285 445 1365 nequit
458 1285 587 1347 diacono
607 1285 670 1347 lieri
684 1286 742 1348 nisi
758 1286 798 1348 ob
812 1305 955 1367 magnam
970 1287 1129 1350 necessita·

153 1382 232 1445 turn,
257 1372 303 1432 vel
318 1372 458 1434 Ecclesiae
475 1373 650 1450 utilitatem,
668 1379 738 1454 puta
753 1374 777 1434 si
799 1393 860 1435 non
879 1375 1018 1436 adessent
1031 1394 1128 1437 sacer-

151 1461 238 1522 dotes
256 1481 263 1520 :
279 1460 358 1521 velut
371 1461 476 1523 dicunt
490 1464 653 1538 Suarer...,
669 1462 791 1538 Peleus,
807 1463 969 1542 Sporer...,
984 1465 1040 1524 nisi
1056 1465 1132 1526 adsit

153 1550 315 1612 multitudo
334 1550 601 1631 baptizandorum,
620 1557 672 1614 aut
694 1550 750 1612 nisi
775 1551 924 1631 parochus
944 1552 983 1613 sit
1004 1553 1131 1632 graviter

152 1638 308 1714 infirmus,
323 1639 369 1707 vel
384 1640 680 1717 excommunicatus,
695 1639 742 1701 vel
755 1639 828 1701 ali'as
842 1648 1006 1720 occupatus
1018 1642 1131 1704 contes-

152 1727 290 1788 sionibus
310 1726 494 1808 excipiendis
516 1737 567 1790 aut
586 1728 802 1808 predicationi.
822 1749 838 1787 u
858 1731 888 1790 S.
906 1730 1042 1810 Liguor,
1058 1730 1077 1790 l.
1095 1735 1133 1806 a,

154 1823 186 1876 n⁰
201 1819 270 1878 116.

193 1905 369 1967 Secundum
381 1906 560 1967 sententiam
576 1906 820 1967 communiorem
834 1912 863 1966 et
879 1907 1133 1988 probabiliorem,

150 1991 299 2055 diaconus
322 1993 474 2074 baptizans
499 1993 666 2055 solenniter
683 1993 747 2054 sini
765 1994 985 2073 commissione,
1012 1997 1073 2060 sive
1100 2000 1134 2059 in-

153 2082 329 2144 necessitate
339 2083 400 2143 sive
410 2088 503 2158 extra,
513 2083 639 2144 incurrit
649 2083 911 2162 irregularitatem,
923 2085 946 2143 si
961 2084 1034 2146 illud
1045 2084 1132 2148 faciat

150 2189 189 2232 ex
208 2173 377 2232 temeritate
392 2176 422 2231 et
439 2189 510 2232 cum
529 2171 672 2244 scientia,
697 2189 785 2232 secus
807 2171 831 2231 si
856 2190 909 2250 per
930 2171 1134 2251 ignorantiam

150 2259 244 2321 etiam
259 2277 401 2321 crassam.
418 2259 493 2320 Vide
507 2278 573 2340 cap.
590 2257 627 2320 Si
639 2259 720 2340 qais,
736 2257 780 2319 De
793 2258 893 2320 cleric.
910 2278 968 2318 non
981 2261 1042 2323 ord.
1056 2264 1127 2322 min.

193 2347 297 2419 Quoad
313 2347 508 2408 Eucharistiae
526 2347 836 2422 administrationem,
866 2369 882 2406 u
898 2365 1043 2410 onmes...
1059 2367 1128 2412 con·

156 2458 172 2493 n
193 2437 317 2499 veniunt
332 2436 411 2517 qudd
430 2437 460 2496 in
476 2435 653 2496 necessitate
667 2437 813 2512 extrema,
827 2435 951 2496 absente
964 2437 1129 2511 sacerdote,

157 2547 173 2579 u
194 2524 340 2587 diaconus
352 2525 461 2605 poterit
475 2529 506 2584 et
519 2524 669 2585 tenebitur
681 2525 831 2584 Viaticum
846 2524 1018 2608 ministrare
1033 2525 1135 2588 adhuc

156 2637 172 2672 (ι
193 2615 259 2676 sine
271 2614 524 2690 commissione..;
538 2614 691 2675 Diaconus
705 2611 901 2688 autem,dum
911 2613 1130 2675 Eucharistiam

156 2725 173 2760 a
194 2702 360 2774 ministrat,
385 2702 474 2764 debet
502 2720 568 2764 esse
599 2701 723 2764 indutus
754 2702 972 2783 superpelliceo
997 2710 1027 2763 et
1055 2705 1134 2765 stola

156 2815 175 2854 ’τ
192 2795 397 2854 transversa...

197 2889 309 2951 «Cum
333 2889 532 2950 commissione
552 2889 643 2967 verd,
669 2890 873 2953 communiter
898 2889 1004 2954 dicunt
1028 2893 1132 2973 Suam,

156 2978 322 3051 «Paulus,
348 2979 391 3039 lle
406 2979 507 3059 hugo,
534 2978 694 3056 Salmant,
718 2989 790 3056 etc,
812 2979 948 3041 sufficere
969 2983 1131 3044 necessita*

155 3089 172 3124 e
191 3070 253 3129 tem
263 3085 397 3147 gravem,
411 3067 521 3147 nempe
535 3068 606 3128 clim
621 3067 723 3128 nullus
735 3066 811 3126 adsit
820 3067 971 3142 sacerdos,
985 3069 1036 3148 qui
1049 3087 1120 3132 com

156 3177 173 3214 a
193 3156 282 3217 mode
294 3155 386 3236 possit
396 3154 595 3216 ministraren
607 3154 695 3236 (vide
707 3157 738 3216 S.
749 3153 885 3234 Liguor.,
896 3154 948 3216 lib.
960 3159 991 3231 6,
1002 3160 1112 3220 n⁰237.

192 3253 426 3314 Controvcrtitur
436 3269 577 3334 quaenam
590 3253 627 3312 sit
642 3251 765 3313 materia
777 3259 806 3312 et
818 3249 914 3312 tunna
925 3251 1125 3316 Diaconattrs:

150 3341 200 3402 alii
231 3340 337 3403 dicunt
364 3359 428 3402 esse
455 3341 551 3402 solam
577 3340 769 3403 traditionem
800 3339 866 3400 libri
895 3341 1131 3421 Evangeliorum

150 3448 222 3492 cum
237 3432 293 3492 sua
307 3429 404 3490 forma
420 3448 427 3490 :
443 3427 568 3510 Accipe,
583 3437 640 3490 etc.
656 3429 713 3489 Alii
728 3428 834 3490 dicunt
847 3447 912 3490 esse
925 3429 1019 3489 solam
1034 3427 1126 3510 impo
1148 3488 1152 3497 ,

149 3518 292 3580 sitionern
307 3536 455 3579 manuum
468 3536 539 3578 cum
554 3517 650 3578 torma
668 3535 676 3578 :
692 3517 802 3599 Accipe
815 3516 967 3598 Spiritum
981 3517 1130 3582 Sanctum

150 3606 189 3667 nd
201 3606 304 3668 robur.
328 3605 385 3667 Alii
401 3605 522 3668 tandem
542 3606 649 3668 dicunt
666 3606 727 3667 duo
746 3605 865 3686 praelata
882 3624 947 3667 esse
969 3608 1127 3668 materiam

149 3695 352 3758 essentialem.
369 3695 444 3757 Vide
465 3695 595 3758 rationes
612 3695 714 3756 allatas
733 3713 788 3776 pro
804 3693 975 3776 respectivis
989 3695 1046 3756 illis
1058 3713 1126 3758 sen·

146 3785 267 3864 'rautiis,
282 3803 331 3866 ap.
352 3785 383 3846 6.
403 3784 525 3865 Liguor.
541 3785 604 3863 (lib.
621 3789 656 3860 6,
674 3795 708 3845 n⁰
722 3781 806 3863 718),
822 3785 874 3856 qui
889 3784 933 3845 sic
946 3783 1127 3846 concludit:
