<?xml version="1.0" encoding="UTF-8"?>
<!DOCTYPE html PUBLIC "-//W3C//DTD XHTML 1.0 Transitional//EN"
    "http://www.w3.org/TR/xhtml1/DTD/xhtml1-transitional.dtd">
<html xmlns="http://www.w3.org/1999/xhtml" xml:lang="en" lang="en">
 <head>
  <title>
</title>
<meta http-equiv="Content-Type" content="text/html;charset=utf-8" />
  <meta name='ocr-system' content='tesseract 3.04.00' />
  <meta name='ocr-capabilities' content='ocr_page ocr_carea ocr_par ocr_line ocrx_word'/>
</head>
<body>
  <div class='ocr_page' id='page_1' title='image "./elementajurisca01craigoog_0424.png"; bbox 0 0 2590 4214; ppageno 0'>
   <div class='ocr_carea' id='block_1_1' title="bbox 429 320 1103 398">
    <p class='ocr_par' dir='ltr' id='par_1_1' title="bbox 429 320 1103 398">
     <span class='ocr_line' id='line_1_1' title="bbox 429 320 1103 398; baseline 0.009 -26"><span class='ocrx_word' id='word_1_1' title='bbox 429 341 445 360; x_wconf 84' lang='lat'><strong>-‹</strong></span> <span class='ocrx_word' id='word_1_2' title='bbox 502 327 588 398; x_wconf 77' lang='lat' dir='ltr'><strong>tinen</strong></span> <span class='ocrx_word' id='word_1_3' title='bbox 609 329 727 374; x_wconf 86' lang='lat' dir='ltr'><strong>rntnns.</strong></span> <span class='ocrx_word' id='word_1_4' title='bbox 1045 320 1103 380; x_wconf 80' lang='lat' dir='ltr'><strong>loll</strong></span> 
     </span>
    </p>
   </div>
   <div class='ocr_carea' id='block_1_2' title="bbox 121 425 1139 1992">
    <p class='ocr_par' dir='ltr' id='par_1_2' title="bbox 131 425 1102 770">
     <span class='ocr_line' id='line_1_2' title="bbox 131 425 1102 510; baseline 0.005 -23"><span class='ocrx_word' id='word_1_5' title='bbox 131 447 147 480; x_wconf 75' lang='grc' dir='ltr'>ι</span> <span class='ocrx_word' id='word_1_6' title='bbox 169 425 308 488; x_wconf 88' lang='lat' dir='ltr'><strong>meliores</strong></span> <span class='ocrx_word' id='word_1_7' title='bbox 328 432 380 488; x_wconf 90' lang='lat' dir='ltr'><strong>aut</strong></span> <span class='ocrx_word' id='word_1_8' title='bbox 396 427 500 490; x_wconf 88' lang='lat' dir='ltr'><strong>saltem</strong></span> <span class='ocrx_word' id='word_1_9' title='bbox 515 427 661 509; x_wconf 85' lang='lat' dir='ltr'><strong>aequales,</strong></span> <span class='ocrx_word' id='word_1_10' title='bbox 684 427 716 488; x_wconf 93' lang='lat' dir='ltr'><strong>in</strong></span> <span class='ocrx_word' id='word_1_11' title='bbox 733 426 1102 510; x_wconf 85' lang='lat' dir='ltr'><strong>locumamovendarum,</strong></span> 
     </span>
     <span class='ocr_line' id='line_1_3' title="bbox 132 513 1101 596; baseline 0.012 -27"><span class='ocrx_word' id='word_1_12' title='bbox 132 536 147 568; x_wconf 80' lang='lat' dir='ltr'><strong>r</strong></span> <span class='ocrx_word' id='word_1_13' title='bbox 170 514 317 593; x_wconf 79' lang='lat' dir='ltr'>parochus</span> <span class='ocrx_word' id='word_1_14' title='bbox 330 515 430 595; x_wconf 75' lang='lat' dir='ltr'><strong>reipsa</strong></span> <span class='ocrx_word' id='word_1_15' title='bbox 443 516 616 592; x_wconf 79' lang='lat' dir='ltr'><strong>substituat,</strong></span> <span class='ocrx_word' id='word_1_16' title='bbox 633 515 690 576; x_wconf 92' lang='lat' dir='ltr'><strong>nisi</strong></span> <span class='ocrx_word' id='word_1_17' title='bbox 705 513 781 577; x_wconf 75' lang='lat' dir='ltr'><strong>forte</strong></span> <span class='ocrx_word' id='word_1_18' title='bbox 792 514 871 594; x_wconf 88' lang='lat' dir='ltr'><strong>justa</strong></span> <span class='ocrx_word' id='word_1_19' title='bbox 885 516 984 596; x_wconf 86' lang='lat' dir='ltr'><strong>aliqua</strong></span> <span class='ocrx_word' id='word_1_20' title='bbox 1000 537 1101 581; x_wconf 89' lang='lat' dir='ltr'><strong>neces·</strong></span> 
     </span>
     <span class='ocr_line' id='line_1_4' title="bbox 131 603 1102 686; baseline 0.01 -25"><span class='ocrx_word' id='word_1_21' title='bbox 131 623 147 654; x_wconf 71' lang='grc' dir='ltr'>α</span> <span class='ocrx_word' id='word_1_22' title='bbox 168 603 239 664; x_wconf 89' lang='lat' dir='ltr'><strong>sitas</strong></span> <span class='ocrx_word' id='word_1_23' title='bbox 248 621 335 666; x_wconf 89' lang='lat' dir='ltr'><strong>secus</strong></span> <span class='ocrx_word' id='word_1_24' title='bbox 345 604 479 673; x_wconf 81' lang='lat' dir='ltr'><strong>suadeat,</strong></span> <span class='ocrx_word' id='word_1_25' title='bbox 489 603 570 686; x_wconf 88' lang='lat' dir='ltr'><strong>quod</strong></span> <span class='ocrx_word' id='word_1_26' title='bbox 581 603 720 685; x_wconf 89' lang='lat' dir='ltr'><strong>Episcopi</strong></span> <span class='ocrx_word' id='word_1_27' title='bbox 731 603 899 685; x_wconf 77' lang='lat' dir='ltr'><strong>prudentiae</strong></span> <span class='ocrx_word' id='word_1_28' title='bbox 911 607 1102 671; x_wconf 89' lang='lat' dir='ltr'><strong>statuendum</strong></span> 
     </span>
     <span class='ocr_line' id='line_1_5' title="bbox 131 689 909 770; baseline 0.01 -22"><span class='ocrx_word' id='word_1_29' title='bbox 131 714 146 742; x_wconf 74' lang='lat' dir='ltr'><em>a</em></span> <span class='ocrx_word' id='word_1_30' title='bbox 169 689 391 770; x_wconf 74' lang='lat' dir='ltr'><strong>relinquitur.»</strong></span> <span class='ocrx_word' id='word_1_31' title='bbox 409 695 450 754; x_wconf 91' lang='lat' dir='ltr'><strong>lta</strong></span> <span class='ocrx_word' id='word_1_32' title='bbox 466 695 497 755; x_wconf 91' lang='lat' dir='ltr'><strong>S.</strong></span> <span class='ocrx_word' id='word_1_33' title='bbox 517 693 586 754; x_wconf 76' lang='lat' dir='ltr'><strong>Pius</strong></span> <span class='ocrx_word' id='word_1_34' title='bbox 600 693 637 754; x_wconf 89' lang='lat' dir='ltr'><strong>V.</strong></span> <span class='ocrx_word' id='word_1_35' title='bbox 907 709 909 712; x_wconf 88' lang='grc'><strong><em>·</em></strong></span> 
     </span>
    </p>

    <p class='ocr_par' dir='ltr' id='par_1_3' title="bbox 127 779 1139 1460">
     <span class='ocr_line' id='line_1_6' title="bbox 143 779 1105 866; baseline 0.011 -28"><span class='ocrx_word' id='word_1_36' title='bbox 143 819 148 823; x_wconf 95' lang='grc'>-</span> <span class='ocrx_word' id='word_1_37' title='bbox 170 781 240 840; x_wconf 78' lang='lat' dir='ltr'><strong>r3⁰</strong></span> <span class='ocrx_word' id='word_1_38' title='bbox 255 779 317 841; x_wconf 88' lang='lat' dir='ltr'><strong>Sub</strong></span> <span class='ocrx_word' id='word_1_39' title='bbox 332 780 654 843; x_wconf 80' lang='lat' dir='ltr'><strong>excommunicationis</strong></span> <span class='ocrx_word' id='word_1_40' title='bbox 668 780 795 861; x_wconf 86' lang='lat' dir='ltr'><strong>aliisque</strong></span> <span class='ocrx_word' id='word_1_41' title='bbox 809 781 994 862; x_wconf 79' lang='lat' dir='ltr'><strong>gravissimis</strong></span> <span class='ocrx_word' id='word_1_42' title='bbox 1008 787 1105 866; x_wconf 89' lang='lat' dir='ltr'><strong>poenis</strong></span> 
     </span>
     <span class='ocr_line' id='line_1_7' title="bbox 130 867 1101 940; baseline 0.015 -19"><span class='ocrx_word' id='word_1_43' title='bbox 130 889 145 921; x_wconf 76' lang='lat' dir='ltr'><strong>a</strong></span> <span class='ocrx_word' id='word_1_44' title='bbox 168 868 366 930; x_wconf 89' lang='lat' dir='ltr'><strong>constitutum</strong></span> <span class='ocrx_word' id='word_1_45' title='bbox 381 870 473 931; x_wconf 91' lang='lat' dir='ltr'><strong>estin</strong></span> <span class='ocrx_word' id='word_1_46' title='bbox 491 871 610 932; x_wconf 85' lang='lat' dir='ltr'><strong>Extrav.</strong></span> <span class='ocrx_word' id='word_1_47' title='bbox 626 867 816 940; x_wconf 72' lang='lat' dir='ltr'><strong>Ambitiosa,</strong></span> <span class='ocrx_word' id='word_1_48' title='bbox 840 869 884 930; x_wconf 86' lang='lat' dir='ltr'><strong>Do</strong></span> <span class='ocrx_word' id='word_1_49' title='bbox 902 869 986 940; x_wconf 79' lang='lat' dir='ltr'><strong>rebus</strong></span> <span class='ocrx_word' id='word_1_50' title='bbox 1003 873 1101 936; x_wconf 80' lang='lat' dir='ltr'><strong>eccles.</strong></span> 
     </span>
     <span class='ocr_line' id='line_1_8' title="bbox 130 955 1104 1038; baseline 0.011 -27"><span class='ocrx_word' id='word_1_51' title='bbox 130 972 225 1015; x_wconf 80' lang='lat' dir='ltr'><strong>«nnn</strong></span> <span class='ocrx_word' id='word_1_52' title='bbox 251 955 357 1033; x_wconf 60' lang='lat' dir='ltr'><strong>alien„</strong></span> <span class='ocrx_word' id='word_1_53' title='bbox 388 976 449 1032; x_wconf 91' lang='lat' dir='ltr'><strong>ne,</strong></span> <span class='ocrx_word' id='word_1_54' title='bbox 476 957 589 1038; x_wconf 84' lang='lat' dir='ltr'><strong>absque</strong></span> <span class='ocrx_word' id='word_1_55' title='bbox 621 957 796 1026; x_wconf 88' lang='lat' dir='ltr'><strong>auctoritate</strong></span> <span class='ocrx_word' id='word_1_56' title='bbox 827 958 1010 1038; x_wconf 79' lang='lat' dir='ltr'><strong>apostolica,</strong></span> <span class='ocrx_word' id='word_1_57' title='bbox 1042 961 1104 1022; x_wconf 90' lang='lat' dir='ltr'><strong>ullo</strong></span> 
     </span>
     <span class='ocr_line' id='line_1_9' title="bbox 128 1044 1139 1134; baseline 0.016 -36"><span class='ocrx_word' id='word_1_58' title='bbox 128 1063 143 1098; x_wconf 70' lang='lat' dir='ltr'><strong>a</strong></span> <span class='ocrx_word' id='word_1_59' title='bbox 166 1048 274 1122; x_wconf 83' lang='lat' dir='ltr'><strong>pacto,</strong></span> <span class='ocrx_word' id='word_1_60' title='bbox 297 1044 376 1106; x_wconf 90' lang='lat' dir='ltr'><strong>bona</strong></span> <span class='ocrx_word' id='word_1_61' title='bbox 399 1045 567 1108; x_wconf 89' lang='lat' dir='ltr'><strong>immobilia</strong></span> <span class='ocrx_word' id='word_1_62' title='bbox 590 1045 666 1108; x_wconf 88' lang='lat' dir='ltr'><strong>ultra</strong></span> <span class='ocrx_word' id='word_1_63' title='bbox 691 1045 856 1108; x_wconf 90' lang='lat' dir='ltr'><strong>triennium</strong></span> <span class='ocrx_word' id='word_1_64' title='bbox 880 1046 1033 1122; x_wconf 89' lang='lat' dir='ltr'><strong>locentur,</strong></span> <span class='ocrx_word' id='word_1_65' title='bbox 1052 1057 1104 1114; x_wconf 87' lang='lat' dir='ltr'><strong>aut</strong></span> <span class='ocrx_word' id='word_1_66' title='bbox 1137 1130 1139 1134; x_wconf 85' lang='lat'><strong>.</strong></span> 
     </span>
     <span class='ocr_line' id='line_1_10' title="bbox 128 1129 1103 1220; baseline 0.014 -34"><span class='ocrx_word' id='word_1_67' title='bbox 128 1153 143 1186; x_wconf 77' lang='lat' dir='ltr'><strong>r</strong></span> <span class='ocrx_word' id='word_1_68' title='bbox 164 1129 224 1192; x_wconf 81' lang='lat' dir='ltr'><strong>alia</strong></span> <span class='ocrx_word' id='word_1_69' title='bbox 243 1133 358 1195; x_wconf 89' lang='lat' dir='ltr'><strong>ratione</strong></span> <span class='ocrx_word' id='word_1_70' title='bbox 377 1133 582 1196; x_wconf 80' lang='lat' dir='ltr'><strong>alienentur...</strong></span> <span class='ocrx_word' id='word_1_71' title='bbox 606 1133 735 1196; x_wconf 88' lang='lat' dir='ltr'><strong>Nomine</strong></span> <span class='ocrx_word' id='word_1_72' title='bbox 756 1133 943 1197; x_wconf 78' lang='lat' dir='ltr'><strong>alienationis</strong></span> <span class='ocrx_word' id='word_1_73' title='bbox 968 1137 1103 1220; x_wconf 84' lang='lat' dir='ltr'><strong>intelligo</strong></span> 
     </span>
     <span class='ocr_line' id='line_1_11' title="bbox 127 1221 1100 1304; baseline 0.009 -24"><span class='ocrx_word' id='word_1_74' title='bbox 127 1241 141 1271; x_wconf 68' lang='grc' dir='ltr'><strong>«ι</strong></span> <span class='ocrx_word' id='word_1_75' title='bbox 164 1235 289 1280; x_wconf 91' lang='lat' dir='ltr'><strong>omnem</strong></span> <span class='ocrx_word' id='word_1_76' title='bbox 310 1227 411 1284; x_wconf 91' lang='lat' dir='ltr'><strong>actum</strong></span> <span class='ocrx_word' id='word_1_77' title='bbox 426 1240 487 1303; x_wconf 92' lang='lat' dir='ltr'><strong>quo</strong></span> <span class='ocrx_word' id='word_1_78' title='bbox 503 1221 674 1284; x_wconf 92' lang='lat' dir='ltr'><strong>dominium</strong></span> <span class='ocrx_word' id='word_1_79' title='bbox 693 1221 737 1284; x_wconf 89' lang='lat' dir='ltr'><strong>rei</strong></span> <span class='ocrx_word' id='word_1_80' title='bbox 754 1222 921 1301; x_wconf 89' lang='lat' dir='ltr'><strong>directum,</strong></span> <span class='ocrx_word' id='word_1_81' title='bbox 943 1225 988 1288; x_wconf 91' lang='lat' dir='ltr'><strong>vel</strong></span> <span class='ocrx_word' id='word_1_82' title='bbox 1012 1227 1100 1304; x_wconf 89' lang='lat' dir='ltr'><strong>utile,</strong></span> 
     </span>
     <span class='ocr_line' id='line_1_12' title="bbox 127 1309 1102 1388; baseline 0.011 -21"><span class='ocrx_word' id='word_1_83' title='bbox 127 1329 141 1362; x_wconf 77' lang='grc' dir='ltr'>α</span> <span class='ocrx_word' id='word_1_84' title='bbox 164 1313 216 1368; x_wconf 91' lang='lat' dir='ltr'><strong>aut</strong></span> <span class='ocrx_word' id='word_1_85' title='bbox 239 1309 448 1388; x_wconf 80' lang='lat' dir='ltr'><strong>ususfructus,</strong></span> <span class='ocrx_word' id='word_1_86' title='bbox 472 1317 524 1372; x_wconf 88' lang='lat' dir='ltr'><strong>aut</strong></span> <span class='ocrx_word' id='word_1_87' title='bbox 547 1328 620 1374; x_wconf 91' lang='lat' dir='ltr'><strong>usus</strong></span> <span class='ocrx_word' id='word_1_88' title='bbox 643 1310 674 1372; x_wconf 93' lang='lat' dir='ltr'><strong>in</strong></span> <span class='ocrx_word' id='word_1_89' title='bbox 697 1311 826 1374; x_wconf 86' lang='lat' dir='ltr'><strong>alterum</strong></span> <span class='ocrx_word' id='word_1_90' title='bbox 853 1313 1031 1378; x_wconf 85' lang='lat' dir='ltr'><strong>transfertur</strong></span> <span class='ocrx_word' id='word_1_91' title='bbox 1051 1321 1102 1378; x_wconf 89' lang='lat' dir='ltr'><strong>aut</strong></span> 
     </span>
     <span class='ocr_line' id='line_1_13' title="bbox 127 1394 353 1460; baseline 0.022 -5"><span class='ocrx_word' id='word_1_92' title='bbox 127 1418 143 1449; x_wconf 79' lang='lat' dir='ltr'><strong>o</strong></span> <span class='ocrx_word' id='word_1_93' title='bbox 166 1394 353 1460; x_wconf 63' lang='lat' dir='ltr'><strong>abdicatum.</strong></span> 
     </span>
    </p>

    <p class='ocr_par' dir='ltr' id='par_1_4' title="bbox 121 1485 1100 1992">
     <span class='ocr_line' id='line_1_14' title="bbox 166 1485 1100 1567; baseline 0.013 -25"><span class='ocrx_word' id='word_1_94' title='bbox 166 1489 235 1544; x_wconf 71' lang='lat'><strong>«4⁰</strong></span> <span class='ocrx_word' id='word_1_95' title='bbox 257 1487 290 1546; x_wconf 91' lang='lat' dir='ltr'><strong>ln</strong></span> <span class='ocrx_word' id='word_1_96' title='bbox 311 1487 491 1548; x_wconf 87' lang='lat' dir='ltr'><strong>alienatione</strong></span> <span class='ocrx_word' id='word_1_97' title='bbox 513 1505 614 1550; x_wconf 88' lang='lat' dir='ltr'><strong>rerum</strong></span> <span class='ocrx_word' id='word_1_98' title='bbox 634 1487 809 1550; x_wconf 89' lang='lat' dir='ltr'><strong>tenuiorum</strong></span> <span class='ocrx_word' id='word_1_99' title='bbox 832 1485 917 1567; x_wconf 84' lang='lat' dir='ltr'><strong>(quae</strong></span> <span class='ocrx_word' id='word_1_100' title='bbox 932 1509 993 1552; x_wconf 93' lang='lat' dir='ltr'><strong>non</strong></span> <span class='ocrx_word' id='word_1_101' title='bbox 1008 1510 1100 1554; x_wconf 83' lang='lat' dir='ltr'><strong>exce-</strong></span> 
     </span>
     <span class='ocr_line' id='line_1_15' title="bbox 125 1571 1097 1657; baseline 0.014 -28"><span class='ocrx_word' id='word_1_102' title='bbox 125 1593 140 1628; x_wconf 75' lang='lat'>«</span> <span class='ocrx_word' id='word_1_103' title='bbox 160 1571 284 1636; x_wconf 74' lang='lat' dir='ltr'><strong>dunt25</strong></span> <span class='ocrx_word' id='word_1_104' title='bbox 293 1581 448 1638; x_wconf 89' lang='lat' dir='ltr'><strong>scutorum</strong></span> <span class='ocrx_word' id='word_1_105' title='bbox 457 1576 847 1653; x_wconf 80' lang='lat' dir='ltr'><strong>aureorumralorem,licet</strong></span> <span class='ocrx_word' id='word_1_106' title='bbox 857 1577 1097 1657; x_wconf 65' lang='lat' dir='ltr'><strong>immobilium„</strong></span> 
     </span>
     <span class='ocr_line' id='line_1_16' title="bbox 125 1662 1098 1746; baseline 0.009 -23"><span class='ocrx_word' id='word_1_107' title='bbox 125 1682 141 1716; x_wconf 78' lang='lat' dir='ltr'><strong>o</strong></span> <span class='ocrx_word' id='word_1_108' title='bbox 162 1662 271 1724; x_wconf 88' lang='lat' dir='ltr'><strong>sufficit</strong></span> <span class='ocrx_word' id='word_1_109' title='bbox 301 1662 389 1744; x_wconf 81' lang='lat' dir='ltr'><strong>(sicut</strong></span> <span class='ocrx_word' id='word_1_110' title='bbox 411 1682 467 1745; x_wconf 91' lang='lat' dir='ltr'><strong>pro</strong></span> <span class='ocrx_word' id='word_1_111' title='bbox 491 1663 666 1746; x_wconf 90' lang='lat' dir='ltr'><strong>mobilibus)</strong></span> <span class='ocrx_word' id='word_1_112' title='bbox 696 1664 815 1726; x_wconf 90' lang='lat' dir='ltr'><strong>licentia</strong></span> <span class='ocrx_word' id='word_1_113' title='bbox 843 1664 1007 1744; x_wconf 74' lang='lat' dir='ltr'><strong>ordinarii,</strong></span> <span class='ocrx_word' id='word_1_114' title='bbox 1037 1688 1098 1732; x_wconf 91' lang='lat' dir='ltr'><strong>nnn</strong></span> 
     </span>
     <span class='ocr_line' id='line_1_17' title="bbox 125 1752 1099 1820; baseline 0.014 -14"><span class='ocrx_word' id='word_1_115' title='bbox 125 1770 140 1806; x_wconf 79' lang='lat' dir='ltr'><strong>o</strong></span> <span class='ocrx_word' id='word_1_116' title='bbox 162 1755 264 1814; x_wconf 86' lang='lat' dir='ltr'><strong>tamen</strong></span> <span class='ocrx_word' id='word_1_117' title='bbox 279 1753 388 1814; x_wconf 81' lang='lat' dir='ltr'><strong>vicarii</strong></span> <span class='ocrx_word' id='word_1_118' title='bbox 414 1753 577 1815; x_wconf 87' lang='lat' dir='ltr'><strong>Generalis.</strong></span> <span class='ocrx_word' id='word_1_119' title='bbox 599 1776 613 1812; x_wconf 82' lang='lat' dir='ltr'><strong>n</strong></span> <span class='ocrx_word' id='word_1_120' title='bbox 632 1753 691 1815; x_wconf 86' lang='lat' dir='ltr'><strong>Sed</strong></span> <span class='ocrx_word' id='word_1_121' title='bbox 711 1752 777 1814; x_wconf 87' lang='lat' dir='ltr'><strong>ride</strong></span> <span class='ocrx_word' id='word_1_122' title='bbox 799 1762 935 1816; x_wconf 91' lang='lat' dir='ltr'><strong>nostrum</strong></span> <span class='ocrx_word' id='word_1_123' title='bbox 959 1755 1099 1820; x_wconf 83' lang='lat' dir='ltr'><strong>Manuale</strong></span> 
     </span>
     <span class='ocr_line' id='line_1_18' title="bbox 121 1839 1097 1927; baseline 0.01 -27"><span class='ocrx_word' id='word_1_124' title='bbox 121 1839 227 1922; x_wconf 74' lang='lat'>(2915)</span> <span class='ocrx_word' id='word_1_125' title='bbox 244 1840 294 1902; x_wconf 91' lang='lat' dir='ltr'><strong>uhi</strong></span> <span class='ocrx_word' id='word_1_126' title='bbox 309 1840 528 1922; x_wconf 71' lang='lat' dir='ltr'><strong>usquequam</strong></span> <span class='ocrx_word' id='word_1_127' title='bbox 550 1841 585 1904; x_wconf 85' lang='lat' dir='ltr'><strong>fr.</strong></span> <span class='ocrx_word' id='word_1_128' title='bbox 601 1841 680 1904; x_wconf 87' lang='lat' dir='ltr'><strong>hanc</strong></span> <span class='ocrx_word' id='word_1_129' title='bbox 695 1841 845 1904; x_wconf 88' lang='lat' dir='ltr'><strong>licentiam</strong></span> <span class='ocrx_word' id='word_1_130' title='bbox 866 1845 1000 1906; x_wconf 85' lang='lat' dir='ltr'><strong>extendit</strong></span> <span class='ocrx_word' id='word_1_131' title='bbox 1019 1846 1097 1927; x_wconf 92' lang='lat' dir='ltr'><strong>ipse·</strong></span> 
     </span>
     <span class='ocr_line' id='line_1_19' title="bbox 121 1929 1046 1992; baseline 0.009 -4"><span class='ocrx_word' id='word_1_132' title='bbox 121 1935 185 1992; x_wconf 83' lang='lat' dir='ltr'><strong>utet</strong></span> <span class='ocrx_word' id='word_1_133' title='bbox 198 1929 305 1990; x_wconf 89' lang='lat' dir='ltr'><strong>Bouix.</strong></span> <span class='ocrx_word' id='word_1_134' title='bbox 1043 1934 1046 1942; x_wconf 82' lang='lat'>&#39;</span> 
     </span>
    </p>
   </div>
   <div class='ocr_carea' id='block_1_3' title="bbox 166 2018 1202 2100">
    <p class='ocr_par' dir='ltr' id='par_1_5' title="bbox 166 2018 1202 2100">
     <span class='ocr_line' id='line_1_20' title="bbox 166 2018 1202 2100; baseline 0.011 -23"><span class='ocrx_word' id='word_1_135' title='bbox 166 2038 183 2077; x_wconf 76' lang='lat' dir='ltr'><strong>q</strong></span> <span class='ocrx_word' id='word_1_136' title='bbox 203 2021 236 2080; x_wconf 76' lang='lat'><strong>5⁰</strong></span> <span class='ocrx_word' id='word_1_137' title='bbox 257 2018 368 2100; x_wconf 86' lang='lat' dir='ltr'><strong>Nequit</strong></span> <span class='ocrx_word' id='word_1_138' title='bbox 381 2018 618 2098; x_wconf 90' lang='lat' dir='ltr'><strong>parochusbona</strong></span> <span class='ocrx_word' id='word_1_139' title='bbox 630 2019 765 2082; x_wconf 87' lang='lat' dir='ltr'><strong>ccclesiae</strong></span> <span class='ocrx_word' id='word_1_140' title='bbox 780 2019 879 2082; x_wconf 86' lang='lat' dir='ltr'><strong>locare</strong></span> <span class='ocrx_word' id='word_1_141' title='bbox 897 2041 969 2083; x_wconf 90' lang='lat' dir='ltr'><strong>cum</strong></span> <span class='ocrx_word' id='word_1_142' title='bbox 985 2019 1096 2086; x_wconf 86' lang='lat' dir='ltr'><strong>antici·</strong></span> <span class='ocrx_word' id='word_1_143' title='bbox 1198 2034 1202 2040; x_wconf 89' lang='grc'><em>’</em></span> 
     </span>
    </p>
   </div>
   <div class='ocr_carea' id='block_1_4' title="bbox 115 2106 1096 3256">
    <p class='ocr_par' dir='ltr' id='par_1_6' title="bbox 119 2106 914 2186">
     <span class='ocr_line' id='line_1_21' title="bbox 119 2106 914 2186; baseline 0.004 -17"><span class='ocrx_word' id='word_1_144' title='bbox 119 2106 198 2186; x_wconf 83' lang='lat' dir='ltr'><strong>petis</strong></span> <span class='ocrx_word' id='word_1_145' title='bbox 212 2107 414 2170; x_wconf 89' lang='lat' dir='ltr'><strong>solutionibus</strong></span> <span class='ocrx_word' id='word_1_146' title='bbox 428 2107 585 2184; x_wconf 84' lang='lat' dir='ltr'><strong>(Trident,</strong></span> <span class='ocrx_word' id='word_1_147' title='bbox 601 2126 675 2170; x_wconf 89' lang='lat' dir='ltr'><strong>sess.</strong></span> <span class='ocrx_word' id='word_1_148' title='bbox 686 2111 746 2180; x_wconf 71' lang='lat' dir='ltr'><strong>El,</strong></span> <span class='ocrx_word' id='word_1_149' title='bbox 764 2125 836 2170; x_wconf 91' lang='lat' dir='ltr'><strong>sess.</strong></span> <span class='ocrx_word' id='word_1_150' title='bbox 855 2111 914 2184; x_wconf 82' lang='lat' dir='ltr'><strong>ll).</strong></span> 
     </span>
    </p>

    <p class='ocr_par' dir='ltr' id='par_1_7' title="bbox 121 2195 1096 2612">
     <span class='ocr_line' id='line_1_22' title="bbox 162 2195 1096 2281; baseline 0.009 -25"><span class='ocrx_word' id='word_1_151' title='bbox 162 2197 268 2258; x_wconf 70' lang='lat'><strong>«6⁰...</strong></span> <span class='ocrx_word' id='word_1_152' title='bbox 295 2196 435 2276; x_wconf 85' lang='lat' dir='ltr'><strong>Exceptis</strong></span> <span class='ocrx_word' id='word_1_153' title='bbox 458 2195 615 2276; x_wconf 90' lang='lat' dir='ltr'><strong>prohibitis</strong></span> <span class='ocrx_word' id='word_1_154' title='bbox 642 2197 783 2274; x_wconf 86' lang='lat' dir='ltr'><strong>casibus,</strong></span> <span class='ocrx_word' id='word_1_155' title='bbox 811 2197 847 2258; x_wconf 91' lang='lat' dir='ltr'><strong>ad</strong></span> <span class='ocrx_word' id='word_1_156' title='bbox 875 2197 974 2278; x_wconf 89' lang='lat' dir='ltr'><strong>ipsum</strong></span> <span class='ocrx_word' id='word_1_157' title='bbox 1000 2203 1096 2281; x_wconf 84' lang='lat' dir='ltr'><strong>(paro-</strong></span> 
     </span>
     <span class='ocr_line' id='line_1_23' title="bbox 122 2283 1095 2367; baseline 0.012 -25"><span class='ocrx_word' id='word_1_158' title='bbox 122 2309 137 2342; x_wconf 76' lang='lat' dir='ltr'><strong>n</strong></span> <span class='ocrx_word' id='word_1_159' title='bbox 157 2283 266 2366; x_wconf 89' lang='lat' dir='ltr'><strong>chum)</strong></span> <span class='ocrx_word' id='word_1_160' title='bbox 286 2291 399 2366; x_wconf 88' lang='lat' dir='ltr'><strong>spectat</strong></span> <span class='ocrx_word' id='word_1_161' title='bbox 417 2289 589 2346; x_wconf 89' lang='lat' dir='ltr'><strong>contractus</strong></span> <span class='ocrx_word' id='word_1_162' title='bbox 607 2285 707 2367; x_wconf 90' lang='lat' dir='ltr'><strong>quoad</strong></span> <span class='ocrx_word' id='word_1_163' title='bbox 727 2303 775 2347; x_wconf 89' lang='lat' dir='ltr'><strong>res</strong></span> <span class='ocrx_word' id='word_1_164' title='bbox 791 2286 925 2348; x_wconf 84' lang='lat' dir='ltr'><strong>ecclesiae</strong></span> <span class='ocrx_word' id='word_1_165' title='bbox 939 2306 1003 2350; x_wconf 90' lang='lat' dir='ltr'><strong>suae</strong></span> <span class='ocrx_word' id='word_1_166' title='bbox 1021 2297 1095 2354; x_wconf 91' lang='lat' dir='ltr'><strong>tem·</strong></span> 
     </span>
     <span class='ocr_line' id='line_1_24' title="bbox 122 2372 1093 2456; baseline 0.013 -26"><span class='ocrx_word' id='word_1_167' title='bbox 122 2398 136 2431; x_wconf 79' lang='lat' dir='ltr'><strong>q</strong></span> <span class='ocrx_word' id='word_1_168' title='bbox 159 2373 277 2454; x_wconf 88' lang='lat' dir='ltr'><strong>poralcs</strong></span> <span class='ocrx_word' id='word_1_169' title='bbox 304 2373 421 2450; x_wconf 85' lang='lat' dir='ltr'><strong>facere,</strong></span> <span class='ocrx_word' id='word_1_170' title='bbox 450 2372 616 2452; x_wconf 88' lang='lat' dir='ltr'><strong>injudicio</strong></span> <span class='ocrx_word' id='word_1_171' title='bbox 641 2382 718 2436; x_wconf 91' lang='lat' dir='ltr'><strong>stare</strong></span> <span class='ocrx_word' id='word_1_172' title='bbox 743 2393 798 2456; x_wconf 85' lang='lat' dir='ltr'><strong>pro</strong></span> <span class='ocrx_word' id='word_1_173' title='bbox 819 2376 938 2437; x_wconf 87' lang='lat' dir='ltr'><strong>tuendis</strong></span> <span class='ocrx_word' id='word_1_174' title='bbox 958 2378 1093 2456; x_wconf 87' lang='lat' dir='ltr'><strong>ejusdem</strong></span> 
     </span>
     <span class='ocr_line' id='line_1_25' title="bbox 121 2461 1092 2544; baseline 0.014 -27"><span class='ocrx_word' id='word_1_175' title='bbox 121 2487 135 2518; x_wconf 76' lang='lat' dir='ltr'><strong>l</strong></span> <span class='ocrx_word' id='word_1_176' title='bbox 158 2461 295 2524; x_wconf 86' lang='lat' dir='ltr'><strong>ecclesiae</strong></span> <span class='ocrx_word' id='word_1_177' title='bbox 311 2461 450 2540; x_wconf 85' lang='lat' dir='ltr'><strong>juribus,</strong></span> <span class='ocrx_word' id='word_1_178' title='bbox 466 2470 495 2523; x_wconf 88' lang='lat' dir='ltr'><strong>et</strong></span> <span class='ocrx_word' id='word_1_179' title='bbox 508 2479 570 2524; x_wconf 92' lang='lat' dir='ltr'><strong>uno</strong></span> <span class='ocrx_word' id='word_1_180' title='bbox 588 2461 700 2540; x_wconf 87' lang='lat' dir='ltr'><strong>verbo,</strong></span> <span class='ocrx_word' id='word_1_181' title='bbox 721 2481 881 2544; x_wconf 88' lang='lat' dir='ltr'><strong>personam</strong></span> <span class='ocrx_word' id='word_1_182' title='bbox 901 2465 1092 2532; x_wconf 91' lang='lat' dir='ltr'><strong>administra-</strong></span> 
     </span>
     <span class='ocr_line' id='line_1_26' title="bbox 121 2550 381 2612; baseline -0.004 -3"><span class='ocrx_word' id='word_1_183' title='bbox 121 2573 136 2609; x_wconf 74' lang='grc' dir='ltr'><strong>ι(</strong></span> <span class='ocrx_word' id='word_1_184' title='bbox 156 2551 231 2612; x_wconf 87' lang='lat' dir='ltr'><strong>toris</strong></span> <span class='ocrx_word' id='word_1_185' title='bbox 243 2550 350 2612; x_wconf 88' lang='lat' dir='ltr'><strong>lacere.</strong></span> <span class='ocrx_word' id='word_1_186' title='bbox 366 2571 381 2608; x_wconf 84' lang='lat' dir='ltr'><strong>n</strong></span> 
     </span>
    </p>

    <p class='ocr_par' dir='ltr' id='par_1_8' title="bbox 115 2639 1092 3147">
     <span class='ocr_line' id='line_1_27' title="bbox 156 2639 1092 2722; baseline 0.011 -22"><span class='ocrx_word' id='word_1_187' title='bbox 156 2643 191 2700; x_wconf 71' lang='lat'><strong>”1⁰</strong></span> <span class='ocrx_word' id='word_1_188' title='bbox 210 2641 265 2702; x_wconf 85' lang='lat' dir='ltr'><strong>lus</strong></span> <span class='ocrx_word' id='word_1_189' title='bbox 281 2647 382 2700; x_wconf 90' lang='lat' dir='ltr'><strong>tamen</strong></span> <span class='ocrx_word' id='word_1_190' title='bbox 401 2639 523 2719; x_wconf 89' lang='lat' dir='ltr'><strong>parochi</strong></span> <span class='ocrx_word' id='word_1_191' title='bbox 547 2645 685 2702; x_wconf 90' lang='lat' dir='ltr'><strong>remanet</strong></span> <span class='ocrx_word' id='word_1_192' title='bbox 707 2658 827 2722; x_wconf 88' lang='lat' dir='ltr'><strong>semper</strong></span> <span class='ocrx_word' id='word_1_193' title='bbox 847 2647 875 2704; x_wconf 91' lang='lat' dir='ltr'><strong>et</strong></span> <span class='ocrx_word' id='word_1_194' title='bbox 901 2641 932 2702; x_wconf 93' lang='lat' dir='ltr'><strong>in</strong></span> <span class='ocrx_word' id='word_1_195' title='bbox 951 2645 1092 2710; x_wconf 84' lang='lat' dir='ltr'><strong>omnibus</strong></span> 
     </span>
     <span class='ocr_line' id='line_1_28' title="bbox 116 2727 1091 2812; baseline 0.01 -22"><span class='ocrx_word' id='word_1_196' title='bbox 116 2728 286 2792; x_wconf 89' lang='lat' dir='ltr'><strong>auctoritati</strong></span> <span class='ocrx_word' id='word_1_197' title='bbox 310 2727 461 2802; x_wconf 78' lang='lat' dir='ltr'><strong>ordinarii</strong></span> <span class='ocrx_word' id='word_1_198' title='bbox 488 2728 719 2792; x_wconf 88' lang='lat' dir='ltr'><strong>subordinatum</strong></span> <span class='ocrx_word' id='word_1_199' title='bbox 735 2748 743 2792; x_wconf 74' lang='grc' dir='ltr'><strong>ε</strong></span> <span class='ocrx_word' id='word_1_200' title='bbox 759 2731 886 2812; x_wconf 87' lang='lat' dir='ltr'><strong>proinde</strong></span> <span class='ocrx_word' id='word_1_201' title='bbox 900 2731 1029 2796; x_wconf 90' lang='lat' dir='ltr'><strong>liberum</strong></span> <span class='ocrx_word' id='word_1_202' title='bbox 1047 2748 1091 2800; x_wconf 91' lang='lat' dir='ltr'><strong>est</strong></span> 
     </span>
     <span class='ocr_line' id='line_1_29' title="bbox 116 2817 1086 2905; baseline 0.008 -25"><span class='ocrx_word' id='word_1_203' title='bbox 116 2818 267 2900; x_wconf 78' lang='lat' dir='ltr'><strong>Episcopo</strong></span> <span class='ocrx_word' id='word_1_204' title='bbox 282 2817 583 2898; x_wconf 70' lang='lat' dir='ltr'><strong>quas&#39;existimaverit</strong></span> <span class='ocrx_word' id='word_1_205' title='bbox 597 2817 728 2897; x_wconf 87' lang='lat' dir='ltr'><strong>parocho</strong></span> <span class='ocrx_word' id='word_1_206' title='bbox 743 2820 936 2902; x_wconf 88' lang='lat' dir='ltr'><strong>praescribere</strong></span> <span class='ocrx_word' id='word_1_207' title='bbox 955 2824 1086 2905; x_wconf 79' lang='lat' dir='ltr'><strong>regulas,</strong></span> 
     </span>
     <span class='ocr_line' id='line_1_30' title="bbox 116 2904 1090 2994; baseline 0.008 -25"><span class='ocrx_word' id='word_1_208' title='bbox 116 2909 198 2969; x_wconf 90' lang='lat' dir='ltr'><strong>circa</strong></span> <span class='ocrx_word' id='word_1_209' title='bbox 212 2904 414 2987; x_wconf 86' lang='lat' dir='ltr'><strong>temporalem</strong></span> <span class='ocrx_word' id='word_1_210' title='bbox 425 2906 884 2986; x_wconf 86' lang='lat' dir='ltr'><strong>parochiaeadministrationem,</strong></span> <span class='ocrx_word' id='word_1_211' title='bbox 896 2911 987 2973; x_wconf 79' lang='lat' dir='ltr'><strong>modo</strong></span> <span class='ocrx_word' id='word_1_212' title='bbox 1002 2916 1090 2994; x_wconf 82' lang='lat' dir='ltr'><strong>Apes</strong></span> 
     </span>
     <span class='ocr_line' id='line_1_31' title="bbox 115 2995 1089 3080; baseline 0.01 -24"><span class='ocrx_word' id='word_1_213' title='bbox 115 2996 216 3058; x_wconf 88' lang='lat' dir='ltr'><strong>tolicis</strong></span> <span class='ocrx_word' id='word_1_214' title='bbox 230 2995 514 3058; x_wconf 70' lang='lat' dir='ltr'><strong>constitutionibus.</strong></span> <span class='ocrx_word' id='word_1_215' title='bbox 525 3011 578 3058; x_wconf 90' lang='lat' dir='ltr'><strong>seu</strong></span> <span class='ocrx_word' id='word_1_216' title='bbox 588 2995 807 3059; x_wconf 89' lang='lat' dir='ltr'><strong>universalibus</strong></span> <span class='ocrx_word' id='word_1_217' title='bbox 821 2997 962 3060; x_wconf 84' lang='lat' dir='ltr'><strong>Ecclesiae</strong></span> <span class='ocrx_word' id='word_1_218' title='bbox 976 3000 1089 3080; x_wconf 83' lang='lat' dir='ltr'><strong>legibus</strong></span> 
     </span>
     <span class='ocr_line' id='line_1_32' title="bbox 117 3083 887 3147; baseline -0.005 -2"><span class='ocrx_word' id='word_1_219' title='bbox 117 3103 180 3147; x_wconf 93' lang='lat' dir='ltr'><strong>non</strong></span> <span class='ocrx_word' id='word_1_220' title='bbox 197 3083 402 3146; x_wconf 89' lang='lat' dir='ltr'><strong>adversentur.</strong></span> <span class='ocrx_word' id='word_1_221' title='bbox 882 3091 887 3098; x_wconf 89' lang='lat'>&#39;</span> 
     </span>
    </p>

    <p class='ocr_par' dir='ltr' id='par_1_9' title="bbox 154 3169 1086 3256">
     <span class='ocr_line' id='line_1_33' title="bbox 154 3169 1086 3256; baseline 0.008 -22"><span class='ocrx_word' id='word_1_222' title='bbox 154 3177 225 3234; x_wconf 84' lang='lat'><strong>550.</strong></span> <span class='ocrx_word' id='word_1_223' title='bbox 250 3173 371 3242; x_wconf 75' lang='lat' dir='ltr'><strong>Quaerit.</strong></span> <span class='ocrx_word' id='word_1_224' title='bbox 392 3172 424 3232; x_wconf 75' lang='lat'><strong>2⁰</strong></span> <span class='ocrx_word' id='word_1_225' title='bbox 446 3172 492 3230; x_wconf 81' lang='lat' dir='ltr'><strong>An</strong></span> <span class='ocrx_word' id='word_1_226' title='bbox 513 3169 645 3250; x_wconf 79' lang='lat' dir='ltr'><strong>legitime</strong></span> <span class='ocrx_word' id='word_1_227' title='bbox 665 3171 748 3234; x_wconf 91' lang='lat' dir='ltr'><strong>laicis</strong></span> <span class='ocrx_word' id='word_1_228' title='bbox 774 3172 814 3254; x_wconf 90' lang='lat' dir='ltr'><strong>(v.</strong></span> <span class='ocrx_word' id='word_1_229' title='bbox 829 3194 859 3256; x_wconf 84' lang='lat' dir='ltr'><strong>g.</strong></span> <span class='ocrx_word' id='word_1_230' title='bbox 879 3177 1086 3252; x_wconf 60' lang='lat' dir='ltr'><strong>matriculariis</strong></span> 
     </span>
    </p>
   </div>
   <div class='ocr_carea' id='block_1_5' title="bbox 114 3308 1080 3542">
    <p class='ocr_par' dir='ltr' id='par_1_10' title="bbox 114 3308 1080 3542">
     <span class='ocr_line' id='line_1_34' title="bbox 144 3308 1080 3393; baseline 0.029 -33"><span class='ocrx_word' id='word_1_231' title='bbox 144 3309 154 3341; x_wconf 80' lang='lat'><strong>¹</strong></span> <span class='ocrx_word' id='word_1_232' title='bbox 171 3308 240 3361; x_wconf 82' lang='lat' dir='ltr'><strong>Circa</strong></span> <span class='ocrx_word' id='word_1_233' title='bbox 252 3310 315 3362; x_wconf 89' lang='lat' dir='ltr'><strong>hanc</strong></span> <span class='ocrx_word' id='word_1_234' title='bbox 335 3315 463 3381; x_wconf 73' lang='lat' dir='ltr'><strong>Exti-arag.</strong></span> <span class='ocrx_word' id='word_1_235' title='bbox 482 3317 519 3368; x_wconf 86' lang='lat' dir='ltr'><strong>sic</strong></span> <span class='ocrx_word' id='word_1_236' title='bbox 538 3319 613 3372; x_wconf 84' lang='lat' dir='ltr'><strong>habel</strong></span> <span class='ocrx_word' id='word_1_237' title='bbox 630 3322 770 3391; x_wconf 66' lang='lat' dir='ltr'><strong>Reiffenrt„</strong></span> <span class='ocrx_word' id='word_1_238' title='bbox 788 3332 831 3380; x_wconf 84' lang='lat' dir='ltr'><strong>nn.</strong></span> <span class='ocrx_word' id='word_1_239' title='bbox 849 3331 872 3391; x_wconf 81' lang='grc'><strong>3,</strong></span> <span class='ocrx_word' id='word_1_240' title='bbox 885 3331 922 3381; x_wconf 89' lang='lat' dir='ltr'><strong>tit.</strong></span> <span class='ocrx_word' id='word_1_241' title='bbox 936 3333 973 3393; x_wconf 82' lang='lat' dir='ltr'><strong>la,</strong></span> <span class='ocrx_word' id='word_1_242' title='bbox 989 3344 1016 3384; x_wconf 78' lang='lat' dir='ltr'><strong>ut</strong></span> <span class='ocrx_word' id='word_1_243' title='bbox 1032 3336 1080 3386; x_wconf 72' lang='lat'><strong>32·</strong></span> 
     </span>
     <span class='ocr_line' id='line_1_35' title="bbox 114 3379 1071 3460; baseline 0.039 -36"><span class='ocrx_word' id='word_1_244' title='bbox 114 3398 125 3424; x_wconf 80' lang='grc' dir='ltr'>ι</span> <span class='ocrx_word' id='word_1_245' title='bbox 144 3379 180 3431; x_wconf 84' lang='lat' dir='ltr'><strong>lle</strong></span> <span class='ocrx_word' id='word_1_246' title='bbox 190 3383 383 3446; x_wconf 83' lang='lat' dir='ltr'><strong>consuetudine,</strong></span> <span class='ocrx_word' id='word_1_247' title='bbox 398 3389 533 3450; x_wconf 79' lang='lat' dir='ltr'><strong>prasertim</strong></span> <span class='ocrx_word' id='word_1_248' title='bbox 550 3392 575 3442; x_wconf 93' lang='lat' dir='ltr'><strong>in</strong></span> <span class='ocrx_word' id='word_1_249' title='bbox 591 3393 721 3448; x_wconf 74' lang='lat' dir='ltr'><strong>Germanii</strong></span> <span class='ocrx_word' id='word_1_250' title='bbox 732 3407 757 3448; x_wconf 83' lang='lat' dir='ltr'><strong>ct</strong></span> <span class='ocrx_word' id='word_1_251' title='bbox 768 3400 830 3451; x_wconf 84' lang='lat' dir='ltr'><strong>locis</strong></span> <span class='ocrx_word' id='word_1_252' title='bbox 842 3402 873 3452; x_wconf 87' lang='lat' dir='ltr'><strong>ab</strong></span> <span class='ocrx_word' id='word_1_253' title='bbox 886 3401 951 3454; x_wconf 88' lang='lat' dir='ltr'><strong>Urbe</strong></span> <span class='ocrx_word' id='word_1_254' title='bbox 970 3409 1071 3460; x_wconf 86' lang='lat' dir='ltr'><strong>remotis</strong></span> 
     </span>
     <span class='ocr_line' id='line_1_36' title="bbox 114 3449 1080 3542; baseline 0.037 -46"><span class='ocrx_word' id='word_1_255' title='bbox 114 3449 188 3502; x_wconf 76' lang='lat' dir='ltr'><strong>«uhi</strong></span> <span class='ocrx_word' id='word_1_256' title='bbox 201 3451 308 3504; x_wconf 84' lang='lat' dir='ltr'><strong>dilltcilis</strong></span> <span class='ocrx_word' id='word_1_257' title='bbox 328 3457 410 3508; x_wconf 77' lang='lat' dir='ltr'><strong>aditus</strong></span> <span class='ocrx_word' id='word_1_258' title='bbox 426 3461 456 3509; x_wconf 86' lang='lat' dir='ltr'><strong>ad</strong></span> <span class='ocrx_word' id='word_1_259' title='bbox 469 3459 561 3526; x_wconf 85' lang='lat' dir='ltr'><strong>Papam</strong></span> <span class='ocrx_word' id='word_1_260' title='bbox 582 3472 627 3526; x_wconf 88' lang='lat' dir='ltr'><strong>est,</strong></span> <span class='ocrx_word' id='word_1_261' title='bbox 646 3467 711 3519; x_wconf 86' lang='lat' dir='ltr'><strong>dicta</strong></span> <span class='ocrx_word' id='word_1_262' title='bbox 729 3470 896 3536; x_wconf 78' lang='lat' dir='ltr'><strong>Extravagans</strong></span> <span class='ocrx_word' id='word_1_263' title='bbox 914 3487 1011 3542; x_wconf 83' lang='lat' dir='ltr'><strong>recepta</strong></span> <span class='ocrx_word' id='word_1_264' title='bbox 1033 3452 1080 3532; x_wconf 74' lang='lat' dir='ltr'><strong>nori</strong></span> 
     </span>
    </p>
   </div>
   <div class='ocr_carea' id='block_1_6' title="bbox 115 3523 1081 3687">
    <p class='ocr_par' dir='ltr' id='par_1_11' title="bbox 115 3523 1081 3687">
     <span class='ocr_line' id='line_1_37' title="bbox 115 3523 1081 3616; baseline 0.036 -48"><span class='ocrx_word' id='word_1_265' title='bbox 115 3539 126 3568; x_wconf 81' lang='grc' dir='ltr'>ι</span> <span class='ocrx_word' id='word_1_266' title='bbox 143 3527 190 3584; x_wconf 81' lang='lat' dir='ltr'><strong>est,</strong></span> <span class='ocrx_word' id='word_1_267' title='bbox 205 3523 388 3608; x_wconf 30' lang='lat' dir='ltr'><strong>sallem-quoad</strong></span> <span class='ocrx_word' id='word_1_268' title='bbox 401 3531 448 3580; x_wconf 85' lang='lat' dir='ltr'><strong>hoc</strong></span> <span class='ocrx_word' id='word_1_269' title='bbox 460 3539 487 3582; x_wconf 90' lang='lat' dir='ltr'><strong>ut</strong></span> <span class='ocrx_word' id='word_1_270' title='bbox 499 3533 573 3584; x_wconf 85' lang='lat' dir='ltr'><strong>etiam</strong></span> <span class='ocrx_word' id='word_1_271' title='bbox 587 3537 713 3590; x_wconf 85' lang='lat' dir='ltr'><strong>ibleriores</strong></span> <span class='ocrx_word' id='word_1_272' title='bbox 726 3539 823 3594; x_wconf 81' lang='lat' dir='ltr'><strong>Praelati</strong></span> <span class='ocrx_word' id='word_1_273' title='bbox 835 3546 962 3612; x_wconf 85' lang='lat' dir='ltr'><strong>Episcopis</strong></span> <span class='ocrx_word' id='word_1_274' title='bbox 977 3551 1081 3616; x_wconf 83' lang='lat' dir='ltr'><strong>subjecti</strong></span> 
     </span>
     <span class='ocr_line' id='line_1_38' title="bbox 116 3599 1079 3687; baseline 0.033 -45"><span class='ocrx_word' id='word_1_275' title='bbox 116 3611 125 3636; x_wconf 82' lang='grc' dir='ltr'>ι</span> <span class='ocrx_word' id='word_1_276' title='bbox 144 3599 276 3646; x_wconf 83' lang='lat' dir='ltr'><strong>teneantur</strong></span> <span class='ocrx_word' id='word_1_277' title='bbox 293 3612 317 3646; x_wconf 87' lang='lat' dir='ltr'><strong>tn</strong></span> <span class='ocrx_word' id='word_1_278' title='bbox 336 3602 459 3664; x_wconf 64' lang='lat' dir='ltr'><strong>ejusmodi</strong></span> <span class='ocrx_word' id='word_1_279' title='bbox 476 3603 667 3658; x_wconf 89' lang='lat' dir='ltr'><strong>alienationibus</strong></span> <span class='ocrx_word' id='word_1_280' title='bbox 682 3626 827 3664; x_wconf 86' lang='lat' dir='ltr'><strong>consensum</strong></span> <span class='ocrx_word' id='word_1_281' title='bbox 840 3615 912 3684; x_wconf 77' lang='lat' dir='ltr'><strong>Papae</strong></span> <span class='ocrx_word' id='word_1_282' title='bbox 933 3624 1079 3687; x_wconf 87' lang='lat' dir='ltr'><strong>exquirere:</strong></span> 
     </span>
    </p>
   </div>
   <div class='ocr_carea' id='block_1_7' title="bbox 114 3664 1080 3804">
    <p class='ocr_par' dir='ltr' id='par_1_12' title="bbox 114 3664 1080 3804">
     <span class='ocr_line' id='line_1_39' title="bbox 114 3664 1080 3746; baseline 0.037 -36"><span class='ocrx_word' id='word_1_283' title='bbox 114 3682 124 3707; x_wconf 80' lang='grc' dir='ltr'>ι</span> <span class='ocrx_word' id='word_1_284' title='bbox 143 3664 207 3714; x_wconf 80' lang='lat' dir='ltr'><strong>adab</strong></span> <span class='ocrx_word' id='word_1_285' title='bbox 217 3671 244 3714; x_wconf 91' lang='lat' dir='ltr'><strong>ut</strong></span> <span class='ocrx_word' id='word_1_286' title='bbox 255 3665 289 3717; x_wconf 90' lang='lat' dir='ltr'><strong>ihi</strong></span> <span class='ocrx_word' id='word_1_287' title='bbox 299 3669 405 3719; x_wconf 86' lang='lat' dir='ltr'><strong>sufficiat</strong></span> <span class='ocrx_word' id='word_1_288' title='bbox 417 3687 554 3725; x_wconf 88' lang='lat' dir='ltr'><strong>consensus</strong></span> <span class='ocrx_word' id='word_1_289' title='bbox 563 3678 674 3745; x_wconf 85' lang='lat' dir='ltr'><strong>Episcopi</strong></span> <span class='ocrx_word' id='word_1_290' title='bbox 698 3702 708 3726; x_wconf 75' lang='grc' dir='ltr'>ι</span> <span class='ocrx_word' id='word_1_291' title='bbox 722 3682 770 3734; x_wconf 82' lang='lat' dir='ltr'><strong>Sed</strong></span> <span class='ocrx_word' id='word_1_292' title='bbox 781 3686 836 3738; x_wconf 81' lang='lat' dir='ltr'><strong>virle</strong></span> <span class='ocrx_word' id='word_1_293' title='bbox 844 3697 955 3741; x_wconf 89' lang='lat' dir='ltr'><strong>nostrum</strong></span> <span class='ocrx_word' id='word_1_294' title='bbox 964 3694 1080 3746; x_wconf 82' lang='lat' dir='ltr'><strong>llonuole</strong></span> 
     </span>
     <span class='ocr_line' id='line_1_40' title="bbox 115 3733 547 3804; baseline 0.019 -20"><span class='ocrx_word' id='word_1_295' title='bbox 115 3733 195 3794; x_wconf 70' lang='lat' dir='ltr'><strong>tatto,</strong></span> <span class='ocrx_word' id='word_1_296' title='bbox 209 3741 269 3798; x_wconf 82' lang='lat' dir='ltr'><strong>etc.)</strong></span> <span class='ocrx_word' id='word_1_297' title='bbox 285 3745 308 3789; x_wconf 84' lang='lat' dir='ltr'><strong>et</strong></span> <span class='ocrx_word' id='word_1_298' title='bbox 326 3741 351 3792; x_wconf 82' lang='lat' dir='ltr'><strong>G.</strong></span> <span class='ocrx_word' id='word_1_299' title='bbox 366 3743 453 3804; x_wconf 70' lang='lat' dir='ltr'><strong>trost.</strong></span> <span class='ocrx_word' id='word_1_300' title='bbox 470 3745 501 3797; x_wconf 82' lang='lat' dir='ltr'><strong>Se</strong></span> <span class='ocrx_word' id='word_1_301' title='bbox 512 3748 547 3796; x_wconf 76' lang='lat' dir='ltr'><strong>ir.</strong></span> 
     </span>
    </p>
   </div>
   <div class='ocr_carea' id='block_1_8' title="bbox 0 0 1300 4214">
    <p class='ocr_par' dir='ltr' id='par_1_13' title="bbox 0 0 1300 4214">
     <span class='ocr_line' id='line_1_41' title="bbox 0 0 1300 4214; baseline 0 6"><span class='ocrx_word' id='word_1_302' title='bbox 0 0 1300 4214; x_wconf 95' lang='lat' dir='ltr'><strong> </strong></span> 
     </span>
    </p>
   </div>
  </div>
 </body>
</html>
