<?xml version="1.0" encoding="UTF-8"?>
<!DOCTYPE html PUBLIC "-//W3C//DTD XHTML 1.0 Transitional//EN"
    "http://www.w3.org/TR/xhtml1/DTD/xhtml1-transitional.dtd">
<html xmlns="http://www.w3.org/1999/xhtml" xml:lang="en" lang="en">
 <head>
  <title>
</title>
<meta http-equiv="Content-Type" content="text/html;charset=utf-8" />
  <meta name='ocr-system' content='tesseract 3.04.00' />
  <meta name='ocr-capabilities' content='ocr_page ocr_carea ocr_par ocr_line ocrx_word'/>
</head>
<body>
  <div class='ocr_page' id='page_1' title='image "./elementajurisca01craigoog_0016.png"; bbox 0 0 2616 4228; ppageno 0'>
   <div class='ocr_carea' id='block_1_1' title="bbox 555 314 715 360">
    <p class='ocr_par' dir='ltr' id='par_1_1' title="bbox 555 314 715 360">
     <span class='ocr_line' id='line_1_1' title="bbox 555 314 715 360; baseline 0.019 -3"><span class='ocrx_word' id='word_1_1' title='bbox 555 314 715 360; x_wconf 52' lang='lat' dir='ltr'>S&#39;RAEFATIO.</span> 
     </span>
    </p>
   </div>
   <div class='ocr_carea' id='block_1_2' title="bbox 485 483 805 555">
    <p class='ocr_par' dir='ltr' id='par_1_2' title="bbox 485 483 805 555">
     <span class='ocr_line' id='line_1_2' title="bbox 485 483 805 555; baseline 0.009 -6"><span class='ocrx_word' id='word_1_2' title='bbox 485 507 499 549; x_wconf 75' lang='lat' dir='ltr'>c</span> <span class='ocrx_word' id='word_1_3' title='bbox 526 484 615 555; x_wconf 77' lang='lat' dir='ltr'>PIUS</span> <span class='ocrx_word' id='word_1_4' title='bbox 633 485 667 553; x_wconf 92' lang='lat' dir='ltr'>P.</span> <span class='ocrx_word' id='word_1_5' title='bbox 694 483 730 552; x_wconf 85' lang='lat' dir='ltr'>P.</span> <span class='ocrx_word' id='word_1_6' title='bbox 752 485 805 552; x_wconf 88' lang='lat' dir='ltr'>lX.</span> 
     </span>
    </p>
   </div>
   <div class='ocr_carea' id='block_1_3' title="bbox 154 637 1188 3704">
    <p class='ocr_par' dir='ltr' id='par_1_3' title="bbox 154 637 1188 3704">
     <span class='ocr_line' id='line_1_3' title="bbox 197 637 1118 726; baseline 0.003 -25"><span class='ocrx_word' id='word_1_7' title='bbox 197 637 1118 726; x_wconf 66' lang='lat' dir='ltr'>‹Dilectettiti,salutemettpostolieamhenedictionem.</span> 
     </span>
     <span class='ocr_line' id='line_1_4' title="bbox 178 755 1169 846; baseline 0.003 -26"><span class='ocrx_word' id='word_1_8' title='bbox 178 767 180 774; x_wconf 62' lang='lat'><strong>⁴</strong></span> <span class='ocrx_word' id='word_1_9' title='bbox 198 785 211 820; x_wconf 75' lang='lat' dir='ltr'>e</span> <span class='ocrx_word' id='word_1_10' title='bbox 236 755 388 826; x_wconf 81' lang='lat' dir='ltr'>Oblatum</span> <span class='ocrx_word' id='word_1_11' title='bbox 402 758 504 828; x_wconf 87' lang='lat' dir='ltr'>Nobis</span> <span class='ocrx_word' id='word_1_12' title='bbox 517 758 672 825; x_wconf 77' lang='lat' dir='ltr'><em>Manuale</em></span> <span class='ocrx_word' id='word_1_13' title='bbox 689 757 885 846; x_wconf 80' lang='lat' dir='ltr'>totiusjuris</span> <span class='ocrx_word' id='word_1_14' title='bbox 899 757 1044 824; x_wconf 82' lang='lat' dir='ltr'>cononici</span> <span class='ocrx_word' id='word_1_15' title='bbox 1059 760 1077 824; x_wconf 81' lang='lat' dir='ltr'>d</span> <span class='ocrx_word' id='word_1_16' title='bbox 1091 769 1120 823; x_wconf 86' lang='lat' dir='ltr'>tc</span> <span class='ocrx_word' id='word_1_17' title='bbox 1165 796 1169 804; x_wconf 93' lang='lat'><em>-</em></span> 
     </span>
     <span class='ocr_line' id='line_1_5' title="bbox 154 875 1120 965; baseline 0 -24"><span class='ocrx_word' id='word_1_18' title='bbox 154 901 166 940; x_wconf 75' lang='grc' dir='ltr'>ι</span> <span class='ocrx_word' id='word_1_19' title='bbox 194 875 422 946; x_wconf 78' lang='lat' dir='ltr'>elucubratum</span> <span class='ocrx_word' id='word_1_20' title='bbox 432 877 648 946; x_wconf 75' lang='lat' dir='ltr'>libentissime</span> <span class='ocrx_word' id='word_1_21' title='bbox 660 876 864 965; x_wconf 82' lang='lat' dir='ltr'>excepimus3</span> <span class='ocrx_word' id='word_1_22' title='bbox 881 885 913 943; x_wconf 89' lang='lat' dir='ltr'>et</span> <span class='ocrx_word' id='word_1_23' title='bbox 922 896 1120 964; x_wconf 87' lang='lat' dir='ltr'>quamquam</span> 
     </span>
     <span class='ocr_line' id='line_1_6' title="bbox 155 979 1188 1072; baseline 0.003 -11"><span class='ocrx_word' id='word_1_24' title='bbox 155 1021 167 1060; x_wconf 77' lang='grc' dir='ltr'><strong><em>ι</em></strong></span> <span class='ocrx_word' id='word_1_25' title='bbox 193 997 419 1067; x_wconf 86' lang='lat' dir='ltr'>curisnostris</span> <span class='ocrx_word' id='word_1_26' title='bbox 440 999 571 1066; x_wconf 78' lang='lat' dir='ltr'>distenti</span> <span class='ocrx_word' id='word_1_27' title='bbox 587 999 713 1066; x_wconf 87' lang='lat' dir='ltr'>nullum</span> <span class='ocrx_word' id='word_1_28' title='bbox 736 998 894 1066; x_wconf 87' lang='lat' dir='ltr'>hactenus</span> <span class='ocrx_word' id='word_1_29' title='bbox 916 997 1122 1072; x_wconf 77' lang='lat' dir='ltr'>subsecivum</span> <span class='ocrx_word' id='word_1_30' title='bbox 1186 979 1188 982; x_wconf 31' lang='lat'>⁵</span> 
     </span>
     <span class='ocr_line' id='line_1_7' title="bbox 156 1115 1122 1206; baseline -0.002 -22"><span class='ocrx_word' id='word_1_31' title='bbox 156 1145 168 1177; x_wconf 70' lang='lat' dir='ltr'>e</span> <span class='ocrx_word' id='word_1_32' title='bbox 195 1128 324 1204; x_wconf 88' lang='lat' dir='ltr'>tempus</span> <span class='ocrx_word' id='word_1_33' title='bbox 336 1115 407 1205; x_wconf 82' lang='lat' dir='ltr'>ejus</span> <span class='ocrx_word' id='word_1_34' title='bbox 421 1118 554 1186; x_wconf 89' lang='lat' dir='ltr'>lectioni</span> <span class='ocrx_word' id='word_1_35' title='bbox 569 1117 760 1205; x_wconf 81' lang='lat' dir='ltr'>impendere</span> <span class='ocrx_word' id='word_1_36' title='bbox 772 1116 991 1199; x_wconf 75' lang='lat' dir='ltr'>valuerimuS,</span> <span class='ocrx_word' id='word_1_37' title='bbox 1008 1116 1122 1206; x_wconf 85' lang='lat' dir='ltr'>nequi-</span> 
     </span>
     <span class='ocr_line' id='line_1_8' title="bbox 157 1237 1123 1326; baseline 0.003 -24"><span class='ocrx_word' id='word_1_38' title='bbox 157 1263 169 1297; x_wconf 83' lang='grc' dir='ltr'>ι</span> <span class='ocrx_word' id='word_1_39' title='bbox 194 1237 302 1304; x_wconf 84' lang='lat' dir='ltr'><strong>vimus</strong></span> <span class='ocrx_word' id='word_1_40' title='bbox 321 1247 429 1306; x_wconf 89' lang='lat' dir='ltr'>tamen</span> <span class='ocrx_word' id='word_1_41' title='bbox 445 1249 538 1304; x_wconf 88' lang='lat' dir='ltr'>tuum</span> <span class='ocrx_word' id='word_1_42' title='bbox 552 1238 728 1326; x_wconf 72' lang='lat' dir='ltr'>operisque</span> <span class='ocrx_word' id='word_1_43' title='bbox 742 1237 948 1325; x_wconf 90' lang='lat' dir='ltr'>propositum</span> <span class='ocrx_word' id='word_1_44' title='bbox 963 1257 1028 1304; x_wconf 95' lang='lat' dir='ltr'>non</span> <span class='ocrx_word' id='word_1_45' title='bbox 1049 1259 1123 1326; x_wconf 59' lang='lat' dir='ltr'>pros</span> 
     </span>
     <span class='ocr_line' id='line_1_9' title="bbox 157 1355 1137 1426; baseline 0.003 -5"><span class='ocrx_word' id='word_1_46' title='bbox 157 1383 168 1420; x_wconf 84' lang='lat' dir='ltr'>t</span> <span class='ocrx_word' id='word_1_47' title='bbox 197 1357 287 1424; x_wconf 87' lang='lat' dir='ltr'>bare.</span> <span class='ocrx_word' id='word_1_48' title='bbox 319 1355 535 1425; x_wconf 85' lang='lat' dir='ltr'>Gtiscentihus</span> <span class='ocrx_word' id='word_1_49' title='bbox 558 1377 655 1426; x_wconf 90' lang='lat' dir='ltr'>enrm</span> <span class='ocrx_word' id='word_1_50' title='bbox 693 1356 862 1424; x_wconf 87' lang='lat' dir='ltr'>erroribus</span> <span class='ocrx_word' id='word_1_51' title='bbox 898 1357 1137 1424; x_wconf 65' lang='lat' dir='ltr'>ecclesiastice</span> 
     </span>
     <span class='ocr_line' id='line_1_10' title="bbox 159 1475 1123 1566; baseline 0.002 -24"><span class='ocrx_word' id='word_1_52' title='bbox 159 1506 168 1534; x_wconf 81' lang='grc' dir='ltr'><strong>ι</strong></span> <span class='ocrx_word' id='word_1_53' title='bbox 197 1477 385 1544; x_wconf 77' lang='lat' dir='ltr'>auctoritati</span> <span class='ocrx_word' id='word_1_54' title='bbox 399 1477 534 1546; x_wconf 83' lang='lat' dir='ltr'>infensis</span> <span class='ocrx_word' id='word_1_55' title='bbox 548 1478 630 1545; x_wconf 84' lang='lat' dir='ltr'>illud</span> <span class='ocrx_word' id='word_1_56' title='bbox 650 1497 816 1566; x_wconf 90' lang='lat' dir='ltr'>opponere</span> <span class='ocrx_word' id='word_1_57' title='bbox 830 1475 977 1559; x_wconf 88' lang='lat' dir='ltr'>voluisti,</span> <span class='ocrx_word' id='word_1_58' title='bbox 1000 1487 1031 1544; x_wconf 90' lang='lat' dir='ltr'>et</span> <span class='ocrx_word' id='word_1_59' title='bbox 1049 1498 1123 1544; x_wconf 90' lang='lat' dir='ltr'>suc·</span> 
     </span>
     <span class='ocr_line' id='line_1_11' title="bbox 157 1595 1122 1684; baseline 0 -20"><span class='ocrx_word' id='word_1_60' title='bbox 157 1623 172 1656; x_wconf 79' lang='grc' dir='ltr'>ι</span> <span class='ocrx_word' id='word_1_61' title='bbox 197 1597 373 1664; x_wconf 85' lang='lat' dir='ltr'>crescentis</span> <span class='ocrx_word' id='word_1_62' title='bbox 393 1598 472 1665; x_wconf 88' lang='lat' dir='ltr'>cleri</span> <span class='ocrx_word' id='word_1_63' title='bbox 493 1597 693 1666; x_wconf 85' lang='lat' dir='ltr'>institutioni</span> <span class='ocrx_word' id='word_1_64' title='bbox 718 1597 752 1662; x_wconf 95' lang='lat' dir='ltr'>in</span> <span class='ocrx_word' id='word_1_65' title='bbox 776 1595 893 1684; x_wconf 91' lang='lat' dir='ltr'>primis</span> <span class='ocrx_word' id='word_1_66' title='bbox 915 1595 1122 1683; x_wconf 87' lang='lat' dir='ltr'>prospicere,</span> 
     </span>
     <span class='ocr_line' id='line_1_12' title="bbox 158 1713 1123 1804; baseline 0.006 -28"><span class='ocrx_word' id='word_1_67' title='bbox 158 1749 170 1776; x_wconf 78' lang='lat'><em>.</em></span> <span class='ocrx_word' id='word_1_68' title='bbox 199 1726 297 1804; x_wconf 87' lang='lat' dir='ltr'>atque</span> <span class='ocrx_word' id='word_1_69' title='bbox 311 1716 408 1782; x_wconf 84' lang='lat' dir='ltr'>etiam</span> <span class='ocrx_word' id='word_1_70' title='bbox 433 1717 561 1784; x_wconf 85' lang='lat' dir='ltr'>caeteris</span> <span class='ocrx_word' id='word_1_71' title='bbox 575 1715 747 1783; x_wconf 85' lang='lat' dir='ltr'>consulere</span> <span class='ocrx_word' id='word_1_72' title='bbox 760 1735 819 1803; x_wconf 88' lang='lat' dir='ltr'>per</span> <span class='ocrx_word' id='word_1_73' title='bbox 839 1713 961 1780; x_wconf 87' lang='lat' dir='ltr'>librum</span> <span class='ocrx_word' id='word_1_74' title='bbox 977 1714 1123 1782; x_wconf 91' lang='lat' dir='ltr'>omnium</span> 
     </span>
     <span class='ocr_line' id='line_1_13' title="bbox 157 1833 1125 1923; baseline 0.005 -25"><span class='ocrx_word' id='word_1_75' title='bbox 157 1861 170 1898; x_wconf 76' lang='grc' dir='ltr'><strong><em>ι</em></strong></span> <span class='ocrx_word' id='word_1_76' title='bbox 198 1856 296 1902; x_wconf 86' lang='lat' dir='ltr'>manu</span> <span class='ocrx_word' id='word_1_77' title='bbox 311 1835 404 1903; x_wconf 77' lang='lat' dir='ltr'>tacite</span> <span class='ocrx_word' id='word_1_78' title='bbox 418 1837 610 1918; x_wconf 88' lang='lat' dir='ltr'>terendum,</span> <span class='ocrx_word' id='word_1_79' title='bbox 624 1843 656 1902; x_wconf 88' lang='lat' dir='ltr'>et</span> <span class='ocrx_word' id='word_1_80' title='bbox 672 1835 758 1902; x_wconf 89' lang='lat' dir='ltr'>unde</span> <span class='ocrx_word' id='word_1_81' title='bbox 773 1833 900 1902; x_wconf 88' lang='lat' dir='ltr'>hauriri</span> <span class='ocrx_word' id='word_1_82' title='bbox 914 1845 1046 1923; x_wconf 90' lang='lat' dir='ltr'>possent</span> <span class='ocrx_word' id='word_1_83' title='bbox 1059 1856 1125 1903; x_wconf 93' lang='lat' dir='ltr'>non</span> 
     </span>
     <span class='ocr_line' id='line_1_14' title="bbox 157 1953 1126 2043; baseline 0.002 -23"><span class='ocrx_word' id='word_1_84' title='bbox 157 1981 171 2020; x_wconf 75' lang='lat' dir='ltr'>r</span> <span class='ocrx_word' id='word_1_85' title='bbox 198 1955 291 2023; x_wconf 86' lang='lat' dir='ltr'>arida</span> <span class='ocrx_word' id='word_1_86' title='bbox 310 1956 436 2022; x_wconf 77' lang='lat' dir='ltr'>tantiam</span> <span class='ocrx_word' id='word_1_87' title='bbox 458 1965 490 2023; x_wconf 90' lang='lat' dir='ltr'>et</span> <span class='ocrx_word' id='word_1_88' title='bbox 513 1955 678 2043; x_wconf 77' lang='lat' dir='ltr'>generalia</span> <span class='ocrx_word' id='word_1_89' title='bbox 696 1953 876 2043; x_wconf 81' lang='lat' dir='ltr'>principia,</span> <span class='ocrx_word' id='word_1_90' title='bbox 902 1955 957 2022; x_wconf 90' lang='lat' dir='ltr'>sed</span> <span class='ocrx_word' id='word_1_91' title='bbox 983 1955 1126 2042; x_wconf 86' lang='lat' dir='ltr'>practica</span> 
     </span>
     <span class='ocr_line' id='line_1_15' title="bbox 158 2073 1125 2164; baseline 0.001 -24"><span class='ocrx_word' id='word_1_92' title='bbox 158 2101 171 2140; x_wconf 82' lang='lat' dir='ltr'>c</span> <span class='ocrx_word' id='word_1_93' title='bbox 198 2097 332 2164; x_wconf 89' lang='lat' dir='ltr'>quoque</span> <span class='ocrx_word' id='word_1_94' title='bbox 344 2095 457 2142; x_wconf 88' lang='lat' dir='ltr'>rerum</span> <span class='ocrx_word' id='word_1_95' title='bbox 476 2074 593 2141; x_wconf 89' lang='lat' dir='ltr'>notitia</span> <span class='ocrx_word' id='word_1_96' title='bbox 613 2074 647 2141; x_wconf 91' lang='lat' dir='ltr'>in</span> <span class='ocrx_word' id='word_1_97' title='bbox 660 2093 756 2140; x_wconf 89' lang='lat' dir='ltr'>usum</span> <span class='ocrx_word' id='word_1_98' title='bbox 771 2073 1014 2157; x_wconf 81' lang='lat' dir='ltr'>transferenda,</span> <span class='ocrx_word' id='word_1_99' title='bbox 1029 2083 1125 2163; x_wconf 87' lang='lat' dir='ltr'>atque</span> 
     </span>
     <span class='ocr_line' id='line_1_16' title="bbox 159 2193 1124 2282; baseline 0.003 -25"><span class='ocrx_word' id='word_1_100' title='bbox 159 2223 172 2257; x_wconf 73' lang='grc' dir='ltr'>ι</span> <span class='ocrx_word' id='word_1_101' title='bbox 198 2195 264 2262; x_wconf 86' lang='lat' dir='ltr'>ittis</span> <span class='ocrx_word' id='word_1_102' title='bbox 277 2193 461 2282; x_wconf 85' lang='lat' dir='ltr'>objicienda</span> <span class='ocrx_word' id='word_1_103' title='bbox 482 2193 690 2276; x_wconf 89' lang='lat' dir='ltr'>commentis,</span> <span class='ocrx_word' id='word_1_104' title='bbox 707 2213 781 2282; x_wconf 77' lang='lat' dir='ltr'>quaa</span> <span class='ocrx_word' id='word_1_105' title='bbox 795 2213 855 2281; x_wconf 88' lang='lat' dir='ltr'>per</span> <span class='ocrx_word' id='word_1_106' title='bbox 875 2212 1009 2260; x_wconf 90' lang='lat' dir='ltr'>osorum</span> <span class='ocrx_word' id='word_1_107' title='bbox 1024 2193 1124 2282; x_wconf 84' lang='lat' dir='ltr'>hujus</span> 
     </span>
     <span class='ocr_line' id='line_1_17' title="bbox 159 2313 1124 2402; baseline -0.002 -22"><span class='ocrx_word' id='word_1_108' title='bbox 159 2342 172 2380; x_wconf 77' lang='lat' dir='ltr'>r</span> <span class='ocrx_word' id='word_1_109' title='bbox 199 2316 231 2384; x_wconf 89' lang='lat' dir='ltr'>S.</span> <span class='ocrx_word' id='word_1_110' title='bbox 250 2315 341 2383; x_wconf 89' lang='lat' dir='ltr'>Sedis</span> <span class='ocrx_word' id='word_1_111' title='bbox 356 2325 461 2392; x_wconf 89' lang='lat' dir='ltr'>artes,</span> <span class='ocrx_word' id='word_1_112' title='bbox 480 2323 512 2381; x_wconf 89' lang='lat' dir='ltr'>et</span> <span class='ocrx_word' id='word_1_113' title='bbox 526 2335 585 2402; x_wconf 89' lang='lat' dir='ltr'>per</span> <span class='ocrx_word' id='word_1_114' title='bbox 598 2313 755 2380; x_wconf 85' lang='lat' dir='ltr'>leviorem</span> <span class='ocrx_word' id='word_1_115' title='bbox 775 2331 943 2379; x_wconf 88' lang='lat' dir='ltr'>sacrorum</span> <span class='ocrx_word' id='word_1_116' title='bbox 964 2333 1124 2379; x_wconf 88' lang='lat' dir='ltr'>canonum</span> 
     </span>
     <span class='ocr_line' id='line_1_18' title="bbox 158 2431 1127 2524; baseline 0 -22"><span class='ocrx_word' id='word_1_117' title='bbox 158 2463 172 2502; x_wconf 75' lang='lat' dir='ltr'>r</span> <span class='ocrx_word' id='word_1_118' title='bbox 198 2438 353 2504; x_wconf 88' lang='lat' dir='ltr'>haustum</span> <span class='ocrx_word' id='word_1_119' title='bbox 368 2435 496 2524; x_wconf 82' lang='lat' dir='ltr'>jamdiu</span> <span class='ocrx_word' id='word_1_120' title='bbox 512 2433 730 2501; x_wconf 84' lang='lat' dir='ltr'>invaluerunt.</span> <span class='ocrx_word' id='word_1_121' title='bbox 747 2431 894 2520; x_wconf 84' lang='lat' dir='ltr'>Cquue</span> <span class='ocrx_word' id='word_1_122' title='bbox 908 2432 940 2499; x_wconf 93' lang='lat' dir='ltr'>id</span> <span class='ocrx_word' id='word_1_123' title='bbox 956 2443 986 2500; x_wconf 92' lang='lat' dir='ltr'>te</span> <span class='ocrx_word' id='word_1_124' title='bbox 1003 2453 1127 2502; x_wconf 87' lang='lat' dir='ltr'>assecu-</span> 
     </span>
     <span class='ocr_line' id='line_1_19' title="bbox 159 2553 1127 2644; baseline 0.003 -24"><span class='ocrx_word' id='word_1_125' title='bbox 159 2581 173 2620; x_wconf 74' lang='grc' dir='ltr'><strong><em>ι</em></strong></span> <span class='ocrx_word' id='word_1_126' title='bbox 199 2567 270 2623; x_wconf 91' lang='lat' dir='ltr'>tum</span> <span class='ocrx_word' id='word_1_127' title='bbox 291 2555 392 2622; x_wconf 84' lang='lat' dir='ltr'>tuisse</span> <span class='ocrx_word' id='word_1_128' title='bbox 414 2563 574 2621; x_wconf 87' lang='lat' dir='ltr'>testentur</span> <span class='ocrx_word' id='word_1_129' title='bbox 595 2553 642 2637; x_wconf 91' lang='lat' dir='ltr'>ii,</span> <span class='ocrx_word' id='word_1_130' title='bbox 670 2573 814 2641; x_wconf 86' lang='lat' dir='ltr'>quorum</span> <span class='ocrx_word' id='word_1_131' title='bbox 837 2553 1020 2621; x_wconf 86' lang='lat' dir='ltr'>recensioni</span> <span class='ocrx_word' id='word_1_132' title='bbox 1045 2575 1127 2644; x_wconf 89' lang='lat' dir='ltr'>opus</span> 
     </span>
     <span class='ocr_line' id='line_1_20' title="bbox 161 2671 1124 2762; baseline 0.006 -26"><span class='ocrx_word' id='word_1_133' title='bbox 161 2701 175 2736; x_wconf 71' lang='lat' dir='ltr'>e</span> <span class='ocrx_word' id='word_1_134' title='bbox 201 2685 296 2742; x_wconf 89' lang='lat' dir='ltr'>tuum</span> <span class='ocrx_word' id='word_1_135' title='bbox 312 2671 503 2762; x_wconf 79' lang='lat' dir='ltr'>subjecisti,</span> <span class='ocrx_word' id='word_1_136' title='bbox 529 2671 593 2740; x_wconf 84' lang='lat' dir='ltr'>tibi·</span> <span class='ocrx_word' id='word_1_137' title='bbox 611 2672 833 2761; x_wconf 81' lang='lat' dir='ltr'>gratulamur,</span> <span class='ocrx_word' id='word_1_138' title='bbox 862 2693 900 2740; x_wconf 88' lang='lat' dir='ltr'>ac</span> <span class='ocrx_word' id='word_1_139' title='bbox 919 2673 1124 2758; x_wconf 78' lang='lat' dir='ltr'>ominamur,</span> 
     </span>
     <span class='ocr_line' id='line_1_21' title="bbox 161 2791 1128 2882; baseline 0.006 -25"><span class='ocrx_word' id='word_1_140' title='bbox 161 2819 174 2857; x_wconf 77' lang='lat' dir='ltr'>c</span> <span class='ocrx_word' id='word_1_141' title='bbox 202 2805 254 2878; x_wconf 91' lang='lat' dir='ltr'>ut,</span> <span class='ocrx_word' id='word_1_142' title='bbox 278 2793 366 2882; x_wconf 92' lang='lat' dir='ltr'>quod</span> <span class='ocrx_word' id='word_1_143' title='bbox 381 2791 554 2881; x_wconf 88' lang='lat' dir='ltr'>spectasti,</span> <span class='ocrx_word' id='word_1_144' title='bbox 575 2791 727 2859; x_wconf 86' lang='lat' dir='ltr'>taborum</span> <span class='ocrx_word' id='word_1_145' title='bbox 742 2801 875 2859; x_wconf 90' lang='lat' dir='ltr'>tuorum</span> <span class='ocrx_word' id='word_1_146' title='bbox 895 2793 1036 2862; x_wconf 79' lang='lat' dir='ltr'>fructum</span> <span class='ocrx_word' id='word_1_147' title='bbox 1052 2796 1128 2864; x_wconf 90' lang='lat' dir='ltr'>inde</span> 
     </span>
     <span class='ocr_line' id='line_1_22' title="bbox 161 2911 1127 3002; baseline 0.005 -23"><span class='ocrx_word' id='word_1_148' title='bbox 161 2939 176 2979; x_wconf 78' lang='lat' dir='ltr'>r</span> <span class='ocrx_word' id='word_1_149' title='bbox 203 2913 334 3002; x_wconf 78' lang='lat' dir='ltr'>copiose</span> <span class='ocrx_word' id='word_1_150' title='bbox 354 2912 529 3001; x_wconf 87' lang='lat' dir='ltr'>percipias.</span> <span class='ocrx_word' id='word_1_151' title='bbox 548 2911 582 2978; x_wconf 92' lang='lat' dir='ltr'>ld</span> <span class='ocrx_word' id='word_1_152' title='bbox 598 2911 632 2976; x_wconf 95' lang='lat' dir='ltr'>in</span> <span class='ocrx_word' id='word_1_153' title='bbox 648 2913 752 2998; x_wconf 82' lang='lat' dir='ltr'>gentis</span> <span class='ocrx_word' id='word_1_154' title='bbox 765 2923 827 2980; x_wconf 87' lang='lat' dir='ltr'>tuae</span> <span class='ocrx_word' id='word_1_155' title='bbox 842 2917 1023 3001; x_wconf 85' lang='lat' dir='ltr'>praesertim</span> <span class='ocrx_word' id='word_1_156' title='bbox 1038 2918 1127 2986; x_wconf 89' lang='lat' dir='ltr'>utili-</span> 
     </span>
     <span class='ocr_line' id='line_1_23' title="bbox 163 3033 1128 3122; baseline 0.009 -24"><span class='ocrx_word' id='word_1_157' title='bbox 163 3066 175 3098; x_wconf 69' lang='lat' dir='ltr'>t</span> <span class='ocrx_word' id='word_1_158' title='bbox 202 3047 300 3104; x_wconf 87' lang='lat' dir='ltr'>tatem</span> <span class='ocrx_word' id='word_1_159' title='bbox 313 3039 331 3103; x_wconf 78' lang='lat' dir='ltr'>a</span> <span class='ocrx_word' id='word_1_160' title='bbox 344 3035 409 3102; x_wconf 87' lang='lat' dir='ltr'>Deo</span> <span class='ocrx_word' id='word_1_161' title='bbox 420 3033 604 3122; x_wconf 89' lang='lat' dir='ltr'>poscimus,</span> <span class='ocrx_word' id='word_1_162' title='bbox 622 3034 699 3100; x_wconf 91' lang='lat' dir='ltr'>dum</span> <span class='ocrx_word' id='word_1_163' title='bbox 715 3033 880 3122; x_wconf 85' lang='lat' dir='ltr'>auspicem</span> <span class='ocrx_word' id='word_1_164' title='bbox 895 3035 1128 3107; x_wconf 89' lang='lat' dir='ltr'>benedictionis</span> 
     </span>
     <span class='ocr_line' id='line_1_24' title="bbox 163 3154 1128 3247; baseline 0.006 -25"><span class='ocrx_word' id='word_1_165' title='bbox 163 3179 177 3222; x_wconf 81' lang='lat' dir='ltr'>r</span> <span class='ocrx_word' id='word_1_166' title='bbox 202 3157 273 3247; x_wconf 87' lang='lat' dir='ltr'>ejus</span> <span class='ocrx_word' id='word_1_167' title='bbox 292 3166 325 3224; x_wconf 88' lang='lat' dir='ltr'>et</span> <span class='ocrx_word' id='word_1_168' title='bbox 343 3155 427 3242; x_wconf 83' lang='lat' dir='ltr'>grati</span> <span class='ocrx_word' id='word_1_169' title='bbox 443 3154 544 3221; x_wconf 88' lang='lat' dir='ltr'>animi</span> <span class='ocrx_word' id='word_1_170' title='bbox 560 3155 662 3221; x_wconf 88' lang='lat' dir='ltr'>nostri</span> <span class='ocrx_word' id='word_1_171' title='bbox 675 3165 885 3242; x_wconf 85' lang='lat' dir='ltr'>paternaeque</span> <span class='ocrx_word' id='word_1_172' title='bbox 899 3159 1128 3228; x_wconf 72' lang='lat' dir='ltr'>benevolentiae</span> 
     </span>
     <span class='ocr_line' id='line_1_25' title="bbox 165 3273 1128 3364; baseline 0.006 -24"><span class='ocrx_word' id='word_1_173' title='bbox 165 3300 178 3340; x_wconf 79' lang='grc' dir='ltr'>ι</span> <span class='ocrx_word' id='word_1_174' title='bbox 202 3276 323 3364; x_wconf 84' lang='lat' dir='ltr'>pignus</span> <span class='ocrx_word' id='word_1_175' title='bbox 341 3273 559 3362; x_wconf 71' lang='lat' dir='ltr'>apostolicam</span> <span class='ocrx_word' id='word_1_176' title='bbox 575 3273 634 3340; x_wconf 87' lang='lat' dir='ltr'>tibi</span> <span class='ocrx_word' id='word_1_177' title='bbox 650 3274 911 3342; x_wconf 87' lang='lat' dir='ltr'>Benedictionem</span> <span class='ocrx_word' id='word_1_178' title='bbox 924 3293 1128 3363; x_wconf 87' lang='lat' dir='ltr'>peramanter</span> 
     </span>
     <span class='ocr_line' id='line_1_26' title="bbox 165 3375 1177 3482; baseline -0.001 -22"><span class='ocrx_word' id='word_1_179' title='bbox 165 3419 177 3460; x_wconf 80' lang='lat' dir='ltr'>t</span> <span class='ocrx_word' id='word_1_180' title='bbox 204 3394 423 3482; x_wconf 89' lang='lat' dir='ltr'>impertimus.</span> <span class='ocrx_word' id='word_1_181' title='bbox 1174 3375 1177 3380; x_wconf 52' lang='grc'>’</span> 
     </span>
     <span class='ocr_line' id='line_1_27' title="bbox 208 3511 1128 3605; baseline 0.009 -29"><span class='ocrx_word' id='word_1_182' title='bbox 208 3537 222 3576; x_wconf 76' lang='grc' dir='ltr'><strong><em>ι</em></strong></span> <span class='ocrx_word' id='word_1_183' title='bbox 248 3514 364 3580; x_wconf 85' lang='lat' dir='ltr'>Datum</span> <span class='ocrx_word' id='word_1_184' title='bbox 379 3513 503 3595; x_wconf 87' lang='lat' dir='ltr'>Romae,</span> <span class='ocrx_word' id='word_1_185' title='bbox 519 3513 605 3600; x_wconf 85' lang='lat' dir='ltr'>apud</span> <span class='ocrx_word' id='word_1_186' title='bbox 622 3511 653 3580; x_wconf 91' lang='lat' dir='ltr'>S.</span> <span class='ocrx_word' id='word_1_187' title='bbox 668 3513 813 3595; x_wconf 88' lang='lat' dir='ltr'>Petrum,</span> <span class='ocrx_word' id='word_1_188' title='bbox 828 3513 880 3583; x_wconf 89' lang='lat' dir='ltr'>die</span> <span class='ocrx_word' id='word_1_189' title='bbox 892 3513 935 3584; x_wconf 65' lang='lat'>25</span> <span class='ocrx_word' id='word_1_190' title='bbox 943 3517 1031 3605; x_wconf 86' lang='lat' dir='ltr'>junii</span> <span class='ocrx_word' id='word_1_191' title='bbox 1047 3518 1128 3586; x_wconf 74' lang='lat'>1805</span> 
     </span>
     <span class='ocr_line' id='line_1_28' title="bbox 168 3631 720 3704; baseline 0.007 -8"><span class='ocrx_word' id='word_1_192' title='bbox 168 3657 180 3696; x_wconf 75' lang='lat' dir='ltr'>r</span> <span class='ocrx_word' id='word_1_193' title='bbox 209 3633 418 3704; x_wconf 80' lang='lat' dir='ltr'>Pontificatds</span> <span class='ocrx_word' id='word_1_194' title='bbox 432 3631 543 3700; x_wconf 89' lang='lat' dir='ltr'>Nostri</span> <span class='ocrx_word' id='word_1_195' title='bbox 557 3653 642 3699; x_wconf 87' lang='lat' dir='ltr'>anno</span> <span class='ocrx_word' id='word_1_196' title='bbox 654 3633 720 3700; x_wconf 88' lang='lat' dir='ltr'>XX.</span> 
     </span>
    </p>
   </div>
   <div class='ocr_carea' id='block_1_4' title="bbox 651 3763 995 3832">
    <p class='ocr_par' dir='ltr' id='par_1_4' title="bbox 651 3763 995 3832">
     <span class='ocr_line' id='line_1_29' title="bbox 651 3763 995 3832; baseline 0.023 -10"><span class='ocrx_word' id='word_1_197' title='bbox 651 3787 666 3822; x_wconf 74' lang='lat' dir='ltr'>a</span> <span class='ocrx_word' id='word_1_198' title='bbox 690 3763 766 3831; x_wconf 78' lang='lat' dir='ltr'>Plus</span> <span class='ocrx_word' id='word_1_199' title='bbox 790 3764 825 3830; x_wconf 91' lang='lat' dir='ltr'>P.</span> <span class='ocrx_word' id='word_1_200' title='bbox 847 3765 882 3830; x_wconf 92' lang='lat' dir='ltr'>P.</span> <span class='ocrx_word' id='word_1_201' title='bbox 905 3765 955 3832; x_wconf 81' lang='lat' dir='ltr'>IX.</span> <span class='ocrx_word' id='word_1_202' title='bbox 981 3791 995 3830; x_wconf 88' lang='lat'><strong>›</strong></span> 
     </span>
    </p>
   </div>
   <div class='ocr_carea' id='block_1_5' title="bbox 0 0 1326 4228">
    <p class='ocr_par' dir='ltr' id='par_1_5' title="bbox 0 0 1326 4228">
     <span class='ocr_line' id='line_1_30' title="bbox 0 0 1326 4228; baseline 0 0"><span class='ocrx_word' id='word_1_203' title='bbox 0 0 1326 4228; x_wconf 95' lang='lat' dir='ltr'> </span> 
     </span>
    </p>
   </div>
  </div>
 </body>
</html>
