2548 4216
481 267 566 312 urana
588 267 707 312 antuus.
1022 257 1079 313 375

148 377 221 434 Item
238 372 270 433 in
285 369 384 432 eddam
395 367 517 430 ecelesid
530 367 599 429 licet
612 366 659 428 bis
673 365 835 444 celebrare,
852 365 876 428 si
891 385 1002 447 magna
1012 385 1080 444 pars

108 461 213 543 populi
233 460 325 520 missa
345 457 394 520 dia
413 457 478 519 testi
498 473 600 518 carere
619 454 757 527 deberet3
773 455 855 518 bunc
872 457 961 517 etiam
976 473 1081 518 casum

108 556 256 612 memorat
272 546 384 609 Bened.
401 548 485 623 XIV,
501 545 532 606 in
546 545 631 606 Bulla
643 543 825 614 Declarosti,
841 549 878 606 16
888 553 976 606 mart.
990 549 1078 614 1716,

108 645 139 701 et
161 637 231 700 dicit
258 637 364 699 eodem
392 636 459 714 jura
479 653 545 696 asse
570 633 757 696 censendum
784 651 819 694 ac
844 634 1078 713 praecedentem.

108 726 251 790 Decisum
272 726 326 788 fuit
345 726 376 786 in
396 725 454 786 hoc
476 741 567 786 sensu
589 725 605 784 a
627 725 658 785 S.
673 725 768 804 Crang.
791 723 924 796 Concit,
940 723 971 782 in
990 723 1082 786 causa

108 814 262 877 Accitana
277 815 326 876 die
336 818 374 877 28
389 813 461 874 maii
477 816 574 890 18543
590 817 619 874 et
633 813 736 874 revera
747 818 807 873 tres
823 813 922 872 missae
938 811 986 872 die
1000 811 1081 872 Nati-

109 903 222 980 vitatis,
244 904 276 965 in
299 903 404 964 eadem
428 902 554 964 ecclesia
581 901 640 964 dici
661 906 805 982 possunt,
824 905 854 962 et
870 901 983 982 pluries
1003 901 1080 962 anti-

109 991 212 1074 quitbs
227 993 257 1054 in
276 993 381 1054 eadem
398 993 524 1054 ecclesia
536 991 753 1055 celebrabatur.

156 1103 171 1140 a
192 1081 307 1161 Saepius
321 1083 349 1142 in
364 1080 574 1143 diecelcbrare
584 1080 690 1160 licet..,
702 1080 840 1164 inquitS.
850 1080 1041 1162 Liguor.(lib.
1052 1083 1080 1141 6.

116 1191 132 1230 r
154 1169 195 1230 n¹¹
211 1174 266 1233 351
286 1177 316 1232 et
330 1171 442 1253 352)...
461 1175 495 1232 4⁰
511 1171 536 1232 si
556 1189 721 1233 concursus
741 1171 778 1232 sit
793 1177 893 1233 tantus
911 1180 940 1232 ut
957 1170 1081 1232 ecclesia

114 1279 130 1316 a
151 1277 212 1320 non
224 1260 358 1340 capiat...
376 1260 429 1321 etsi
446 1265 520 1322 tunc
533 1261 633 1340 potihs
645 1259 782 1340 expediat
792 1261 943 1322 celebrare
954 1267 1046 1322 extra.
1063 1279 1077 1316 a
1160 1283 1166 1299 ν

149 1347 312 1411 Necessitas
329 1349 373 1410 bis
383 1348 554 1410 celebrandi
566 1347 670 1410 adesse
682 1349 785 1428 nequit
797 1350 852 1410 nisi
864 1351 913 1410 die
928 1350 1032 1409 festivo
1044 1349 1081 1410 da

109 1444 283 1518 praeoepto‚
299 1457 360 1518 quo
374 1437 478 1500 fideles
497 1444 639 1500 tenentur
654 1439 746 1498 sacris
760 1439 911 1518 mysteriis
925 1442 1078 1498 interesse.

109 1525 240 1598 Quidam
255 1534 355 1588 tamen
370 1527 475 1589 dicunt
488 1527 594 1600 licere,
609 1525 639 1586 in
654 1526 703 1587 die
718 1525 811 1586 feriati
827 1526 912 1586 binas
928 1526 1081 1586 celebrare,

109 1613 234 1692 missas,
257 1633 295 1675 ne
311 1615 441 1696 populus
455 1614 607 1676 sufficiens
622 1615 654 1674 in
675 1632 803 1676 numero
822 1615 954 1696 privetur
974 1614 1079 1689 missd3

108 1709 138 1764 et
153 1703 327 1766 Salmantic.
344 1723 414 1766 cum
434 1704 578 1765 Ledesma
595 1703 700 1765 dicunt
714 1703 855 1765 standum
869 1722 934 1764 esse
956 1721 1082 1763 consue-

109 1791 219 1854 tudini.
237 1791 296 1853 Sed
311 1793 438 1854 omnino
453 1792 526 1854 illud
541 1793 683 1874 reprobat
698 1790 810 1854 Bened.
827 1794 912 1868 XIV,
929 1791 973 1852 De
984 1793 1080 1852 saeri-

109 1881 182 1963 fieio
201 1883 308 1952 missae,
333 1881 385 1943 lib.
408 1885 448 1960 3,
470 1899 536 1961 cap.
554 1885 590 1956 5,
606 1899 679 1942 cum
700 1881 841 1943 declarat.
865 1883 895 1944 S.
920 1886 950 1942 C.
974 1884 1006 1941 ln
1024 1879 1080 1944 hoc

106 1969 220 2050 pariter
236 1989 329 2032 sensu
343 1970 477 2032 decisum
492 1969 564 2044 fuit,
577 1973 614 2032 23
622 1971 686 2049 jan.
704 1973 792 2046 1817,
809 1970 839 2031 in
852 1969 1040 2052 hipponensi.

147 2061 215 2120 Non
234 2058 303 2120 licet
317 2077 390 2142 ergo
406 2059 452 2120 bis
468 2059 639 2136 celebrare,
660 2059 733 2121 feria
749 2061 773 2118 V
787 2060 818 2120 in
839 2060 929 2122 Coend
943 2053 1074 2129 Domini,

106 2147 238 2229 quippe,
255 2147 393 2226 hoodie,
411 2147 515 2210 fideles
532 2166 594 2209 non
609 2148 818 2228 astringuntur
832 2149 869 2209 ad
888 2167 1007 2208 sacrum
1023 2166 1078 2208 au·

104 2235 274 2311 diendum3
299 2236 381 2298 idem
402 2242 447 2298 est
464 2235 627 2299 dicendum
653 2235 690 2298 de
715 2235 789 2298 faria
812 2240 851 2298 VI
874 2235 1079 2298 Hebdomadae

106 2326 243 2388 Sanctae:
256 2325 438 2406 quibusdam
450 2331 550 2387 tamen
564 2325 636 2386 locis
648 2325 816 2388 introducta
828 2326 881 2387 furt
893 2326 1080 2406 praxisqudd

104 2413 230 2496 parochi
254 2415 329 2476 duas
348 2413 589 2476 administrantes
604 2414 779 2495 parochias,
796 2423 951 2477 sumerent
966 2415 1080 2474 sotum-

105 2503 200 2564 modo
209 2503 338 2565 hostiam
350 2503 415 2565 sine
424 2502 494 2564 vino
508 2503 539 2563 in
550 2505 612 2565 unt
621 2503 775 2584 parochia,
785 2511 818 2565 ut
828 2505 936 2564 iterum
949 2503 978 2562 in
989 2504 1081 2566 altera

104 2589 251 2674 parochia
268 2592 384 2672 possint
398 2591 495 2672 jejuni
517 2593 745 2654 communicare
765 2593 849 2654 cultu
863 2593 921 2653 hoc
936 2593 985 2653 die
1000 2612 1079 2672 prae-

104 2679 233 2761 script03
246 2688 275 2742 at
289 2680 353 2743 baec
363 2680 552 2743 consuetudo
564 2682 767 2743 communiter
777 2681 964 2763 reprobatur,
978 2689 1080 2766 utpote

103 2769 255 2831 contraria
269 2770 338 2832 ritui
354 2788 445 2850 quem
458 2769 576 2831 adhibet
587 2770 764 2833 universatis
777 2772 920 2834 Ecclesia.

145 2857 200 2920 Die
219 2861 250 2919 11
279 2858 426 2940 septemb.
450 2861 542 2936 1811,
563 2877 742 2940 responsum
767 2861 820 2923 fuit
839 2861 877 2923 ad
898 2862 1078 2944 Episcopum

101 2948 360 3023 Namurcensem‚
381 2967 438 3008 aon
451 2949 588 3028 capedine
609 2955 642 3010 ut
663 2951 880 3012 concederetur
895 2952 1014 3012 licentia
1035 2953 1080 3015 bis

104 3034 279 3098 celebrandi
305 3036 412 3099 diebus
438 3037 519 3098 festis
540 3039 721 3119 suppressis,
744 3041 815 3100 Haec
835 3045 938 3100 tamen
960 3041 1080 3102 licentia

101 3142 249 3186 concessa
272 3125 328 3186 fuit
346 3128 364 3186 a
381 3127 412 3187 S.
431 3127 463 3186 d.
487 3127 578 3188 (lonc.
603 3130 639 3188 19
655 3133 731 3207 sept.
749 3130 846 3203 1859,
864 3129 1078 3206 Argentinensi

100 3213 254 3294 Episcopo
266 3213 405 3294 profesto
420 3213 674 3290 circumcisionis,
686 3213 806 3278 sedboc
821 3215 921 3278 sotbm
936 3217 974 3278 ad
988 3217 1077 3298 quin·

72 3313 85 3346 ‘
99 3302 284 3383 quennium.

43 3425 48 3434 ·
140 3391 226 3453 Νοία
244 3390 326 3472 qudd
345 3390 514 3472 parochus,
537 3392 590 3473 qui
609 3410 646 3454 ex
669 3393 845 3457 necessitate
870 3393 947 3457 duas
970 3396 1077 3459 missas

98 3479 251 3554 celebrat,
265 3498 359 3541 unam
377 3481 495 3541 tantum
511 3485 648 3543 teneatur
662 3483 811 3563 applicare
826 3502 881 3564 pro
895 3485 1018 3566 populo.
1034 3488 1076 3549 Ita

98 3569 130 3632 S.
148 3569 244 3649 cong.
261 3569 335 3645 att,
354 3568 432 3650 apud
447 3569 625 3646 Gardettini,
644 3583 677 3631 n⁰
690 3575 779 3634 1869.

143 3657 1073 3746 hbunoautemEpiscopnrumGalliaeconsultafuitS.Congr..

97 3746 228 3810 concilii
240 3747 320 3808 circa
331 3747 487 3827 sequentia
501 3744 606 3808 dubia:
