2590 4214
177 255 235 314 456
449 258 601 307 secururs
620 257 703 302 runis
723 255 872 302 canumet.

178 367 332 427 stitutione
342 359 504 442 apostolica
518 357 545 438 (t
561 356 597 418 ad
613 347 831 437 Timoth.,cap.
844 359 914 430 3,v.
926 360 944 418 3
960 365 991 419 ut
1004 358 1054 440 t8)
1068 379 1075 419 :
1088 361 1161 442 quia

182 451 341 532 spostolus
352 451 421 530 jure
435 447 589 520 humano,
604 444 801 516 nanduino,
817 445 896 507 hanc
910 445 1051 510 instituit.

270 543 304 600 ln
319 538 456 618 Bigamit
467 539 536 596 vera
548 542 578 595 et
592 533 819 612 interpretativa
828 533 971 614 Episcopi
982 533 1164 616 dispensam

182 647 242 690 non
256 627 367 702 valent,
383 623 535 706 nequead
550 624 657 684 Sacros
671 619 800 682 Ordines
812 620 1042 701 suscipiendos,
1064 643 1167 705 neque

182 718 217 778 ad
234 715 467 778 ministrandum
483 713 513 774 in
529 711 592 788 eis,
608 728 708 790 ireque
725 709 763 770 ad
786 708 934 771 beneficia
959 710 995 772 iis
1016 729 1165 776 annexa:

184 805 298 888 probat.
315 824 351 866 ex
367 822 434 884 cap.
451 799 613 881 supereo,
628 796 805 878 DeBipom.

222 897 256 954 ln
272 892 408 974 Biganria
421 885 686 962 similitudinarie,
698 885 836 967 Episcopi
848 894 977 966 possunt
988 887 1171 970 dispensare

201 983 273 1044 tiam
288 979 326 1043 ad
340 980 463 1043 ordines
475 995 576 1038 sacros
590 973 798 1055 suscipiendos
812 981 841 1036 et
864 974 1105 1050 musaraneus,
1130 997 1167 1044 es

202 1091 250 1150 ap.
266 1069 346 1132 Seni
356 1075 387 1147 l,
397 1067 441 1130 [te
454 1065 554 1128 cleric.
571 1063 689 1144 eonjop.
699 1065 738 1124 Et
747 1062 803 1123 hoo
813 1062 907 1124 currit
917 1064 1037 1128 etiamsi
1050 1065 1170 1130 crimen

192 1158 274 1218 'uerit
288 1158 444 1238 publicum
462 1174 469 1216 :
486 1153 556 1234 quia
574 1151 641 1214 haeo
658 1150 862 1230 irregularitas
883 1170 945 1214 uon
968 1156 1115 1233 provenit
1133 1174 1167 1220 ea

185 1245 315 1313 delicto.
330 1244 383 1306 sed
398 1262 434 1306 ex
449 1242 579 1304 delectu.

226 1347 296 1405 sat.
313 1375 351 1390 -
366 1344 416 1404 vt.
440 1340 495 1402 Ec
512 1338 627 1420 desecta
642 1337 724 1399 boore
740 1337 851 1418 somoe:
877 1339 949 1399 Haec
961 1338 1174 1420 irregularitas

189 1433 289 1512 potius
302 1450 339 1494 ex
353 1429 472 1512 delectu
486 1432 579 1509 quam
593 1446 631 1488 ex
645 1427 755 1487 delicto
767 1426 866 1487 vocari
882 1426 983 1504 debet,
998 1429 1074 1490 clim
1090 1429 1170 1492 infa-

190 1523 248 1582 ntia
265 1522 376 1584 nonsit
394 1518 475 1581 aliud
490 1519 582 1597 quam
597 1515 731 1577 delectus
744 1514 832 1575 bonae
844 1513 942 1588 lantae,
955 1522 987 1576 et
996 1517 1174 1580 incurratur

191 1612 219 1670 in
235 1609 416 1691 quibusdam
431 1606 551 1669 casibus
560 1604 611 1666 ubi
627 1621 687 1664 nou
701 1609 746 1664 est
756 1603 899 1665 delictum
915 1607 1090 1684 proprium.

230 1695 549 1780 nuptexdtsttnguttur
565 1690 706 1752 infamia:
721 1689 777 1751 alie
784 1691 881 1769 juris,
896 1691 990 1753 altera
998 1693 1089 1773 sorti.

225 1779 249 1846 'u
269 1787 394 1849 lnlamia
401 1784 487 1865 juris
501 1801 535 1844 eo
550 1788 605 1849 est,
623 1779 720 1860 inquit
732 1779 826 1840 Collet
842 1777 940 1862 (Cura.
951 1781 1077 1863 eonrpl„
1094 1790 1171 1846 tom.
1281 1795 1282 1848 t

197 1900 209 1933 l
232 1881 281 1954 l'l,
296 1876 354 1937 col.
373 1877 454 1952 ast),
466 1889 534 1952 quae
546 1867 746 1942 contrahitur,
758 1886 810 1930 seu
826 1887 880 1949 per
894 1873 1079 1932 sententiam
1092 1873 1174 1950 judi·
1281 1867 1282 1930 l

196 1989 209 2022 n
231 1966 274 2026 eis
288 1960 516 2027 declaratoriam
529 1966 582 2020 aut
596 1957 800 2032 definitivam,
813 1975 864 2018 seu
880 1974 932 2037 per
946 1957 1121 2036 juridicam
1131 1962 1175 2022 rei
1281 1969 1282 1982 ¹

197 2075 210 2110 o
232 2050 507 2125 consessionem...;
524 2045 646 2108 infamia
660 2044 732 2108 verd
746 2043 824 2125 sorti
831 2091 840 2120 ‚
857 2060 891 2105 ea
906 2051 951 2106 est
963 2065 1034 2126 qute
1048 2057 1176 2110 contra-

197 2168 210 2202 (ι
232 2143 312 2203 hitur
326 2140 392 2220 ipso
407 2137 483 2199 lacto
496 2184 504 2211 ,
519 2141 547 2196 et
562 2134 632 2196 ante
646 2133 812 2213 quamlibet
835 2133 1015 2195 sententiam
1024 2155 1035 2209 ;
1057 2145 1088 2200 et
1109 2137 1173 2200 lraeu

197 2256 210 2288 a
231 2222 568 2310 duplexdistinguenda
581 2221 719 2283 videtur:
736 2222 793 2282 alia
810 2221 993 2303 estimatis,
1007 2223 1066 2284 alia
1077 2245 1175 2308 popu

197 2345 210 2378 (ι
235 2319 310 2381 loris
324 2337 331 2378 ε
347 2316 472 2378 infamia
487 2311 594 2394 tepolis
614 2309 693 2391 sacti
716 2327 752 2371 ea
772 2317 816 2370 est
836 2327 905 2390 quae
928 2309 1023 2371 oritur
1045 2330 1083 2374 ex
1108 2315 1177 2376 solo

198 2435 211 2468 a
235 2410 323 2477 facto,
340 2405 393 2468 sed
407 2405 456 2466 cui
471 2418 589 2464 annexa
603 2406 648 2460 est
661 2401 725 2479 (per
737 2399 846 2479 legem)
857 2397 1031 2475 infamia...;
1048 2400 1178 2464 infamia

198 2523 211 2555 l
230 2493 388 2579 popularis
401 2511 437 2556 ea
452 2499 496 2554 est
510 2507 579 2571 quae
593 2487 757 2550 incurritur
775 2487 815 2548 ob
833 2486 949 2548 crimen
973 2489 1078 2568 quod,
1105 2491 1175 2554 licet
1280 2525 1281 2544 t

198 2613 210 2644 a
234 2585 358 2647 intinnil
372 2601 434 2644 oon
449 2586 569 2643 notetur
583 2575 708 2655 injure,
722 2574 780 2637 tale
795 2581 896 2636 tatnen
912 2581 957 2635 est
972 2582 1017 2651 ut,
1037 2595 1076 2640 ex
1100 2599 1173 2659 pru.
1280 2587 1281 2658 }

199 2701 212 2734 a
233 2676 358 2736 dentum
374 2672 568 2735 othonorum
589 2662 810 2743 aestimatione,
825 2663 897 2724 boni
917 2663 1052 2726 nominis
1074 2669 1174 2729 arnis·

200 2789 212 2821 o
234 2768 350 2826 sionem
365 2760 471 2842 pariat.
491 2780 506 2818 a

235 2853 415 2915 Pnorostrro.
430 2881 468 2895 -
483 2847 586 2910 Oozurs
600 2841 746 2922 infumat,
761 2841 821 2902 sive
835 2839 921 2922 juris
942 2840 1034 2902 etiam
1055 2844 1173 2918 ciuilis,

195 2948 252 3006 siue
265 2941 350 3024 faeti,
366 2935 546 3019 irrequietus
557 2940 626 2994 sunt
640 2929 773 2992 habendi.

237 3026 403 3112 Propositio
417 3031 533 3088 constat
548 3040 585 3082 ex
599 3038 666 3100 cap.
683 3018 812 3100 Insomer
826 3021 856 3095 6,
872 3038 903 3100 q.
919 3023 933 3082 t
949 3066 953 3094 2
971 3019 1003 3082 in
1018 3039 1082 3102 quo
1096 3041 1170 3086 ena.

198 3127 351 3185 merantur
370 3131 503 3180 somnes
514 3127 591 3193 quos
604 3106 707 3171 eoeeulr'
720 3113 772 3168 aut
792 3105 935 3170 Ecclesiae
949 3106 1032 3188 leges
1047 3109 1177 3192 insama

200 3235 214 3270 a
256 3207 473 3272 ronuntiantn.

235 3231 388 3360 ¹liorracina
401 3299 504 3355 tamen
517 3305 588 3351 oum
604 3288 680 3346 tzor
693 3281 765 3346 dicit
779 3283 935 3346 infamiam
943 3283 1020 3366 sorti
1029 3285 1175 3350 inducere

197 3388 320 3470 quidem
332 3380 585 3462 irregularitatem
600 3373 638 3435 ad
650 3391 713 3435 non
732 3371 941 3454 suscipiendos
955 3374 1097 3452 ordines,
1115 3393 1175 3436 non

194 3478 269 3543 vero
287 3474 326 3538 ad
341 3491 403 3534 uon
425 3462 659 3531 ministrandum
681 3462 714 3522 in
737 3459 904 3542 susctptis3
924 3459 1086 3543 insoniam
1107 3464 1174 3526 vend
1279 3505 1280 3508 ,

191 3572 267 3650 juris
283 3561 322 3626 ad
332 3568 506 3640 utrumque.

234 3658 357 3716 Dictum
377 3647 433 3709 luit
453 3647 541 3708 etiam
564 3639 691 3706 civilis:
716 3635 789 3724 quia
811 3637 913 3702 omnis
932 3638 1061 3702 infamia
1083 3640 1180 3703 civilis
1279 3637 1280 3708 j

195 3744 321 3806 habetur
339 3742 373 3797 ut
381 3734 590 3805 ecclesiastica,
602 3729 695 3794 modd
706 3730 809 3793 revera
819 3728 973 3811 proveniat
984 3747 1023 3791 ex
1031 3729 1171 3792 crimine.
1279 3729 1280 3736 ’
