2616 4228
225 297 263 355 aa
495 314 649 359 scansuro
668 313 752 361 suuis
774 311 922 358 canonici.

225 408 469 488 provinciarum,
492 413 529 474 ad
557 408 787 474 deliberandum
811 407 850 470 de
872 408 964 470 rebus
985 410 1208 489 temporalibus

224 493 443 575 Baetasiorum,
466 509 496 563 et
514 500 672 583 speciatim
695 499 734 560 de
755 497 1006 560 subventionibus
1019 497 1206 578 guber-moa

224 581 305 644 clero
320 589 509 665 praestandis.

262 673 315 735 llla
336 677 479 754 comitia,
507 679 645 761 quamvis
667 695 729 740 non
756 676 850 738 semel
873 677 1057 756 quaestiones
1078 675 1149 739 fidei
1177 687 1206 739 et

223 759 390 843 disciplinae
414 769 623 847 tractaverint,
649 769 667 829 1
690 763 826 828 conciliis
848 765 970 845 proprie
989 764 1078 826 dietis
1100 772 1204 828 tamen

223 849 411 928 differebant,
421 862 487 917 turn
499 857 614 918 ratione
626 855 707 930 finis,
718 861 783 916 tum
793 854 909 914 ratione
920 853 1041 931 obiecti.
1054 855 1092 914 Et
1102 855 1206 936 quoad

223 941 404 1018 quaestiones
418 945 653 1022 ecclesiasticas,
668 941 791 1005 evidens
814 947 860 1004 est
877 940 959 1003 haud
979 943 1117 1022 potuisse
1140 943 1206 1005 istis

223 1028 352 1090 comitiis
366 1033 511 1111 majorem
525 1033 624 1096 inesse
641 1032 847 1094 auctoritatem
862 1033 955 1111 quam
972 1030 1122 1094 conciliis.
1138 1033 1208 1094 lmd

224 1117 324 1177 revera
346 1119 428 1182 nulla
448 1120 483 1182 iis
505 1121 634 1184 comitiis
657 1121 754 1182 inerat
777 1137 847 1181 vera
869 1117 1033 1180 auctoritas
1055 1120 1205 1182 canonica

223 1202 302 1266 circa
315 1205 489 1287 hujusmodi
505 1209 645 1290 negotia,
660 1210 732 1272 clim
752 1210 769 1269 d
788 1207 957 1270 canonibus
978 1213 1054 1268 nont
1069 1207 1132 1269 sint
1151 1227 1201 1271 re·

224 1295 354 1372 cognita.

259 1437 514 1500 1.-11ΕΒΟΙΑΝ18
528 1453 798 1500 cououuoarlouruus
817 1451 961 1502 QUATENUS
976 1451 1046 1494 SUNT
1062 1421 1170 1496 sorites

591 1535 668 1578 tuuis
687 1533 823 1577 cmoritur.

149 1643 153 1650 ’
262 1659 312 1718 62.
337 1656 494 1738 Multiplici
518 1675 647 1720 numero
668 1662 738 1718 sunt
760 1652 1015 1734 congregationes
1033 1655 1199 1732 Romana,

224 1763 336 1825 nempe
354 1746 576 1825 Inquisitiouis,
608 1744 739 1818 Indicis,
769 1741 913 1818 Caecilii,
936 1741 1083 1822 uernum,
1109 1743 1203 1827 Super

224 1831 348 1912 nepotiis
369 1832 581 1914 Episcoporum
597 1842 626 1894 et
641 1832 798 1912 Bepclor„
820 1838 879 1892 eto.
901 1832 977 1892 Sunt
990 1831 1082 1892 etlam
1097 1834 1206 1898 Romffi

225 1920 311 1999 plura
331 1920 507 1996 tribunalia,
537 1921 789 1995 Paenitentiam,
816 1919 968 1994 lictoriae,
991 1925 1049 1981 etc.
1066 1922 1113 1985 De
1136 1923 1203 1986 sin-

225 2010 304 2084 gulis
318 2028 444 2090 agemus
457 2009 534 2072 inira
547 2007 633 2092 (371,
647 2009 733 2091 eto).

265 2099 320 2159 Hic
334 2098 571 2160 examinandum
585 2106 630 2160 est
643 2105 746 2160 utrum
760 2097 879 2160 illarum
894 2095 1064 2160 decisiones
1076 2099 1139 2161 vim
1154 2099 1205 2163 ha·

225 2185 314 2248 beant
337 2195 429 2248 totam
454 2187 621 2249 Ecclesiam
646 2185 800 2268 obligandi
826 2205 834 2246 τ
861 2187 988 2267 quaestio
1016 2187 1205 2253 instauratur

226 2277 390 2354 praesertim
415 2276 514 2358 quoad
537 2275 704 2338 decisiones
725 2275 974 2355 Congregationis
999 2275 1142 2356 Consilii,
1162 2278 1206 2341 ob

222 2365 368 2444 speciales
382 2364 537 2428 facultates
552 2365 662 2446 quibus
674 2367 691 2426 a
705 2365 736 2426 S.
753 2363 830 2426 Sede
844 2363 955 2448 donata
969 2363 1035 2426 luit.

262 2457 311 2515 63.
335 2455 472 2516 Instituta
486 2454 542 2516 luit
555 2454 605 2515 illa
618 2452 812 2534 congregatio
830 2453 848 2513 'a
869 2452 923 2513 Pio
937 2454 987 2528 IV,
1003 2470 1085 2516 anno
1104 2457 1198 2528 1561,

223 2540 261 2601 ad
275 2542 496 2620 procurandam
516 2542 755 2604 observationem
774 2540 965 2602 decretorum
979 2541 1101 2604 concilii
1116 2545 1201 2607 Trid.

224 2629 300 2691 Huic
313 2635 414 2710 postea
425 2631 456 2692 S.
468 2630 574 2692 PiusV
584 2628 731 2692 concessit
740 2629 912 2690 facultatem
923 2629 1082 2692 decidendi
1094 2649 1204 2696 causas

221 2718 1204 2798 etcontroversiasinterpretationemConciliispectantessixtus

221 2807 292 2868 vero
308 2809 343 2881 V,
357 2825 411 2887 per
425 2807 542 2868 Bullam
558 2807 701 2868 Immenso
711 2807 818 2870 eterni
826 2855 834 2881 ,
850 2825 931 2868 anno
945 2810 1032 2880 1589,
1048 2807 1076 2870 ei
1089 2809 1202 2889 adiecit

221 2894 406 2970 facultatem,
420 2895 559 2957 consulto
573 2901 676 2957 tamen
696 2895 859 2970 Pondfice,
875 2894 1093 2976 interpretandi
1106 2896 1203 2961 dubia

220 2990 250 3044 et
271 2983 460 3047 difficultates
478 2989 671 3047 occurrentes
684 2983 763 3046 cirea
785 2983 1031 3046 reformationem
1052 3003 1199 3061 morum,

219 3071 424 3153 disciplinam,
447 3071 560 3154 judicia
584 3073 801 3149 ecclesiastica,
825 3079 896 3149 ete,
921 3079 1069 3136 reservata
1093 3080 1201 3138 mmen

219 3180 338 3244 semper
352 3159 422 3223 Sedi
444 3162 622 3244 apostolicae
636 3161 882 3243 interpretatione
895 3159 1107 3240 decretorum,
1129 3183 1203 3246 quae

220 3249 289 3312 tidei
303 3251 444 3331 dogmata
458 3257 647 3314 concernunt
658 3257 688 3313 et
701 3251 758 3313 alia
772 3250 877 3312 multa.

257 3341 355 3418 ipsius
374 3340 535 3402 auctoritas
553 3339 592 3401 ad
614 3339 787 3402 universam
811 3339 979 3403 Ecclesiam
1000 3339 1200 3406 extenditur:

218 3426 262 3488 sic
279 3430 362 3502 enim
375 3427 463 3490 habet
484 3429 570 3490 Bulla
583 3428 755 3490 immenso:
775 3427 918 3490 «Habeat
939 3427 1044 3491 itidem
1058 3430 1202 3511 Congre—
1220 3497 1224 3506 ,

222 3536 239 3574 u
258 3516 354 3595 gotio,
368 3517 574 3580 auctoritatem
588 3516 784 3597 promovendi
807 3515 1053 3580 reformationem
1074 3518 1200 3583 cleriei
1294 3547 1295 3556 ¹

222 3625 237 3663 ι
255 3603 374 3683 populi,
389 3604 501 3665 nedum
516 3607 547 3667 in
562 3605 643 3669 Urbe
654 3610 685 3666 et
698 3606 784 3667 Statu
798 3605 1007 3669 Ecclesiastico
1020 3609 1198 3688 temporali,

221 3713 238 3750 ι
257 3692 309 3752 sed
323 3692 413 3753 ctiam
428 3693 458 3753 in
474 3694 614 3756 universo
627 3692 789 3756 christiano
802 3693 892 3769 orbe,
910 3695 941 3757 in
963 3695 999 3756 iis
1013 3713 1082 3777 quaa
1096 3699 1197 3778 perti-

221 3799 237 3838 «
258 3780 375 3840 nontad
388 3780 525 3850 divinum
537 3782 653 3844 cultum
662 3782 903 3863 propagandum,
913 3783 1106 3862 devotionem
1115 3786 1196 3849 exci-
