2590 4214
446 185 534 229 nram
554 180 673 226 narnus,
988 169 1046 228 dulv

58 253 60 258 Ι
85 285 328 454 3381180a3cp9ppum
355 283 458 368 pileoli
482 283 529 346 vel
552 297 649 344 comae
672 278 800 355 fictitiae,
820 277 888 342 vide
907 278 1056 344 Manuale·

518 517 535 598 ς
557 518 593 579 n.

355 648 768 752 Deoblt'qationecoelibottrs.
785 640 797 650 ’

112 818 183 877 652.
207 816 306 877 AEtate
326 815 378 878 SS.
401 814 563 896 Epiphanii
589 818 619 875 et
638 811 844 895 Hieronymi,
865 812 897 876 in
921 818 1055 899 utraque·

76 905 208 966 Ecclesia
224 902 366 966 Orientali
380 908 409 966 et
425 901 627 979 occidentali,
642 901 770 982 vigebat,
787 907 816 964 et
834 903 1027 968 verisimilius
1040 954 1056 985 ‚.

76 991 191 1055 etiams
206 992 391 1074 primordiis,
397 991 490 1074 viguit
503 993 551 1053 lex
565 991 721 1052 caelibatds
734 990 940 1070 ecclesiastici,
952 997 1048 1077 ipsos·

77 1088 137 1143 met
146 1081 349 1144 subdiaconos
362 1081 510 1162 obligans.

114 1171 165 1232 Sic
181 1171 264 1232 enim
280 1169 372 1231 habet
385 1167 624 1252 supiphanius,
641 1168 779 1231 aduersus
789 1170 911 1234 lraereses
922 1170 1048 1254 (Horres.

77 1263 125 1336 59,
146 1261 216 1338 tvl:
236 1258 323 1331 «Qui
342 1257 441 1321 adhuc
455 1259 486 1319 in
503 1258 697 1320 matrimonio
712 1258 814 1340 degit,
835 1277 870 1322 ac
886 1259 989 1323 liberis
1002 1261 1057 1324 det·

80 1370 95 1406 r
114 1366 260 1430 opernm,
274 1349 393 1409 tametsi
404 1347 495 1410 unius
507 1348 546 1408 sit
560 1347 662 1408 uxoris
672 1346 729 1423 vir,
741 1366 937 1428 nequaquam
950 1356 1053 1413 tamen
1110 1407 1112 1411 .

79 1460 94 1496 c
114 1437 154 1500 ad
167 1437 309 1510 Duceni,
322 1435 510 1516 Presbyteri,
530 1435 672 1517 Episcopi
684 1442 735 1497 aut
746 1436 959 1516 Hypodz'rrconi
971 1438 1052 1500 ordi-

80 1549 94 1585 n
115 1544 189 1588 nem
203 1524 333 1586 admittit
346 1523 514 1607 (Ecclesia);
529 1524 582 1586 sed
596 1541 667 1586 eum
682 1523 827 1586 duntaxat
843 1525 895 1606 qui
910 1525 948 1586 ab
963 1527 1057 1590 unius

81 1637 95 1673 r
116 1616 221 1678 uxoris
234 1612 456 1676 consuetudine
470 1631 535 1674 sese
547 1612 743 1686 continuerit,
756 1619 809 1675 aut
819 1616 854 1676 ea
869 1613 906 1675 sit
919 1614 1052 1688 orbatrrs;

81 1727 95 1763 o
116 1702 202 1785 quod
215 1703 246 1765 in
261 1702 319 1764 illis
333 1702 486 1783 praecipue
500 1701 551 1776 fn,
567 1701 620 1764 ubi
634 1701 827 1763 ecclesiastici
848 1720 982 1766 canones
1000 1722 1053 1767 ac-

81 1817 96 1853 c
116 1793 221 1856 curate
231 1799 387 1854 servantur
401 1813 432 1853 u.
447 1793 528 1872 Ergo
542 1798 618 1853 tunc
631 1790 824 1852 ecclesiastici
839 1810 972 1854 canones
985 1811 1052 1858 oon·

77 1880 237 1943 tinentiam
250 1879 340 1942 etiam
350 1879 543 1942 subdiaconis
555 1875 769 1959 nrae'cipiebant
777 1899 786 1954 ;
803 1899 873 1941 nam
884 1899 939 1962 per
948 1881 1052 1966 Hypo·

77 1971 224 2045 diaconos,
240 1968 416 2032 subdiaconi
431 1974 502 2030 sunt
516 1968 714 2049 intelligendi.

117 2061 247 2122 Sanctus
268 2065 369 2120 autem
393 2057 596 2118 Hieronvmus
620 2057 762 2120 adversus
789 2057 985 2138 vigilantium
1013 2061 1053 2123 sic

76 2150 214 2230 loquitur
233 2166 241 2208 :
263 2149 350 2208 «Pro
365 2144 470 2208 nelasl
485 2146 650 2226 Episcopos
664 2147 710 2207 sui
726 2146 848 2208 sceleris
867 2147 980 2210 dicitur
1001 2148 1053 2210 ha-

81 2261 96 2298 c
116 2239 191 2299 bere
207 2241 383 2309 consortes,
399 2234 424 2295 si
445 2241 546 2295 tamen
570 2235 707 2314 Episcopi
727 2235 904 2296 nominandi
919 2239 1053 2317 suntqui

81 2351 96 2386 r
118 2343 183 2388 non
205 2323 345 2386 ordinant
367 2323 531 2398 diaconos,
558 2321 614 2382 nisi
638 2322 722 2402 prilts
744 2340 853 2384 uxores
874 2323 1053 2387 duxerint...
1146 2343 1148 2348 ·

80 2440 96 2475 ι(
118 2414 197 2488 Quid
213 2413 323 2475 sacient
342 2412 470 2474 Orientis
490 2411 658 2472 Ecclesiae?
679 2411 757 2482 Ouid
776 2413 900 2492 AEgypti
925 2419 955 2474 et
971 2413 1061 2476 Sedis·

80 2529 96 2564 n
118 2503 320 2585 Apostolicae,
348 2519 416 2582 quae
440 2505 491 2561 aut
510 2500 643 2579 virgines
665 2499 791 2561 clericos
809 2500 980 2581 accipiunt,
1006 2510 1053 2565 aut

80 2618 96 2654 r
117 2593 326 2664 continentes,
340 2595 392 2653 aut
403 2589 428 2650 si
443 2606 552 2650 uxores
564 2587 747 2666 habuerint,
762 2587 862 2650 mariti
881 2605 948 2651 esse
961 2589 1053 2652 desis-

116 2687 228 2744 tunt.»

116 2773 231 2852 Legem
246 2767 402 2831 oaelibatds
414 2766 506 2848 longe
517 2771 587 2828 ante
605 2765 661 2828 bos
682 2766 808 2828 Sanctus
828 2765 980 2848 viguisse,
995 2769 1053 2831 sal·

77 2867 140 2924 tem
156 2857 256 2942 quoad
271 2857 415 2920 diaconos
433 2861 464 2919 et
484 2855 654 2937 superiores
676 2856 816 2933 ordines,
838 2857 918 2919 clare
939 2864 1053 2919 constat

79 2968 115 3014 ex
127 2947 261 3012 Concilio
271 2943 498 3026 Carthaginensi
507 2947 532 3006 ΙΙ
541 2945 614 3007 anni
624 2945 797 3020 257,sancti
809 2945 950 3025 Cypriani
957 2951 1054 3023 aetate,

76 3039 109 3102 ’tn
127 3055 189 3120 quo
203 3037 323 3112 dicitur,
338 3037 438 3096 camb
454 3051 463 3095 ε
482 3054 497 3091 c
516 3033 703 3114 Episcopos,
725 3031 919 3114 Presbyteros
937 3039 967 3095 et
986 3034 1053 3096 Dia·
1098 3069 1101 3074 -

82 3150 98 3188 c
119 3145 215 3191 conos
226 3127 266 3188 ita
280 3123 413 3207 placuit,
428 3125 463 3184 ut
473 3120 619 3184 condecet
633 3122 847 3184 sacrosanctos
862 3123 1058 3196 antistites..‚.

83 3240 98 3278 r
120 3215 310 3280 continentes
324 3230 390 3276 esse
403 3213 435 3272 in
449 3209 616 3274 omnibus..
629 3215 683 3273 :ut
695 3209 777 3292 quod
794 3209 926 3290 Apostoli
940 3210 1054 3273 docue-

83 3329 99 3368 ι
121 3311 194 3369 runt
206 3311 236 3367 et
249 3305 314 3386 ipsa
333 3299 458 3365 serravit
475 3298 658 3380 antiquitas,
679 3315 736 3360 nos
756 3315 878 3380 quoque
900 3299 1057 3362 custodia-

84 3418 100 3458 r
121 3412 191 3458 mus
202 3414 234 3458 a.

120 3486 190 3546 Non
202 3487 307 3544 umen
320 3477 506 3544 adamussim
525 3476 591 3539 haec
611 3476 661 3538 lex
674 3475 788 3557 ubique
801 3473 860 3539 fuit
871 3473 1027 3541 observata
1042 3497 1050 3541 ε

84 3572 184 3638 clerici
198 3571 282 3634 enim
293 3567 486 3632 matrimonio
505 3564 677 3644 conjuncti,
693 3564 784 3628 etiam
798 3563 836 3626 ad
850 3563 1054 3631 sacerdotium

84 3659 205 3724 admissi
218 3659 302 3722 luere
314 3703 323 3737 ,
337 3673 496 3738 nunquam
509 3660 612 3716 tamen
626 3651 664 3714 ad
678 3653 902 3734 Episcopatum.

963 3754 1022 3806 ΜΗ
