2562 4224
471 231 558 276 nlssuu
579 233 697 278 PurutJS.

471 466 619 536 CAPUT
644 466 693 536 ΙΙ..

113 637 160 685 DE
192 633 435 696 AcQUlsl'rlouu
460 631 726 679 wmsnlculorus
753 632 1032 679 nccnuslnfflcffi.

131 835 203 892 175.
228 829 310 889 Dalis
322 826 503 908 quibusdam
518 826 690 888 notionibus
702 827 783 889 circa
795 828 917 890 titulum
931 835 961 891 et
975 830 1068 912 ipsius

87 917 323 992 necessilatem,
339 916 475 977 dicemus
489 933 497 974 :
516 919 546 978 l⁰
560 914 598 976 de
612 915 772 995 adeptione
786 917 1001 995 iurisdictionis
1015 919 1068 981 do·

89 1009 272 1088 legatae;·2⁰
290 1004 327 1064 de
348 1002 508 1084 adeptione
527 1001 745 1084 jurisdictionis
772 1005 932 1070 ordinariae
957 1027 964 1066 r
987 1006 1069 1070 unde

87 1103 152 1157 tres
163 1099 257 1156 erunt
269 1089 387 1154 urticuli
402 1108 411 1153 r

518 1277 604 1340 ΛΒΤ.
626 1277 650 1340 Ι.

305 1425 343 1470 nn
364 1425 470 1472 urruno
489 1424 528 1470 nr
547 1426 641 1473 rrsrus
660 1395 870 1475 rronssrrrrn'.

137 1569 210 1630 476.
234 1565 350 1629 Titulus
368 1564 527 1646 ingenere
542 1573 587 1627 est
600 1570 686 1628 ectus
698 1584 760 1648 quo
778 1567 932 1632 confertur
943 1575 1073 1651 potestas

93 1654 264 1740 peragendi
278 1653 382 1716 munia
395 1652 614 1716 ecclesiastica:

134 1744 256 1812 Titulus
269 1750 313 1804 est
331 1763 413 1804 uerus
426 1750 478 1804 out
493 1741 590 1822 salsus
605 1761 613 1802 ι
628 1761 712 1804 verro
725 1749 771 1806 est
789 1744 842 1827 qui
861 1744 945 1809 nullo
959 1745 1074 1810 loborat

95 1835 189 1906 ritio;
205 1824 309 1914 porro,
323 1839 356 1894 ut
367 1848 455 1894 verus
462 1829 510 1905 sit,
525 1829 582 1891 trie
595 1831 794 1911 requiruntur
811 1852 819 1895 ε
839 1836 868 1897 l⁰
881 1835 1074 1898 concedentis

95 1925 193 1986 libera
205 1927 351 2002 potestas,
365 1923 398 1982 2⁰
412 1918 587 2000 recipientis
600 1918 758 2001 habilitas,
774 1923 806 1984 3ο
819 1921 919 1985 debito
932 1923 1028 1987 formu
1042 1925 1073 1986 in

95 2019 167 2076 actu
179 2009 395 2072 concessionis.

138 2099 246 2164 Falsus
256 2105 301 2159 est
313 2098 363 2159 ille
372 2096 426 2177 qui
435 2095 549 2159 laborat
557 2094 628 2158 vitio
638 2097 717 2159 circo
726 2116 823 2160 unum
832 2117 867 2161 ex
878 2100 974 2162 trihus
984 2101 1075 2163 modo

96 2187 250 2253 radicalis.
266 2185 382 2248 Dicitur
394 2185 484 2248 etiarn
494 2185 649 2267 putotiuru
664 2185 784 2248 relative
796 2187 832 2248 nd
843 2205 895 2248 eos
908 2189 972 2268 qui,
988 2188 1074 2269 igno·

95 2288 212 2346 rantes,
227 2274 332 2336 vilium
345 2273 512 2355 legitimum
527 2279 677 2354 reputent.

138 2371 211 2429 lrr.
234 2364 352 2425 Titulus
371 2363 464 2424 falsus
477 2368 574 2442 potest
591 2377 657 2423 esse
670 2361 715 2422 vel
730 2361 834 2442 fictus,
849 2362 1074 2442 relectorum,

96 2457 145 2520 vel
158 2452 341 2535 simpliciter
353 2450 462 2513 nullus.

138 2545 244 2608 Fletus
257 2548 302 2603 est
324 2539 374 2602 ille
392 2539 444 2620 qui
464 2556 526 2601 non
548 2537 605 2601 init
623 2554 787 2601 concessus
805 2540 824 2601 c
841 2539 1016 2622 superiore,
1032 2543 1076 2606 vel

98 2653 164 2698 non
188 2649 244 2714 pro
268 2647 355 2704 casu,
374 2633 426 2690 out
448 2627 530 2704 loeo,
550 2633 600 2690 out
622 2632 777 2709 ternpore,
802 2628 848 2692 vel
872 2629 1004 2713 denique
1024 2651 1077 2714 pro

98 2721 233 2806 persono
242 2718 281 2780 de
290 2718 401 2799 quibus
414 2716 524 2798 agitur.

142 2809 298 2876 Golorotus
309 2812 354 2869 est
367 2805 417 2868 ille
429 2805 481 2886 qui
492 2804 549 2867 luit
559 2822 723 2868 concessus
735 2807 752 2868 u
763 2807 898 2888 legitimo
910 2810 1076 2892 superiore,

100 2907 131 2963 et
143 2899 181 2961 de
192 2917 223 2959 se
235 2903 313 2958 esset
325 2901 414 2976 optus
429 2892 467 2956 od
479 2892 720 2972 iurisdictionem
734 2896 961 2975 conferendum,
977 2899 1002 2962 si
1017 2920 1078 2963 non

97 2989 272 3052 irritaretur
287 2992 409 3065 propter
422 2980 576 3045 desectum
589 2982 760 3060 occultum;
777 2987 868 3064 porro
883 2986 932 3050 ille
945 2987 1080 3051 delectus

100 3076 241 3142 occultus
251 3081 348 3156 potest
359 3071 536 3152 contingere
551 3089 561 3134 r
578 3075 609 3134 l·
623 3070 654 3133 in
668 3070 851 3148 eoncedente,
867 3094 894 3138 v.
911 3095 942 3156 g.
953 3077 978 3138 si
994 3078 1080 3158 igno-

108 3171 224 3230 uretur
246 3181 329 3226 mors
346 3159 507 3243 Episcopi,
526 3160 622 3243 ipsius
640 3159 777 3223 Vicorius
790 3164 943 3226 Generalis
958 3164 1083 3229 haberet

103 3254 229 3320 titulum
248 3253 416 3315 coloratum
433 3250 567 3325 tanturm
588 3251 622 3312 2⁰
642 3248 675 3311 in
693 3249 867 3332 recipiente,
883 3251 944 3315 sire
960 3253 1082 3336 aliquod

104 3345 211 3408 uitium
222 3340 420 3424 processerit,
437 3356 468 3401 v.
487 3358 517 3421 g.
534 3338 738 3420 irregularitas
746 3341 883 3417 occulta,
899 3341 945 3404 vel
960 3361 1081 3406 exoorn·

105 3431 291 3510 municutio,
302 3431 363 3491 sive
373 3426 460 3490 titulo
470 3445 526 3490 suo
536 3427 573 3490 sit
581 3427 737 3510 spoliatus,
749 3435 778 3489 et
787 3428 817 3488 id
829 3430 998 3511 ignoretur;
1010 3438 1043 3496 3⁰
1051 3435 1081 3497 in

105 3532 192 3600 utu,
219 3528 253 3585 ut
275 3519 301 3582 si
326 3513 534 3580 intercesserit
551 3516 681 3578 simonia
701 3515 836 3593 occulta,
860 3519 976 3585 ratione
997 3525 1083 3604 cuius

107 3620 193 3676 actus
203 3609 242 3672 sit
255 3607 369 3670 irritus.

149 3697 340 3776 Simpliciter
348 3693 448 3754 nullus
461 3699 522 3766 est,
536 3691 581 3755 vel
592 3692 644 3768 qui
659 3691 713 3755 luit
726 3711 887 3759 concessus
902 3701 917 3758 ir
932 3702 1085 3774 superiori»
