2562 4224
495 277 584 321 trouu
605 277 722 323 Fatuus.
1038 273 1092 322 103

113 380 332 444 existentiam:
350 377 467 440 tuturus
481 377 563 440 enim
580 395 747 438 consensus
762 394 824 439 non
838 381 888 438 dat
910 379 1093 456 jurisdictio·

116 487 191 532 nem
206 486 262 548 pro
278 466 416 548 praesenti
429 473 575 546 tempore.
598 467 689 526 Actus
704 469 803 527 aulem
814 466 960 548 positivus
974 467 1094 547 delega-

115 557 209 619 tionis
231 573 287 636 pro
311 554 501 616 Matrimonia
522 559 619 634 potest
637 552 750 615 includi
769 554 801 614 in
822 555 954 634 generali
974 555 1094 636 delega-
1201 577 1204 586 ’

115 647 212 708 tione.
230 644 289 706 Sed
303 643 497 724 quandonam
511 641 587 703 adsit
603 642 751 723 generalis
772 641 935 722 delegatio,
954 643 1095 721 judican-

115 735 195 796 dum
217 752 255 795 ex
279 731 535 804 circumstantiis:
551 749 579 794 v.
596 750 626 811 g.
641 729 665 792 si
677 730 827 810 parochus
839 731 997 792 discedens
1009 749 1094 793 com·

117 823 219 884 mittat
233 822 323 884 alicui
338 820 628 882 administrationem
654 825 909 881 sacramentorum
924 867 931 896 ,
957 824 1096 882 censetur

116 909 379 992 comprehendere
393 908 619 970 Matrimonium
635 925 643 968 :
660 925 746 970 secus
757 907 781 968 si
798 926 930 988 praesens
944 908 1096 988 permittat

116 997 210 1060 alicui
231 998 303 1059 dare
324 998 395 1060 dare
416 1003 601 1058 sacramenta
621 995 652 1056 in
672 996 832 1076 parochia3
851 995 1001 1058 ordinarie
1023 1003 1096 1060 tunc

116 1087 295 1163 censebitur
315 1087 396 1166 loqui
418 1086 535 1146 tantum
551 1084 589 1146 de
607 1084 783 1146 Paenitentia
805 1091 835 1146 et
858 1085 999 1146 Extrema
1016 1087 1096 1148 Unc-
1202 1125 1204 1145 .

116 1175 214 1236 tione.
233 1175 387 1249 Carriere,
403 1172 438 1236 de
453 1173 598 1242 Matrim„
618 1183 651 1232 n⁰
667 1176 754 1234 1333.

162 1267 235 1325 205.
265 1267 298 1324 ln
324 1263 457 1326 secundo
483 1281 575 1337 casu,
603 1260 712 1322 suffieit
738 1260 1096 1324 licentiarationabiliter

118 1359 326 1433 praesumpla,
353 1352 399 1413 vel
423 1350 591 1412 ratihabitio
613 1349 825 1412 rationabiliter
845 1357 984 1430 sperata:
1003 1350 1042 1412 ita
1062 1352 1093 1413 S.

118 1442 247 1522 Lignor.
263 1448 345 1502 tenet
357 1448 389 1502 ut
404 1439 608 1521 probabilius,
624 1457 679 1520 pro
692 1439 862 1518 Baptismo,
877 1439 928 1500 lib.
945 1443 975 1514 6,
990 1441 1023 1500 n⁰
1037 1442 1071 1501 ll
1085 1461 1094 1512 ;

120 1548 180 1611 pro
194 1527 440 1604 confirmatione,
456 1532 575 1603 nrt'133
588 1525 1094 1606 etproEucharistiaministrandd,

121 1621 158 1678 n⁰
180 1620 258 1692 a3t;
273 1615 473 1698 probabiliter
486 1635 541 1696 pro
555 1617 694 1676 Extrema
708 1614 873 1689 Unctione,
895 1625 928 1673 n⁰
942 1619 1011 1674 722.
1037 1617 1094 1677 Ve-

120 1705 188 1766 riirs
206 1710 309 1765 tamen
328 1704 494 1766 ratihabitio
512 1709 627 1783 sperata
642 1721 703 1763 non
718 1701 826 1764 sufficit
841 1720 894 1782 pro
907 1701 1096 1766 conferendis
1152 1697 1154 1701 ’

119 1793 294 1869 ordinibus,
305 1791 374 1873 quia
385 1792 498 1854 Concil.
510 1791 643 1853 ‘trident
655 1791 745 1872 exigit
760 1790 910 1852 licentiam
924 1809 1095 1872 expressam

123 1883 220 1964 (Sess.
237 1884 294 1956 ll,
307 1900 374 1962 cap.
389 1885 421 1963 h)
435 1901 443 1957 ;
460 1880 512 1942 sed
526 1879 679 1962 probabile
692 1887 736 1942 est
754 1880 835 1960 qudd
849 1879 977 1942 sufficiat
990 1880 1096 1943 ratiha-

122 1969 198 2031 bitio
212 1969 259 2031 vel
274 1969 392 2030 licentia
409 1975 591 2050 praesumpta
602 1967 639 2030 de
654 1969 810 2049 praesenti,
824 1977 857 2029 n⁰
871 1973 941 2032 789.

163 2061 236 2121 206.
259 2059 350 2140 Resp.
370 2059 401 2120 2⁰
418 2061 510 2120 hctus
523 2057 721 2137 delegationis
735 2058 870 2137 pluribus
891 2058 957 2119 aliis
976 2057 1095 2121 dotibus

123 2146 240 2228 pollere
263 2145 351 2208 debet
374 2165 382 2207 ι
410 2151 440 2207 l⁰
464 2149 481 2208 a
501 2145 657 2226 delegante
679 2146 810 2207 intimari
828 2146 917 2209 debet
936 2145 1094 2227 delegato:

124 2253 189 2297 non
204 2234 287 2297 enim
304 2234 388 2296 aliter
402 2234 543 2314 delegans
557 2235 726 2296 consentire
746 2234 881 2310 videtur;
901 2239 934 2297 2⁰
949 2236 1096 2315 acceptari

122 2323 217 2386 debet
231 2323 336 2385 saltem
351 2323 511 2404 implicite,
528 2323 605 2384 sicut
616 2321 756 2382 rimatio:
770 2323 915 2403 implicite
928 2330 1096 2402 acceptatur

122 2413 149 2475 si
163 2411 350 2492 delegandus
365 2412 478 2474 miserit
494 2411 636 2473 nuntium
653 2410 699 2472 rol
714 2409 823 2471 litteras
837 2411 875 2471 ad
886 2410 1095 2492 delegantem,

123 2509 201 2565 tunc
215 2501 320 2578 enim,
341 2501 430 2563 etiam
451 2499 586 2561 nondum
607 2505 730 2579 accepto
748 2516 912 2578 responso,
927 2505 1098 2582 acceptatur

123 2589 272 2672 implicite
292 2589 439 2670 delegatio
461 2607 469 2649 ι
492 2588 609 2650 videtur
622 2595 722 2649 tamen
737 2605 844 2668 parum
863 2587 996 2669 prudens
1010 2607 1098 2670 agere

122 2685 198 2742 ante
219 2680 420 2758 receptionem
435 2677 626 2754 facultatum,
642 2675 698 2738 nisi
713 2682 840 2756 urgeant
853 2677 1095 2742 circumstantiae.

166 2769 202 2830 ln
216 2767 309 2830 dubio
321 2774 422 2830 autern
443 2773 544 2828 utrum
564 2765 711 2846 delegatio
726 2767 909 2846 praecesserit
928 2774 1028 2830 actum
1043 2787 1089 2850 prr

125 2875 191 2938 quo
210 2855 355 2937 postulata
377 2855 432 2918 luit
451 2853 587 2933 licentia,
610 2854 751 2935 praesumi
770 2862 866 2936 potest
878 2854 1099 2938 delegationem

126 2944 336 3028 praecessisse,
358 2943 382 3006 si
396 2943 502 3007 eodem
514 2942 579 3022 die,
594 2948 721 3024 utraque
735 2950 853 3024 peracta
866 2950 958 3020 sunt3
982 2947 1054 3027 quia
1070 2948 1100 3009 in

124 3033 245 3110 dubio,
269 3052 324 3115 pro
347 3033 447 3096 valore
472 3033 556 3094 actus
576 3029 821 3114 praesumendum
839 3039 884 3096 est
906 3032 1044 3116 (sooch,
1067 3035 1099 3098 de

127 3122 238 3196 Matr„
254 3122 305 3183 lib.
322 3125 352 3197 3,
368 3122 445 3204 disp.
462 3124 512 3196 35,
528 3122 562 3182 n⁰
576 3123 635 3200 te).

170 3215 203 3274 3·
230 3210 326 3274 Debet
344 3229 409 3273 esse
438 3209 549 3272 liter:
581 3209 663 3274 unde
693 3219 719 3274 st
751 3230 813 3275 non
847 3210 964 3276 adesset
995 3212 1101 3276 adver·

129 3299 237 3376 tentia,
253 3299 298 3361 vel
314 3299 339 3362 si
357 3307 442 3362 actus
456 3304 535 3362 esset
551 3306 689 3381 patenter
706 3308 810 3364 contra
826 3318 951 3364 omnem
963 3303 1100 3366 volunta-

133 3392 211 3466 tem,
236 3388 318 3450 nulla
340 3395 417 3450 esset
438 3388 599 3469 delegatio;
621 3387 673 3452 sed
695 3390 718 3451 si
739 3397 834 3467 metu,
856 3388 947 3453 etlam
966 3395 1048 3475 gravi
1073 3401 1102 3457 et

133 3475 257 3558 hriusto,
272 3477 469 3554 obtineretur,
481 3495 543 3539 non
557 3476 626 3540 idad
639 3477 768 3540 invalida
778 3487 876 3543 esset:
897 3483 995 3565 aquia
1007 3485 1102 3546 verius

137 3589 153 3627 n
174 3573 215 3628 est
232 3566 472 3645 jurisdictionem
497 3573 580 3628 metu
601 3573 749 3630 extortam
770 3568 865 3632 valide
887 3573 1040 3634 transferri
1061 3588 1106 3652 n,

134 3655 235 3736 inquit
248 3654 358 3716 Sanoh.
375 3655 440 3736 (ih,
457 3654 534 3736 disp.
551 3657 600 3732 39,
616 3663 651 3716 n⁰
665 3655 727 3740 t3).
743 3658 808 3720 lmb
821 3657 917 3722 valida
928 3668 1007 3724 esset
1019 3659 1102 3724 dele·

133 3744 236 3823 gatto,
251 3743 366 3806 atiantsi
386 3743 456 3806 dolo
475 3743 674 3818 obtineretur;
686 3746 712 3806 si
733 3746 820 3810 dolus
838 3767 898 3810 non
918 3758 997 3810 esset
1013 3765 1103 3809 causa
