2526 4210
465 293 551 339 arsen
572 292 691 337 antuus.
1008 277 1067 334 2³19

85 415 105 452 a
126 393 206 474 plius
217 394 310 475 quam
324 395 386 456 unt
398 393 459 468 die,
471 411 526 474 per
538 409 788 474 unamquamque
802 389 962 453 Basilicam
972 406 1067 451 remo

88 504 105 540 a
126 481 214 544 randi
227 482 380 543 licentiam
394 482 513 544 habeat.
529 504 545 539 u

126 569 186 631 Pro
208 571 377 633 visitatione
397 569 536 633 iacienda
558 571 628 650 eligi
652 569 750 632 solent
772 569 811 630 ab
833 569 983 651 Episcopo
1004 565 1066 627 duo

86 659 312 720 convisitatores
327 660 358 720 in
381 659 473 721 rebus
491 658 702 722 ecclesiasticis
719 658 839 720 versati.
861 659 932 736 Cap.
952 657 988 717 In
1006 655 1067 714 sin-

85 747 179 826 pulis,
194 746 238 808 Dc
248 755 319 809 stat.
331 747 478 823 munte
489 749 647 811 etllxtrav.
660 747 783 825 Debent,
795 746 841 809 lle
858 747 938 828 Offlc.
952 742 1065 816 ordin,

88 839 165 897 inter
184 837 380 900 Communes.
405 839 474 900 Non
495 842 540 898 cst
562 842 665 898 tamen
690 835 859 899 neccssaria
886 851 993 898 eorum
1016 850 1066 893 as-

87 925 234 1005 sumptio.

532 1070 549 1149 a
575 1071 624 1130 m.

274 1207 315 1267 De
344 1207 523 1268 Visitotione
542 1205 702 1268 Sacrorum
723 1206 887 1267 Liminum.

128 1354 200 1412 tol.
228 1371 243 1408 a
262 1351 374 1410 Munus
399 1348 585 1408 Visitationis
608 1347 763 1408 Liminum
787 1347 817 1408 in
834 1347 930 1408 tribus
952 1345 1071 1408 actibus·

87 1461 104 1495 o
126 1437 318 1518 potissimum
336 1437 489 1512 consistit,
502 1437 615 1498 scilicet
633 1437 664 1496 in
678 1435 822 1496 materiali
843 1437 1006 1497 Sacrorum
1017 1434 1068 1513 ¹Li·

87 1548 104 1582 (ι
126 1525 248 1588 minum
260 1525 449 1598 Visitationc‚¹
467 1524 499 1586 in
520 1524 702 1586 exhibitione
719 1522 828 1584 debitae
841 1522 1019 1584 obedientiae
1032 1540 1069 1584 ao
1113 1578 1118 1586 ,

91 1615 305 1676 ricvercntiae
332 1615 471 1676 Romano
498 1613 658 1688 Pontifici,
681 1618 712 1674 et
739 1611 771 1672 in
790 1610 946 1672 Relationc
968 1612 1068 1673 Status

90 1726 105 1762 a
125 1703 309 1765 Ecclesia...
336 1703 454 1764 Limina
471 1702 684 1782 Apostolorum
708 1699 749 1760 ibi
768 1717 833 1761 esse
851 1698 995 1762 dicuntur
1014 1699 1067 1762 ubi

90 1814 105 1850 r
125 1799 172 1854 est
188 1790 278 1872 Papa.
300 1813 315 1851 n
333 1791 478 1867 Ferraria,
493 1800 524 1853 ν·
542 1790 665 1853 Limina
681 1788 895 1871 Apostolorum,
914 1787 952 1850 nl·
970 1793 1000 1865 9,
1016 1794 1064 1853 29.

124 1881 213 1943 Circa
227 1879 437 1960 antiquitatem
453 1879 643 1961 obligationis
661 1878 817 1960 Episcopis
836 1878 984 1960 impositae
1005 1879 1068 1940 visi·

85 1969 170 2030 tandi
187 1971 277 2030 Sacra
291 1969 422 2044 Limina,
438 1969 504 2049 lege
523 1971 559 2030 D.
579 1967 692 2043 Bouix,
711 1968 754 2028 Dc
766 1967 929 2050 Episcopo,
945 1975 1019 2031 tom.
1035 1973 1066 2045 Ξ,
1146 1969 1148 1972 ’

86 2079 115 2138 p.
126 2062 183 2133 44,
200 2056 251 2119 ubi
263 2056 369 2118 asserit
386 2057 424 2119 de
439 2061 475 2120 et
491 2057 553 2118 lieri
568 2057 756 2118 monitionem
774 2057 865 2118 etiam
882 2059 913 2117 in
928 2057 1068 2137 Epistolis

85 2149 115 2210 S.
133 2146 273 2227 Gregorii
284 2146 385 2227 Magni
398 2147 461 2223 (lib.
476 2151 507 2223 t,
521 2146 617 2227 Epist.
630 2151 680 2220 22,
694 2143 769 2206 Edit.
787 2144 1006 2226 Benedictina).

124 2238 250 2298 Certum
261 2240 307 2296 est
317 2233 406 2298 hodic
416 2233 614 2310 Patriarclras,
630 2234 789 2309 Primatcs,
807 2232 1066 2315 archiepiscopos,

85 2319 1066 2406 EpiscoposetPraelatosinterioresJurisdictionemEpiscopalem

84 2413 234 2474 babentes
249 2430 320 2474 cum
340 2413 490 2474 territorio
504 2419 660 2492 separato,
677 2409 773 2471 teneri
787 2410 843 2471 sub
864 2409 944 2491 gravi
960 2411 1066 2474 Sacro·

84 2521 157 2564 rum
185 2501 360 2578 Liminum,
382 2502 472 2563 certis
493 2499 701 2580 temporibus,
725 2497 926 2560 visitationem
955 2497 1064 2564 lacere.

83 2593 211 2653 Constat
220 2589 308 2650 variis
322 2590 443 2651 constit.
456 2591 508 2651 SS.
525 2588 596 2663 PP.,
608 2593 638 2648 et
643 2588 816 2666 juramento
828 2586 910 2670 quod
926 2589 1067 2653 emittunt

84 2679 228 2761 Episcopi
243 2684 312 2738 ante
322 2697 407 2739 suam
422 2677 710 2752 consecrationem¹,
728 2677 757 2736 in
770 2694 831 2756 quo
843 2677 1003 2758 spondent.

128 2792 143 2826 a
167 2765 370 2850 Apostolorum
395 2767 529 2843 Limina,
549 2767 678 2848 sinpulis
698 2766 847 2842 trienniis,
869 2767 1067 2848 personaliter

87 2881 103 2916 r
119 2876 182 2940 per
194 2855 337 2937 meipsum
354 2856 480 2917 visitabo
494 2875 504 2916 .·
516 2865 545 2916 et
561 2856 688 2916 Domino
708 2855 819 2918 Nostro
838 2876 873 2918 oc
885 2855 1065 2922 Successori-

87 2970 103 3006 α
123 2942 614 3028 busproesutr's,rotioncmreddom
622 2943 1064 3027 detolomeopaatoroliofficio,

87 3061 102 3094 a
124 3052 162 3096 oc
174 3032 307 3096 derebus
321 3034 456 3095 omnibus
469 3033 509 3095 orl
522 3052 594 3095 mere
608 3033 755 3094 Ecclesia
768 3042 886 3104 stolum,
901 3033 941 3095 od
954 3035 1031 3097 cleri
1037 3043 1067 3097 et

87 3149 102 3183 o
121 3121 234 3206 populi
245 3121 446 3204 disciplinam,
465 3123 634 3182 animorum
661 3120 798 3201 denique,
816 3140 883 3202 quoe
904 3141 977 3191 meoe
992 3121 1066 3203 fidel

87 3237 101 3271 r
123 3210 246 3274 traditu
264 3220 342 3285 sunt,
365 3211 490 3274 sulutem
512 3209 616 3294 quouis
635 3208 718 3270 modo
734 3209 967 3290 pcrtinentibus:
979 3222 1007 3273 ct
1026 3216 1066 3276 υἱ·

86 3325 101 3360 r
122 3299 224 3364 mosim
246 3299 387 3362 mandato
408 3300 576 3382 apostolico
593 3297 748 3360 lumiliter
765 3298 907 3380 recipiam
926 3308 956 3361 et
975 3301 1065 3383 purim

86 3415 102 3447 a
123 3389 355 3472 dilipentissimi
376 3409 516 3471 exequor.
541 3387 638 3465 Quod,
658 3388 686 3448 si
706 3387 840 3469 lepitr'rno
859 3387 1065 3470 impedimento

88 3503 102 3536 a
123 3479 258 3540 detentus
266 3479 368 3559 sumo,
374 3479 508 3561 praefato
519 3477 617 3538 omnia
627 3475 794 3558 adimplebo
804 3495 861 3559 per
868 3485 980 3541 certum
990 3499 1066 3544 nun·

112 3715 121 3742 ¹
137 3707 179 3758 l'et
192 3707 213 3756 si
223 3706 274 3757 sint
283 3707 436 3766 consecrati,
449 3717 506 3759 ante
516 3707 685 3767 acceptionem
698 3707 778 3768 Pallii,
787 3709 824 3758 vel
835 3716 967 3776 antequam
980 3711 1064 3762 admi-

86 3777 228 3830 nistrationi
243 3794 295 3828 suos
307 3778 421 3830 dioecaus
430 3793 457 3830 se
467 3779 580 3844 ingerant
589 3777 609 3844 (fl
619 3779 642 3834 3.
655 3778 759 3829 Constit.
773 3779 848 3830 modo
861 3780 941 3832 citata
953 3783 1015 3833 Sixti
1026 3784 1064 3848 ll),

970 3870 1032 3920 pana
