2580 4216
228 295 287 354 tat
509 307 659 352 curucam
680 309 761 355 rums
780 309 929 356 cauoumr.

228 423 300 468 eum
314 408 438 487 patena,
452 406 497 468 vel
512 405 600 468 Liber
619 407 844 488 Epistularum:
860 409 910 472 alii
928 408 1034 470 dicunt
1048 404 1189 467 materiam
1271 441 1272 492 3

228 494 397 575 proximam
412 513 477 557 esse
486 495 581 557 solam
594 495 785 559 traditionem
796 496 1073 580 calicisracuicum
1083 495 1188 575 patena,
1271 495 1272 554 l

227 591 259 645 et
272 582 400 646 turmam
414 583 504 646 verba
517 585 803 666 correspondentia:
820 585 924 652 Videte
936 584 1030 666 cujus,
1046 589 1130 645 etc...
1142 581 1188 642 Alii

228 673 298 738 vero
307 671 411 736 dieunt
422 673 579 734 materiam
591 674 780 738 essentialem
795 694 861 739 esse
876 677 1000 755 insuper
1010 671 1188 734 traditionem

230 760 308 822 Libri
331 762 554 844 Epistolarum‚
578 761 649 842 quia
672 781 786 827 munus
805 771 852 827 est
873 761 1051 827 subdiaconi
1076 759 1189 840 speciale

228 851 403 913 solemniter
421 850 568 931 la'pistolas
588 850 698 931 legere.
715 851 749 913 ln
771 854 855 935 praxi
879 853 910 915 S.
934 851 1055 932 Liguor.
1083 848 1142 929 (lib.
1164 852 1188 912 6,

230 948 262 1001 n⁰
276 944 345 1018 746)
358 939 430 1001 dicit
442 939 638 1020 posteriorem
649 940 728 1002 hano
737 943 917 1004 sententiam
927 959 992 1002 esse
1003 935 1190 1018 sequendam,

229 1034 332 1109 utpote
345 1028 485 1091 tutiorem
502 1035 605 1090 elnon
620 1029 861 1110 improbabilem.
1271 1097 1272 1104 χ

268 1118 441 1198 Disputatur
453 1117 562 1198 pariter
574 1135 612 1178 an
622 1117 699 1180 calix
711 1124 742 1180 et
753 1127 873 1200 patena,
884 1119 916 1181 in
929 1115 1119 1182 ordinatione
1129 1115 1192 1178 Sub-

228 1208 405 1270 diaconatus
417 1206 602 1281 adhibenda,
617 1215 792 1270 consecrata
803 1227 869 1270 esse
883 1207 1029 1282 debeant3
1044 1206 1125 1266 certd
1138 1207 1192 1286 qui·
1271 1265 1272 1270 ,

229 1297 298 1358 dem
312 1303 485 1359 consecrata
504 1289 575 1357 esse¹
590 1295 700 1358 debent
717 1315 756 1358 ex
771 1297 947 1360 necessitate
970 1293 1126 1376 praecepti‚
1146 1294 1192 1355 sed
1271 1373 1272 1380 ἵ

228 1385 458 1448 controvertitur
471 1403 510 1446 an
523 1383 593 1446 talia
611 1402 677 1446 esse
691 1384 819 1447 debeant
840 1404 894 1467 pro
914 1383 1063 1446 validitate
1077 1383 1192 1444 ordina·
1271 1411 1272 1414 ¹

228 1475 328 1538 tionis.
344 1476 377 1536 lu
393 1472 477 1556 praxi
491 1471 621 1534 tenenda
635 1479 680 1536 est
693 1474 840 1536 sententia
851 1473 1015 1536 affirmans.
1032 1473 1064 1534 S.
1077 1472 1191 1552 Liguor.

227 1563 335 1641 (aoid).
863 1603 866 1608 ·

267 1657 336 1716 581.
360 1651 443 1714 Circa
471 1650 678 1732 poenitentiam
706 1651 846 1716 Diaconis
871 1657 901 1714 et
929 1651 1139 1730 ¹subdiaconis
1161 1649 1195 1712 ab
1271 1689 1272 1708 .

229 1743 377 1823 Episcopo
391 1746 459 1822 post
471 1739 693 1802 ordinationem
706 1739 934 1822 imponendam,
950 1741 1059 1803 dicitur
1073 1741 1105 1801 in
1119 1741 1194 1802 Pon·
1271 1771 1272 1818 3

228 1829 335 1911 tr'firoti
348 1847 356 1890 r
372 1850 387 1889 u
401 1829 444 1890 dd
459 1828 714 1892 Subdiaconatum
737 1829 783 1891 vel
796 1831 994 1898 Diaconatum
1014 1829 1170 1911 (promoti)
1186 1847 1193 1888 ε

233 1941 247 1976 n
268 1921 457 1980 Nocturnum
476 1917 541 1978 talis
562 1917 660 1982 diei...
685 1919 811 1982 dicite...
835 1919 945 1981 »Cum
959 1918 1031 1981 verd
1052 1919 1091 1979 de
1111 1935 1197 1979 seusu
1271 1927 1272 1990 t

229 2006 337 2068 borum
350 2005 510 2067 verborum
524 2006 745 2088 disputaretur,
762 2007 944 2090 interrogata
958 2009 988 2069 S.
1011 2007 1072 2068 uit.
1089 2009 1194 2088 Congr.

228 2114 266 2156 an
279 2095 345 2157 haec
364 2093 451 2156 verba
466 2094 504 2155 de
517 2101 580 2156 toto
592 2095 697 2158 Officio
712 2103 860 2159 nocturno
881 2103 911 2158 et
924 2095 1078 2176 laudibus
1092 2096 1197 2158 intelli·
1271 2105 1272 2108 ’

227 2184 325 2263 ganda
338 2191 455 2256 essent,
472 2183 517 2244 vel
541 2183 579 2245 de
598 2183 690 2247 unico
703 2184 858 2248 Nocturno
880 2192 909 2246 et
923 2183 1029 2266 qualil
1042 2187 1151 2267 Resp.,
1165 2189 1194 2246 tl

227 2291 295 2354 aug.
314 2276 402 2349 1860,
418 2271 612 2352 intelligenda
626 2291 691 2336 esse
706 2273 743 2334 de
758 2275 850 2335 unico
863 2276 1018 2335 Nocturnu
1032 2271 1142 2350 feriali,
1157 2273 1199 2334 vei

227 2361 264 2422 de
277 2363 376 2443 primo
397 2361 562 2422 Dominioae
575 2367 608 2423 ut
626 2362 656 2422 in
672 2361 828 2442 psalterio,
844 2361 874 2423 id
894 2369 938 2424 est
954 2366 991 2424 ln
1013 2362 1200 2443 psalmorum

226 2469 296 2512 eum
320 2451 382 2512 suis
402 2449 582 2529 Antiphonis
604 2449 642 2512 de
662 2457 816 2531 tempore,
842 2469 935 2532 quem
956 2451 1128 2532 Episcopus
1150 2450 1201 2513 de·

225 2539 345 2619 signare
358 2545 472 2620 potest,
494 2539 538 2598 vel
560 2538 655 2618 ipsius
668 2539 725 2600 diei
739 2557 801 2620 quo
819 2539 908 2601 habet
919 2539 1145 2602 ordinationem
1159 2540 1203 2602 vet

225 2627 345 2690 alterius
360 2645 413 2708 pro
425 2646 481 2688 suo
495 2627 618 2688 arbitrio
630 2647 638 2703 ;
655 2627 741 2689 itaut
755 2647 818 2689 non
833 2629 926 2708 possit
939 2628 1099 2708 designare
1120 2631 1202 2691 Noc-

224 2723 350 2777 turnum
364 2715 453 2776 officii
468 2715 565 2778 tribus
586 2717 703 2778 tautum
727 2718 849 2797 psalmis
866 2724 1067 2780 constantem.
1085 2719 1119 2780 Si
1133 2721 1205 2780 verd

226 2805 391 2884 llpiseopus
406 2803 478 2864 nibil
493 2803 572 2864 aliud
587 2805 768 2884 expresserit
782 2809 874 2886 quam
889 2805 972 2888 quod
984 2807 1078 2868 verba
1099 2807 1203 2870 Ponti-

225 2893 318 2954 tioalis
330 2899 449 2969 sonant,
464 2891 628 2955 dicendum
641 2899 686 2954 est
699 2893 884 2956 Nocturnum
897 2893 1010 2976 feriole
1019 2913 1202 2976 correspon-

223 2983 297 3042 dens
318 2981 376 3042 diei
398 2981 429 3041 iu
449 2999 511 3061 quo
532 2986 652 3062 peracta
672 2981 728 3044 luit
747 2983 906 3045 ordinatio.
923 2983 1011 3046 Nulla
1030 2983 1063 3044 lit
1086 2983 1205 3046 mentio

221 3071 259 3132 de
277 3070 466 3145 Invitatorio,
490 3069 606 3151 hymno
624 3077 654 3132 et
672 3070 862 3134 lectionibus.
881 3071 955 3134 Vide
977 3071 1142 3148 Analecta,
1166 3076 1199 3132 tl

222 3159 302 3238 live,
319 3165 349 3221 et
363 3159 460 3222 [levate
473 3159 520 3220 des
532 3159 656 3222 smencea
668 3159 753 3239 eccl,
767 3163 807 3223 20
821 3180 890 3242 aug.
906 3163 1007 3226 tuot.

669 3332 743 3412 aa.

588 3457 633 3522 De
648 3459 821 3522 diaconatu.
940 3491 942 3494 ·

258 3609 327 3668 582.
350 3607 530 3668 Diorenutna
549 3615 593 3668 est
615 3605 685 3667 ordo
698 3625 754 3687 quo
767 3605 922 3687 confertur
941 3607 1041 3670 alicui
1059 3605 1198 3690 specialia

217 3701 342 3774 potestus
356 3695 388 3754 in
400 3697 487 3755 miscui
498 3695 621 3756 solemni
632 3693 801 3756 inmodate
811 3695 967 3758 assistendi
974 3696 1153 3779 presbytero
1171 3701 1197 3752 et

218 3780 384 3842 solemniter
397 3783 523 3844 canendi
536 3783 748 3864 Euunnrlimn.
