2562 4224
209 267 267 327 l78
489 281 641 326 mmmm
660 283 743 328 srnrs
761 282 911 327 cononici.

208 374 349 450 Gohnrd,
372 378 563 457 Faguanum,
580 383 639 438 etc.
661 377 721 438 Sed
739 380 874 438 Ducasse
890 383 933 455 (Ξθ
954 389 1049 460 part,
1068 405 1102 465 p.
1124 394 1201 470 259)

194 461 402 527 -solummodo
417 465 513 526 dicit:
536 467 613 529 «Un
631 467 712 528 clero
730 483 769 526 ne
787 465 852 527 doit
868 467 977 544 jamais
995 473 1062 533 etro
1080 475 1204 557 deposci

213 571 230 606 ι
250 552 341 630 qu'en
360 555 499 634 punition
518 553 557 614 de
577 554 711 635 quelque
731 554 828 616 crime
845 563 947 617 atroce
967 563 999 618 ct
1021 561 1150 640 public,
1173 579 1206 630 et

215 660 231 695 a
251 640 323 720 qu'il
339 661 378 704 ne
395 642 452 704 soit
467 643 604 722 exprime
616 643 693 704 dans
708 642 737 704 le
752 642 833 704 droit
846 662 908 724 que
924 663 961 706 ce
973 648 1072 711 crime
1087 655 1205 718 merite

215 750 231 784 c
250 728 278 790 la
296 729 478 811 depositiou,
493 751 530 791 uu
541 731 619 813 qu’il
639 732 712 791 n'est
728 750 783 810 pus
800 735 896 792 moins
915 735 1034 797 &norm
1048 757 1110 819 que
1124 761 1206 807 eene

214 839 231 875 c
249 835 304 898 que
314 817 342 880 le
352 819 432 880 droit
443 821 533 901 punit
544 835 612 882 ouer
622 828 697 880 cette
710 821 844 899 riquenr.
860 843 876 877 n
914 843 918 850 ·

249 909 320 968 3t0.
344 909 465 978 Ouaerit.
480 913 514 972 Ξ·
532 912 641 971 Utrum
657 908 835 970 dimittenda
854 911 915 970 sint
932 911 1035 975 cilicia
1054 924 1132 980 ante
1150 921 1204 999 ju-

209 994 285 1055 dicis
305 998 484 1058 sententium
499 997 622 1077 quando
636 1015 725 1078 poena
748 997 927 1076 privationis
947 1001 979 1060 in
999 1003 1071 1080 jure
1091 1011 1204 1090 expri-

210 1082 327 1143 mitur?

250 1173 340 1252 Resp.
354 1174 472 1256 Duplici
483 1175 575 1236 modo
585 1193 674 1255 poena
683 1174 898 1255 privationisin
907 1177 976 1255 jure
988 1182 1202 1260 exprimitur:

210 1258 257 1320 rel
279 1265 425 1342 tanquam
448 1263 631 1325 incurrendo
655 1265 720 1344 ipso
738 1263 838 1339 lacto,
858 1263 906 1326 rel
926 1273 1076 1349 tanquam
1098 1274 1206 1358 impe

212 1348 312 1410 nenda
333 1369 389 1430 per
409 1354 591 1414 sententium
609 1353 657 1412 :si
679 1353 777 1434 prius,
801 1353 929 1416 minime
953 1363 1135 1424 necessaria
1159 1375 1206 1428 est

210 1437 358 1500 sententia
370 1439 409 1500 ad
423 1458 544 1521 poenam
562 1440 722 1517 damnans,
737 1441 809 1502 cium
823 1442 841 1502 d
856 1441 928 1522 jure
939 1444 1100 1528 infligatur
1120 1472 1129 1513 :
1149 1456 1206 1518 sed

211 1525 361 1589 ordinarie
378 1527 453 1610 (nisi
475 1536 536 1590 tam
561 1529 716 1591 notorium
737 1529 775 1590 sit
794 1527 910 1592 crimen
931 1541 965 1594 ut
987 1536 1074 1599 nullo
1100 1545 1206 1607 modo

211 1615 353 1696 denegari
375 1619 479 1698 possit)
497 1619 664 1680 necessaria
681 1625 726 1681 est
740 1619 845 1681 saltem
867 1625 1016 1686 sententia
1029 1625 1207 1695 declarans

211 1704 325 1766 crimen
340 1705 431 1769 luisse
444 1707 661 1781 commissum,
677 1715 709 1770 et
720 1715 804 1786 tunc,
819 1712 959 1789 quamvis
971 1713 1062 1776 validi
1076 1716 1205 1786 luerint

211 1799 294 1854 actus
312 1793 540 1872 jurisdictionis,
558 1796 625 1858 talis
645 1798 792 1859 sententia
814 1797 956 1862 effectum
975 1801 1106 1867 habeta
1127 1829 1210 1876 mo.

212 1887 314 1943 mento
332 1885 439 1964 patrati
458 1883 571 1959 delicti,
592 1893 624 1946 et
647 1885 761 1948 fructus
783 1887 921 1950 beneficii
943 1891 1034 1952 etiam
1053 1905 1205 1984 percepti

211 1966 249 2029 ab
262 1968 320 2032 hoc
334 1978 491 2034 momento
506 1980 576 2035 sunt
591 1975 766 2036 restituendi
779 1977 866 2052 juxta
881 1996 1001 2042 omnes.

250 2058 280 2119 Si
296 2059 455 2138 posterius,
473 2063 639 2124 necessaria
657 2070 703 2126 est
717 2067 886 2142 sententia,
903 2069 1047 2132 etiamad
1064 2093 1205 2153 poenam

200 2145 378 2224 ‚damnans;
394 2148 419 2210 si
437 2149 561 2230 quidem
582 2169 684 2231 poena,
704 2153 722 2212 a
742 2153 810 2230 jure
830 2153 1040 2231 determinata,
1057 2161 1100 2222 ab
1132 2168 1205 2249 ipso

209 2243 382 2300 tamennon
395 2237 572 2319 imponitur,
584 2239 636 2301 sed
649 2239 828 2322 relinquitur
839 2243 1025 2324 imponenda
1034 2249 1053 2310 ὲ
1059 2251 1201 2330 judice:

208 2324 335 2404 proinde
361 2334 434 2390 tunc
457 2327 583 2408 privatio
605 2327 697 2392 cilicii
718 2329 859 2392 ellectum
884 2350 945 2394 nou
969 2334 1063 2400 habet
1087 2343 1160 2408 nisi
1184 2351 1201 2410 d

210 2421 367 2478 mornento
381 2416 504 2496 prolatae
517 2417 685 2480 sententiae.

250 2505 319 2565 atr.
343 2505 465 2577 Quaerit.
483 2509 517 2569 3⁰
530 2507 676 2578 Quaenam
690 2509 750 2570 sint
764 2510 891 2573 crimina
903 2513 1017 2594 quibus
1031 2517 1101 2600 ipso
1121 2533 1200 2604 Jnrn

207 2607 324 2652 annexa
339 2599 385 2655 est
400 2611 490 2675 poena
506 2595 681 2676 privationis
695 2598 802 2674 cilicii,
818 2607 869 2662 aut
883 2602 994 2682 quibus
1009 2605 1076 2670 haec
1095 2631 1199 2692 poenn

210 2693 269 2740 uon
282 2686 328 2740 est
340 2698 459 2744 annexa
473 2683 530 2744 nisi
545 2691 611 2764 post
623 2684 733 2766 judicis
745 2689 950 2754 seutentiam?

246 2766 336 2846 llesp.
352 2771 376 2832 l.
391 2771 459 2851 Ipso
472 2770 550 2834 facto
567 2775 583 2834 *a
597 2773 666 2856 jure
680 2793 797 2838 annexu
815 2785 859 2839 est
880 2797 970 2860 poena
983 2781 1199 2870 depositionis

205 2853 236 2914 in
248 2856 368 2920 casibus
381 2861 580 2940 sequentibus
596 2881 603 2922 :

246 2947 276 3004 l⁰
301 2946 424 3028 Propter
446 2949 561 3011 crimen
580 2951 727 3015 haereseos
744 2955 823 3038 (cap.
848 2958 896 3020 Ab
918 2957 1092 3026 abolendum
1105 3015 1118 3041 ,
1145 2975 1197 3036 De

205 3032 385 3115 Hoereticis).
886 3065 889 3072 ’

244 3126 275 3206 2⁰
290 3124 320 3186 Si
339 3126 459 3206 parochi
481 3150 497 3186 n
516 3127 593 3190 infru
611 3148 727 3191 anuum
746 3132 831 3194 tsibi
849 3137 1004 3200 commissi
1022 3144 1194 3224 regiminis

205 3234 221 3276 c
243 3221 379 3295 tempore
392 3217 636 3291 numerandum,
655 3237 717 3280 uon
734 3238 767 3282 se
787 3221 899 3286 iaciant
919 3226 957 3288 ad
975 3232 1191 3302 sacerdotium

206 3323 221 3360 u
243 3305 427 3381 promoveri,
453 3305 578 3368 ecclesie
605 3305 662 3366 sibi
683 3309 862 3390 commisse,
887 3315 970 3377 nulla
983 3317 1076 3382 etiam
1097 3341 1190 3404 prae-

206 3411 220 3446 n
240 3391 331 3452 miset
344 3393 511 3455 monitione
525 3394 689 3474 privantur.
705 3417 721 3455 u
738 3399 781 3459 lta
799 3419 865 3481 cap.
881 3403 982 3484 Licet,
997 3423 1112 3476 cuuou.
1131 3419 1187 3498 14,

203 3475 244 3538 lle
256 3477 369 3555 Eleu„
384 3480 413 3542 in
426 3482 468 3544 6⁰.

242 3567 276 3624 3⁰
297 3566 327 3626 Si
349 3567 476 3630 clericus
499 3569 683 3634 detineretur
701 3575 738 3636 ad
758 3581 999 3659 extorquendam
1018 3586 1059 3648 ab
1075 3607 1116 3652 eo
1137 3613 1188 3662 re.

204 3653 423 3716 nuntiationem
443 3658 489 3718 sui
512 3658 668 3736 beneficii,
686 3663 732 3724 vel
757 3665 985 3746 impediendum
1009 3680 1186 3754 quominus

205 3740 328 3800 tlomem
344 3740 431 3802 adeat
447 3751 476 3802 et
489 3762 592 3806 coram
606 3748 747 3812 tribunali
763 3753 851 3830 Papa>
868 3773 901 3816 se
916 3759 997 3828 sistet
1013 3765 1182 3838 (Clement.
1253 3837 1257 3846 ,
