2592 4218
231 296 290 354 lat
512 307 663 352 cucurum
683 309 765 355 runis
784 309 933 356 cruorum.

231 424 304 469 cum
318 408 441 487 patena,
456 407 501 468 vel
516 406 603 468 liber
622 407 847 488 Epistularum:
863 409 914 472 alii
932 408 1038 470 dicunt
1051 403 1192 468 materiam
1273 375 1274 460 l

232 495 401 575 proximam
416 513 481 557 esse
490 495 585 557 solam
597 495 789 559 traditionem
799 499 901 561 calicis
910 496 996 580 uacui
1005 513 1076 557 cum
1086 495 1191 574 patent,

231 591 262 646 et
275 583 403 646 formam
418 584 508 646 verba
521 584 807 666 correspondentia:
824 585 927 651 Videte
939 583 1034 665 cajus,
1050 588 1134 645 etc...
1145 581 1191 642 Alii

232 673 302 740 verd
311 673 414 736 dicunt
426 673 582 735 materiam
594 675 784 738 essentialem
799 694 865 739 esse
879 677 1004 754 insuper
1014 670 1192 734 traditionem

233 761 311 824 Libri
335 763 558 843 Epidaurum,
581 761 652 842 quia
675 780 789 827 munus
808 771 855 827 est
876 760 1055 827 subdiaconi
1079 759 1193 840 speciale

231 851 406 914 solemniter
425 851 571 932 Epistolas
592 850 701 931 legere.
719 851 753 913 ln
774 855 859 936 praxi
883 854 914 916 S.
937 851 1059 932 Liguor.
1086 847 1146 929 (lib.
1168 852 1192 912 6,

233 949 266 1002 n⁰
280 945 349 1019 ild)
362 941 433 1002 dicit
445 940 641 1020 posteriorem
653 940 731 1003 hanc
740 943 920 1004 sententiam
930 959 995 1002 esse
1006 935 1194 1018 sequendam,

233 1035 335 1110 utpote
348 1029 488 1091 tutiorem
506 1035 535 1090 et
547 1047 608 1090 non
623 1029 864 1110 improbabilem.
1273 1099 1274 1104 γ

271 1119 444 1200 Disputatur
456 1117 566 1199 pariter
577 1135 616 1178 an
626 1117 702 1179 calix
714 1124 745 1180 et
756 1127 876 1200 patena,
888 1119 920 1180 in
933 1115 1123 1182 ordinatione
1132 1115 1196 1178 Sub·

232 1209 408 1271 diaconatus
420 1207 605 1281 adhibenda,
621 1214 795 1270 consecrata
806 1226 872 1270 esse
886 1207 1033 1282 debeant3
1047 1206 1129 1267 certo
1142 1207 1196 1286 qui·

232 1297 302 1360 dem
315 1304 488 1360 consecrata
507 1289 579 1358 esse'
593 1295 703 1358 debent
720 1315 759 1358 ex
774 1297 950 1360 necessitate
973 1293 1130 1376 praecepti,
1151 1294 1196 1356 sed

232 1385 461 1449 controvertitur
474 1403 512 1446 an
526 1384 597 1446 talia
614 1403 680 1446 esse
694 1385 823 1447 debeant
843 1404 898 1467 pro
917 1384 1066 1446 validitate
1080 1383 1195 1444 ordina-

232 1475 332 1538 tionis.
347 1477 380 1536 ln
396 1473 480 1556 praxi
494 1472 624 1536 tenenda
638 1479 683 1536 est
696 1474 843 1537 sententia
854 1474 1018 1537 affirmans.
1035 1473 1068 1534 S.
1080 1473 1194 1553 liguor.

231 1564 339 1642 (iord).
867 1603 870 1608 ·

271 1657 340 1716 581.
363 1651 447 1714 Circa
473 1650 681 1732 poenitentiam
709 1652 849 1716 Diaconis
874 1657 904 1715 et
932 1651 1142 1730 ¹Subdiaconis
1165 1649 1198 1712 ab

233 1743 380 1822 Episcopo
395 1746 463 1822 post
475 1739 697 1804 ordinationem
709 1740 937 1824 imponendam,
954 1740 1063 1803 dicitur
1076 1741 1108 1801 in
1123 1741 1197 1802 Pon·
1273 1747 1274 1750 ’

231 1829 359 1910 tr'ficnlt:
375 1828 447 1890 cdd
462 1828 717 1893 subdiaconatum
740 1830 786 1892 vel
799 1831 997 1898 Diaconatum
1017 1829 1174 1912 (promoti)
1190 1848 1197 1888 :
1273 1827 1274 1900 ζ

236 1940 250 1976 n
272 1921 461 1979 Nocturnum
479 1917 544 1978 talis
565 1918 663 1982 diei...
688 1919 814 1982 dicite...
838 1919 948 1982 »Cium
962 1918 1034 1981 verd
1054 1919 1095 1980 de
1114 1935 1200 1980 sensu
1273 1931 1274 2004 ff

233 2006 340 2068 trorum
354 2005 513 2066 verborum
528 2005 749 2087 disputaretur,
765 2008 947 2090 interrogata
960 2009 991 2070 S.
1014 2007 1075 2069 Rit.
1092 2009 1198 2088 Congr.
1273 2083 1274 2090 ἶ

231 2114 269 2156 an
283 2095 349 2156 haec
368 2093 454 2156 verba
469 2093 507 2154 de
520 2100 583 2156 toto
595 2094 701 2157 Officio
716 2103 863 2158 nocturno
885 2103 914 2158 et
927 2095 1082 2158 Laudibus
1095 2096 1201 2158 intelli·
1273 2111 1274 2148 t

231 2183 329 2264 ganda
341 2190 458 2256 essent,
475 2183 521 2244 vel
545 2183 583 2244 de
601 2185 694 2246 unico
707 2184 861 2248 Nocturno
884 2192 912 2246 et
926 2169 1032 2266 qualit¹
1045 2187 1154 2267 Resp.‚
1168 2189 1197 2247 ll
1273 2157 1274 2222 l

231 2292 299 2354 aug.
317 2275 405 2348 1860,
422 2271 615 2352 intelligenda
629 2291 694 2336 esse
709 2273 747 2334 de
761 2275 853 2335 unico
866 2276 1021 2335 Nocturna
1035 2272 1145 2351 feriali,
1160 2274 1202 2336 rel

230 2363 267 2422 de
281 2363 379 2444 primo
400 2360 565 2422 Dominicae
579 2367 611 2422 ut
630 2361 659 2422 in
675 2361 831 2442 psalterio,
847 2361 877 2423 id
897 2369 941 2424 est
957 2366 994 2424 m
1016 2362 1204 2443 psalmorum

230 2469 300 2512 cum
323 2451 385 2512 suis
405 2449 585 2530 antiphonis
607 2449 646 2512 de
666 2457 819 2532 tempore,
845 2468 938 2532 quem
959 2451 1131 2532 Episcopus
1154 2451 1204 2514 de·

229 2539 348 2619 signare
361 2544 476 2620 potest,
497 2539 541 2599 vel
564 2538 658 2619 ipsius
671 2539 729 2601 diei
743 2557 805 2620 quo
822 2540 911 2602 habet
922 2540 1148 2602 ordinationem
1162 2541 1206 2603 rel

229 2628 348 2690 alterius
363 2645 416 2708 pro
429 2647 484 2689 sun
499 2627 641 2704 arbitrio;
658 2627 698 2688 ita
711 2636 744 2689 ut
758 2647 821 2690 non
836 2629 929 2708 possit
942 2627 1103 2708 designare
1124 2632 1205 2692 Noe-

228 2724 353 2778 turnum
367 2715 456 2776 ollicii
472 2716 569 2778 tribus
589 2717 706 2777 tantiam
730 2717 852 2797 psalmis
869 2723 1071 2779 constantem.
1088 2719 1122 2780 Si
1136 2721 1208 2780 rerd

229 2805 394 2884 llpiscopus
409 2803 482 2864 nilril
496 2803 575 2865 aliud
591 2805 771 2886 expresserit
785 2809 878 2886 quam
892 2805 975 2886 quod
988 2807 1082 2868 verba
1103 2807 1207 2870 Ponti·

228 2893 321 2955 tioalis
333 2899 452 2968 sonant,
467 2891 631 2955 dic-endum
645 2899 689 2956 est
702 2894 887 2957 Nocturnum
901 2893 1206 2977 feriolecorrespon-

226 2983 301 3042 dens
321 2981 379 3042 diei
401 2981 433 3042 in
453 3000 514 3062 quo
535 2987 655 3062 peracta
676 2981 732 3045 fuit
750 2983 910 3045 ordinatio.
926 2984 1014 3046 Nulla
1033 2983 1067 3044 lit
1090 2984 1208 3046 mentio
1273 3025 1274 3056 p

225 3071 262 3132 de
280 3070 469 3145 mutatorio,
493 3069 609 3152 hymno
628 3077 657 3133 et
676 3071 866 3134 lectionibus.
884 3072 958 3134 Vide
981 3071 1145 3148 Analecta,
1169 3076 1202 3132 tl

225 3159 305 3237 liro,
323 3165 353 3221 et
366 3159 464 3222 [leone
476 3159 523 3222 des
536 3161 659 3222 seientes
672 3160 756 3240 eut,
770 3164 810 3224 20
824 3181 893 3243 aug.
910 3164 1010 3226 luat·

671 3333 690 3414 ς
711 3334 746 3395 11.

591 3458 636 3523 De
651 3461 824 3522 Diaconum.
944 3491 945 3495 =

262 3610 331 3668 582.
354 3607 534 3668 Dincnmatm
553 3615 596 3668 est
618 3606 688 3667 ordo
701 3625 757 3687 quo
770 3606 926 3688 confertur
945 3608 1044 3670 alicui
1063 3605 1201 3690 spectato

221 3701 346 3774 potestas
360 3696 392 3754 in
404 3697 491 3756 missal
502 3695 624 3756 solemni
635 3693 804 3757 immediati
814 3695 971 3758 assistendi
977 3697 1156 3780 presbytero
1173 3701 1199 3752 ct

222 3780 388 3842 solmnniter
401 3783 526 3844 canendi
540 3783 751 3864 Eneapelium.
