<?xml version="1.0" encoding="UTF-8"?>
<!DOCTYPE html PUBLIC "-//W3C//DTD XHTML 1.0 Transitional//EN"
    "http://www.w3.org/TR/xhtml1/DTD/xhtml1-transitional.dtd">
<html xmlns="http://www.w3.org/1999/xhtml" xml:lang="en" lang="en">
 <head>
  <title>
</title>
<meta http-equiv="Content-Type" content="text/html;charset=utf-8" />
  <meta name='ocr-system' content='tesseract 3.04.00' />
  <meta name='ocr-capabilities' content='ocr_page ocr_carea ocr_par ocr_line ocrx_word'/>
</head>
<body>
  <div class='ocr_page' id='page_1' title='image "./elementajurisca01craigoog_0328.png"; bbox 0 0 2548 4216; ppageno 0'>
   <div class='ocr_carea' id='block_1_1' title="bbox 535 265 1123 322">
    <p class='ocr_par' dir='ltr' id='par_1_1' title="bbox 535 265 1123 322">
     <span class='ocr_line' id='line_1_1' title="bbox 535 265 1123 322; baseline 0.003 -5"><span class='ocrx_word' id='word_1_1' title='bbox 535 275 619 318; x_wconf 81' lang='lat' dir='ltr'>crasa</span> <span class='ocrx_word' id='word_1_2' title='bbox 640 274 758 318; x_wconf 85' lang='lat' dir='ltr'>rnruus.</span> <span class='ocrx_word' id='word_1_3' title='bbox 1064 265 1123 322; x_wconf 75' lang='lat'>307</span> 
     </span>
    </p>
   </div>
   <div class='ocr_carea' id='block_1_2' title="bbox 126 371 1122 3654">
    <p class='ocr_par' dir='ltr' id='par_1_2' title="bbox 140 371 1120 453">
     <span class='ocr_line' id='line_1_2' title="bbox 140 371 1120 453; baseline 0.002 -21"><span class='ocrx_word' id='word_1_4' title='bbox 140 375 215 446; x_wconf 79' lang='lat' dir='ltr'>tos,</span> <span class='ocrx_word' id='word_1_5' title='bbox 231 371 285 433; x_wconf 90' lang='lat' dir='ltr'>sed</span> <span class='ocrx_word' id='word_1_6' title='bbox 299 377 372 434; x_wconf 90' lang='lat' dir='ltr'>tunc</span> <span class='ocrx_word' id='word_1_7' title='bbox 385 371 485 434; x_wconf 78' lang='lat' dir='ltr'>sellim</span> <span class='ocrx_word' id='word_1_8' title='bbox 507 377 651 450; x_wconf 86' lang='lat' dir='ltr'>tanquam</span> <span class='ocrx_word' id='word_1_9' title='bbox 671 371 799 453; x_wconf 82' lang='lat' dir='ltr'>delegati</span> <span class='ocrx_word' id='word_1_10' title='bbox 821 372 907 434; x_wconf 87' lang='lat' dir='ltr'>Sedis</span> <span class='ocrx_word' id='word_1_11' title='bbox 931 371 1120 453; x_wconf 71' lang='lat' dir='ltr'>spostolicae.</span> 
     </span>
    </p>

    <p class='ocr_par' dir='ltr' id='par_1_3' title="bbox 132 459 1122 1785">
     <span class='ocr_line' id='line_1_3' title="bbox 187 459 1122 543; baseline 0.001 -21"><span class='ocrx_word' id='word_1_12' title='bbox 187 464 220 522; x_wconf 60' lang='grc' dir='ltr'>ΙΙ</span> <span class='ocrx_word' id='word_1_13' title='bbox 241 461 341 522; x_wconf 87' lang='lat' dir='ltr'>Etiam</span> <span class='ocrx_word' id='word_1_14' title='bbox 350 459 540 540; x_wconf 79' lang='lat' dir='ltr'>regularibus</span> <span class='ocrx_word' id='word_1_15' title='bbox 553 467 583 522; x_wconf 90' lang='lat' dir='ltr'>et</span> <span class='ocrx_word' id='word_1_16' title='bbox 594 460 624 522; x_wconf 93' lang='lat' dir='ltr'>in</span> <span class='ocrx_word' id='word_1_17' title='bbox 638 460 780 523; x_wconf 89' lang='lat' dir='ltr'>Ecclesiis</span> <span class='ocrx_word' id='word_1_18' title='bbox 794 461 951 543; x_wconf 85' lang='lat' dir='ltr'>exemptis,</span> <span class='ocrx_word' id='word_1_19' title='bbox 960 461 1122 543; x_wconf 88' lang='lat' dir='ltr'>prohibere</span> 
     </span>
     <span class='ocr_line' id='line_1_4' title="bbox 146 549 1121 630; baseline 0.002 -21"><span class='ocrx_word' id='word_1_20' title='bbox 146 554 246 628; x_wconf 89' lang='lat' dir='ltr'>potest</span> <span class='ocrx_word' id='word_1_21' title='bbox 257 550 423 630; x_wconf 81' lang='lat' dir='ltr'>Episcopus</span> <span class='ocrx_word' id='word_1_22' title='bbox 439 549 496 612; x_wconf 91' lang='lat' dir='ltr'>sub</span> <span class='ocrx_word' id='word_1_23' title='bbox 509 553 659 626; x_wconf 79' lang='lat' dir='ltr'><strong>censuris,</strong></span> <span class='ocrx_word' id='word_1_24' title='bbox 675 568 713 611; x_wconf 92' lang='lat' dir='ltr'>ne</span> <span class='ocrx_word' id='word_1_25' title='bbox 728 550 766 612; x_wconf 87' lang='lat' dir='ltr'>ad</span> <span class='ocrx_word' id='word_1_26' title='bbox 778 550 877 612; x_wconf 87' lang='lat' dir='ltr'>missae</span> <span class='ocrx_word' id='word_1_27' title='bbox 888 550 1121 612; x_wconf 79' lang='lat' dir='ltr'>celebrationem</span> 
     </span>
     <span class='ocr_line' id='line_1_5' title="bbox 138 636 1121 718; baseline 0.002 -19"><span class='ocrx_word' id='word_1_28' title='bbox 138 636 308 699; x_wconf 88' lang='lat' dir='ltr'>admittant</span> <span class='ocrx_word' id='word_1_29' title='bbox 332 637 509 718; x_wconf 83' lang='lat' dir='ltr'>peregrinos</span> <span class='ocrx_word' id='word_1_30' title='bbox 531 638 622 699; x_wconf 86' lang='lat' dir='ltr'>etiam</span> <span class='ocrx_word' id='word_1_31' title='bbox 647 644 754 712; x_wconf 87' lang='lat' dir='ltr'>notos,</span> <span class='ocrx_word' id='word_1_32' title='bbox 777 637 837 700; x_wconf 84' lang='lat' dir='ltr'>sive</span> <span class='ocrx_word' id='word_1_33' title='bbox 858 639 1035 716; x_wconf 76' lang='lat' dir='ltr'>saeculares,</span> <span class='ocrx_word' id='word_1_34' title='bbox 1058 639 1121 702; x_wconf 89' lang='lat' dir='ltr'>sive</span> 
     </span>
     <span class='ocr_line' id='line_1_6' title="bbox 141 723 1122 808; baseline 0.003 -21"><span class='ocrx_word' id='word_1_35' title='bbox 141 726 302 806; x_wconf 82' lang='lat' dir='ltr'>regulares</span> <span class='ocrx_word' id='word_1_36' title='bbox 314 725 425 788; x_wconf 83' lang='lat' dir='ltr'>diuersi</span> <span class='ocrx_word' id='word_1_37' title='bbox 438 723 735 808; x_wconf 76' lang='lat' dir='ltr'>ordinis‚entequam</span> <span class='ocrx_word' id='word_1_38' title='bbox 748 727 813 808; x_wconf 91' lang='lat' dir='ltr'>ipse</span> <span class='ocrx_word' id='word_1_39' title='bbox 827 727 871 790; x_wconf 87' lang='lat' dir='ltr'>vel</span> <span class='ocrx_word' id='word_1_40' title='bbox 883 728 1019 789; x_wconf 78' lang='lat' dir='ltr'>vicarius</span> <span class='ocrx_word' id='word_1_41' title='bbox 1029 729 1122 790; x_wconf 89' lang='lat' dir='ltr'>Gene-</span> 
     </span>
     <span class='ocr_line' id='line_1_7' title="bbox 146 815 1121 898; baseline 0.004 -24"><span class='ocrx_word' id='word_1_42' title='bbox 146 815 218 876; x_wconf 86' lang='lat' dir='ltr'>ralis</span> <span class='ocrx_word' id='word_1_43' title='bbox 230 815 274 877; x_wconf 92' lang='lat' dir='ltr'>eis</span> <span class='ocrx_word' id='word_1_44' title='bbox 284 815 435 877; x_wconf 87' lang='lat' dir='ltr'>licentiam</span> <span class='ocrx_word' id='word_1_45' title='bbox 448 815 573 877; x_wconf 84' lang='lat' dir='ltr'>dederit.</span> <span class='ocrx_word' id='word_1_46' title='bbox 599 818 665 878; x_wconf 93' lang='lat' dir='ltr'>Non</span> <span class='ocrx_word' id='word_1_47' title='bbox 688 821 790 878; x_wconf 84' lang='lat' dir='ltr'>tamen</span> <span class='ocrx_word' id='word_1_48' title='bbox 811 816 908 878; x_wconf 86' lang='lat' dir='ltr'>solent</span> <span class='ocrx_word' id='word_1_49' title='bbox 931 816 1069 898; x_wconf 79' lang='lat' dir='ltr'>Episcopi</span> <span class='ocrx_word' id='word_1_50' title='bbox 1089 816 1121 878; x_wconf 92' lang='lat' dir='ltr'>id</span> 
     </span>
     <span class='ocr_line' id='line_1_8' title="bbox 138 903 1121 986; baseline 0.003 -21"><span class='ocrx_word' id='word_1_51' title='bbox 138 907 279 966; x_wconf 81' lang='lat' dir='ltr'>statuere</span> <span class='ocrx_word' id='word_1_52' title='bbox 292 903 330 965; x_wconf 89' lang='lat' dir='ltr'>de</span> <span class='ocrx_word' id='word_1_53' title='bbox 345 903 512 984; x_wconf 80' lang='lat' dir='ltr'>peregrinis</span> <span class='ocrx_word' id='word_1_54' title='bbox 526 903 710 966; x_wconf 87' lang='lat' dir='ltr'>sufficienter</span> <span class='ocrx_word' id='word_1_55' title='bbox 720 905 810 981; x_wconf 91' lang='lat' dir='ltr'>notis,</span> <span class='ocrx_word' id='word_1_56' title='bbox 823 906 929 967; x_wconf 90' lang='lat' dir='ltr'>saltem</span> <span class='ocrx_word' id='word_1_57' title='bbox 944 903 1044 986; x_wconf 89' lang='lat' dir='ltr'>quoad</span> <span class='ocrx_word' id='word_1_58' title='bbox 1053 910 1121 968; x_wconf 89' lang='lat' dir='ltr'>octo</span> 
     </span>
     <span class='ocr_line' id='line_1_9' title="bbox 140 991 1120 1074; baseline 0.004 -22"><span class='ocrx_word' id='word_1_59' title='bbox 140 991 193 1054; x_wconf 83' lang='lat' dir='ltr'>vel</span> <span class='ocrx_word' id='word_1_60' title='bbox 206 992 311 1055; x_wconf 91' lang='lat' dir='ltr'>decem</span> <span class='ocrx_word' id='word_1_61' title='bbox 331 993 446 1074; x_wconf 93' lang='lat' dir='ltr'>primos</span> <span class='ocrx_word' id='word_1_62' title='bbox 459 991 533 1054; x_wconf 88' lang='lat' dir='ltr'>dies.</span> <span class='ocrx_word' id='word_1_63' title='bbox 548 992 705 1074; x_wconf 80' lang='lat' dir='ltr'>Regularis</span> <span class='ocrx_word' id='word_1_64' title='bbox 718 993 789 1055; x_wconf 80' lang='lat' dir='ltr'>rerd</span> <span class='ocrx_word' id='word_1_65' title='bbox 803 994 955 1056; x_wconf 88' lang='lat' dir='ltr'>celebrare</span> <span class='ocrx_word' id='word_1_66' title='bbox 974 999 1072 1073; x_wconf 87' lang='lat' dir='ltr'>potest</span> <span class='ocrx_word' id='word_1_67' title='bbox 1088 994 1120 1056; x_wconf 95' lang='lat' dir='ltr'>in</span> 
     </span>
     <span class='ocr_line' id='line_1_10' title="bbox 137 1079 1121 1170; baseline 0 -26"><span class='ocrx_word' id='word_1_68' title='bbox 137 1086 296 1144; x_wconf 79' lang='lat' dir='ltr'>conuentu</span> <span class='ocrx_word' id='word_1_69' title='bbox 311 1081 358 1143; x_wconf 93' lang='lat' dir='ltr'>sui</span> <span class='ocrx_word' id='word_1_70' title='bbox 380 1079 494 1142; x_wconf 87' lang='lat' dir='ltr'>ordinis</span> <span class='ocrx_word' id='word_1_71' title='bbox 514 1081 628 1162; x_wconf 86' lang='lat' dir='ltr'>absque</span> <span class='ocrx_word' id='word_1_72' title='bbox 648 1081 727 1144; x_wconf 77' lang='lat' dir='ltr'>dicta</span> <span class='ocrx_word' id='word_1_73' title='bbox 748 1081 897 1143; x_wconf 89' lang='lat' dir='ltr'>Ordinarii</span> <span class='ocrx_word' id='word_1_74' title='bbox 922 1083 1121 1170; x_wconf 31' lang='lat' dir='ltr'>licentiarlta</span> 
     </span>
     <span class='ocr_line' id='line_1_11' title="bbox 140 1169 1117 1249; baseline 0.002 -17"><span class='ocrx_word' id='word_1_75' title='bbox 140 1169 365 1245; x_wconf 88' lang='lat' dir='ltr'>communiter;</span> <span class='ocrx_word' id='word_1_76' title='bbox 379 1177 408 1231; x_wconf 88' lang='lat' dir='ltr'>et</span> <span class='ocrx_word' id='word_1_77' title='bbox 420 1175 538 1232; x_wconf 88' lang='lat' dir='ltr'>constat</span> <span class='ocrx_word' id='word_1_78' title='bbox 549 1188 584 1231; x_wconf 90' lang='lat' dir='ltr'>ex</span> <span class='ocrx_word' id='word_1_79' title='bbox 600 1170 734 1232; x_wconf 86' lang='lat' dir='ltr'>Concilio</span> <span class='ocrx_word' id='word_1_80' title='bbox 747 1171 829 1233; x_wconf 83' lang='lat' dir='ltr'>Trid.</span> <span class='ocrx_word' id='word_1_81' title='bbox 842 1173 926 1249; x_wconf 83' lang='lat' dir='ltr'>(sess.</span> <span class='ocrx_word' id='word_1_82' title='bbox 940 1176 989 1245; x_wconf 75' lang='lat'>22,</span> <span class='ocrx_word' id='word_1_83' title='bbox 1003 1169 1117 1234; x_wconf 77' lang='lat' dir='ltr'>Deerat.</span> 
     </span>
     <span class='ocr_line' id='line_1_12' title="bbox 145 1257 1119 1341; baseline 0.002 -21"><span class='ocrx_word' id='word_1_84' title='bbox 145 1257 190 1320; x_wconf 87' lang='lat' dir='ltr'>De</span> <span class='ocrx_word' id='word_1_85' title='bbox 203 1257 326 1334; x_wconf 75' lang='lat' dir='ltr'>obsera,</span> <span class='ocrx_word' id='word_1_86' title='bbox 339 1261 422 1335; x_wconf 80' lang='lat' dir='ltr'>etc),</span> <span class='ocrx_word' id='word_1_87' title='bbox 438 1258 469 1320; x_wconf 96' lang='lat' dir='ltr'>in</span> <span class='ocrx_word' id='word_1_88' title='bbox 484 1277 545 1340; x_wconf 90' lang='lat' dir='ltr'>quo</span> <span class='ocrx_word' id='word_1_89' title='bbox 559 1258 712 1340; x_wconf 85' lang='lat' dir='ltr'>Episcopi,</span> <span class='ocrx_word' id='word_1_90' title='bbox 728 1261 829 1341; x_wconf 90' lang='lat' dir='ltr'>quoad</span> <span class='ocrx_word' id='word_1_91' title='bbox 843 1259 900 1322; x_wconf 92' lang='lat' dir='ltr'>hoc</span> <span class='ocrx_word' id='word_1_92' title='bbox 914 1267 943 1322; x_wconf 93' lang='lat' dir='ltr'>et</span> <span class='ocrx_word' id='word_1_93' title='bbox 955 1260 1013 1322; x_wconf 86' lang='lat' dir='ltr'>alia</span> <span class='ocrx_word' id='word_1_94' title='bbox 1027 1261 1119 1322; x_wconf 88' lang='lat' dir='ltr'>multa</span> 
     </span>
     <span class='ocr_line' id='line_1_13' title="bbox 133 1346 1120 1430; baseline 0.003 -21"><span class='ocrx_word' id='word_1_95' title='bbox 133 1348 183 1409; x_wconf 85' lang='lat' dir='ltr'>de</span> <span class='ocrx_word' id='word_1_96' title='bbox 198 1347 296 1410; x_wconf 78' lang='lat' dir='ltr'>missae</span> <span class='ocrx_word' id='word_1_97' title='bbox 315 1346 478 1423; x_wconf 84' lang='lat' dir='ltr'>sacrificio,</span> <span class='ocrx_word' id='word_1_98' title='bbox 503 1348 728 1410; x_wconf 88' lang='lat' dir='ltr'>constituuntur</span> <span class='ocrx_word' id='word_1_99' title='bbox 747 1349 836 1410; x_wconf 82' lang='lat' dir='ltr'>etium</span> <span class='ocrx_word' id='word_1_100' title='bbox 857 1349 984 1430; x_wconf 73' lang='lat' dir='ltr'>deteputi</span> <span class='ocrx_word' id='word_1_101' title='bbox 1004 1347 1120 1412; x_wconf 78' lang='lat' dir='ltr'>Soractcc</span> 
     </span>
     <span class='ocr_line' id='line_1_14' title="bbox 134 1434 1117 1519; baseline 0 -21"><span class='ocrx_word' id='word_1_102' title='bbox 134 1435 250 1514; x_wconf 78' lang='lat' dir='ltr'>Sedis,</span> <span class='ocrx_word' id='word_1_103' title='bbox 265 1456 323 1497; x_wconf 83' lang='lat' dir='ltr'>uon</span> <span class='ocrx_word' id='word_1_104' title='bbox 334 1434 515 1497; x_wconf 77' lang='lat' dir='ltr'>obstantibus</span> <span class='ocrx_word' id='word_1_105' title='bbox 525 1435 717 1518; x_wconf 74' lang='lat' dir='ltr'>privt&#39;tepiis,</span> <span class='ocrx_word' id='word_1_106' title='bbox 743 1438 977 1519; x_wconf 76' lang='lat' dir='ltr'>exemptionibus</span> <span class='ocrx_word' id='word_1_107' title='bbox 994 1437 1117 1519; x_wconf 83' lang='lat' dir='ltr'>quibus-</span> 
     </span>
     <span class='ocr_line' id='line_1_15' title="bbox 132 1523 1117 1606; baseline -0.001 -19"><span class='ocrx_word' id='word_1_108' title='bbox 132 1544 275 1606; x_wconf 79' lang='lat' dir='ltr'>cumque.</span> <span class='ocrx_word' id='word_1_109' title='bbox 289 1524 394 1597; x_wconf 83' lang='lat' dir='ltr'>Quoad</span> <span class='ocrx_word' id='word_1_110' title='bbox 404 1524 557 1587; x_wconf 89' lang='lat' dir='ltr'>licentiam</span> <span class='ocrx_word' id='word_1_111' title='bbox 571 1523 672 1586; x_wconf 88' lang='lat' dir='ltr'>datam</span> <span class='ocrx_word' id='word_1_112' title='bbox 685 1525 875 1605; x_wconf 81' lang='lat' dir='ltr'>regularibus</span> <span class='ocrx_word' id='word_1_113' title='bbox 892 1525 1064 1588; x_wconf 89' lang='lat' dir='ltr'>celebrandi</span> <span class='ocrx_word' id='word_1_114' title='bbox 1087 1527 1117 1587; x_wconf 93' lang='lat' dir='ltr'>in</span> 
     </span>
     <span class='ocr_line' id='line_1_16' title="bbox 132 1611 1114 1690; baseline 0 -14"><span class='ocrx_word' id='word_1_115' title='bbox 132 1614 269 1676; x_wconf 76' lang='lat' dir='ltr'>ecclesie</span> <span class='ocrx_word' id='word_1_116' title='bbox 279 1615 444 1676; x_wconf 80' lang='lat' dir='ltr'>conventds</span> <span class='ocrx_word' id='word_1_117' title='bbox 458 1613 505 1675; x_wconf 93' lang='lat' dir='ltr'>sui</span> <span class='ocrx_word' id='word_1_118' title='bbox 519 1611 657 1690; x_wconf 81' lang='lat' dir='ltr'>Ordinis,</span> <span class='ocrx_word' id='word_1_119' title='bbox 678 1619 845 1676; x_wconf 82' lang='lat' dir='ltr'>constater</span> <span class='ocrx_word' id='word_1_120' title='bbox 861 1614 985 1676; x_wconf 89' lang='lat' dir='ltr'>Constit.</span> <span class='ocrx_word' id='word_1_121' title='bbox 1003 1614 1114 1676; x_wconf 91' lang='lat' dir='ltr'>Bened.</span> 
     </span>
     <span class='ocr_line' id='line_1_17' title="bbox 138 1701 756 1785; baseline -0.002 -20"><span class='ocrx_word' id='word_1_122' title='bbox 138 1704 209 1766; x_wconf 89' lang='lat' dir='ltr'>XIV</span> <span class='ocrx_word' id='word_1_123' title='bbox 225 1701 318 1779; x_wconf 73' lang='lat' dir='ltr'>Oudai</span> <span class='ocrx_word' id='word_1_124' title='bbox 331 1722 433 1785; x_wconf 76' lang='lat' dir='ltr'>prove,</span> <span class='ocrx_word' id='word_1_125' title='bbox 446 1706 466 1765; x_wconf 72' lang='lat' dir='ltr'>E</span> <span class='ocrx_word' id='word_1_126' title='bbox 477 1721 547 1784; x_wconf 79' lang='lat' dir='ltr'>aug.</span> <span class='ocrx_word' id='word_1_127' title='bbox 565 1706 659 1779; x_wconf 77' lang='lat'>1757,</span> <span class='ocrx_word' id='word_1_128' title='bbox 674 1701 693 1782; x_wconf 62' lang='grc' dir='ltr'><strong>ξ</strong></span> <span class='ocrx_word' id='word_1_129' title='bbox 708 1705 756 1764; x_wconf 77' lang='lat' dir='ltr'>ta.</span> 
     </span>
    </p>

    <p class='ocr_par' dir='ltr' id='par_1_4' title="bbox 130 1789 1116 2319">
     <span class='ocr_line' id='line_1_18' title="bbox 182 1789 1116 1875; baseline 0.004 -21"><span class='ocrx_word' id='word_1_130' title='bbox 182 1795 215 1854; x_wconf 82' lang='lat'>5⁰</span> <span class='ocrx_word' id='word_1_131' title='bbox 237 1792 283 1852; x_wconf 86' lang='lat' dir='ltr'>Ad</span> <span class='ocrx_word' id='word_1_132' title='bbox 296 1790 513 1854; x_wconf 90' lang='lat' dir='ltr'>celebrandum</span> <span class='ocrx_word' id='word_1_133' title='bbox 533 1789 737 1853; x_wconf 88' lang='lat' dir='ltr'>admittendus</span> <span class='ocrx_word' id='word_1_134' title='bbox 755 1791 848 1853; x_wconf 90' lang='lat' dir='ltr'>estab</span> <span class='ocrx_word' id='word_1_135' title='bbox 861 1791 1011 1874; x_wconf 89' lang='lat' dir='ltr'>Episcopo</span> <span class='ocrx_word' id='word_1_136' title='bbox 1030 1812 1116 1875; x_wconf 89' lang='lat' dir='ltr'>pres·</span> 
     </span>
     <span class='ocr_line' id='line_1_19' title="bbox 138 1879 1112 1961; baseline 0.004 -19"><span class='ocrx_word' id='word_1_137' title='bbox 138 1881 412 1961; x_wconf 84' lang='lat' dir='ltr'>byterextraneus,</span> <span class='ocrx_word' id='word_1_138' title='bbox 430 1880 484 1942; x_wconf 90' lang='lat' dir='ltr'>etsi</span> <span class='ocrx_word' id='word_1_139' title='bbox 501 1898 563 1941; x_wconf 90' lang='lat' dir='ltr'>non</span> <span class='ocrx_word' id='word_1_140' title='bbox 578 1879 685 1941; x_wconf 90' lang='lat' dir='ltr'>habeat</span> <span class='ocrx_word' id='word_1_141' title='bbox 708 1880 970 1943; x_wconf 89' lang='lat' dir='ltr'>commendatitias</span> <span class='ocrx_word' id='word_1_142' title='bbox 984 1881 1112 1959; x_wconf 75' lang='lat' dir='ltr'>litteras,</span> 
     </span>
     <span class='ocr_line' id='line_1_20' title="bbox 130 1968 1112 2052; baseline 0.003 -20"><span class='ocrx_word' id='word_1_143' title='bbox 130 1969 166 2032; x_wconf 82' lang='lat' dir='ltr'>si</span> <span class='ocrx_word' id='word_1_144' title='bbox 180 1989 235 2052; x_wconf 90' lang='lat' dir='ltr'>per</span> <span class='ocrx_word' id='word_1_145' title='bbox 247 1975 338 2033; x_wconf 86' lang='lat' dir='ltr'>testes</span> <span class='ocrx_word' id='word_1_146' title='bbox 351 1975 404 2032; x_wconf 90' lang='lat' dir='ltr'>aut</span> <span class='ocrx_word' id='word_1_147' title='bbox 418 1969 476 2031; x_wconf 93' lang='lat' dir='ltr'>alio</span> <span class='ocrx_word' id='word_1_148' title='bbox 488 1968 579 2031; x_wconf 89' lang='lat' dir='ltr'>modo</span> <span class='ocrx_word' id='word_1_149' title='bbox 591 1968 697 2050; x_wconf 88' lang='lat' dir='ltr'>probet</span> <span class='ocrx_word' id='word_1_150' title='bbox 709 1987 741 2031; x_wconf 91' lang='lat' dir='ltr'>se</span> <span class='ocrx_word' id='word_1_151' title='bbox 753 1987 818 2032; x_wconf 88' lang='lat' dir='ltr'>esse</span> <span class='ocrx_word' id='word_1_152' title='bbox 830 1970 1017 2033; x_wconf 87' lang='lat' dir='ltr'>sacerdotem</span> <span class='ocrx_word' id='word_1_153' title='bbox 1030 1990 1112 2035; x_wconf 89' lang='lat' dir='ltr'>com·</span> 
     </span>
     <span class='ocr_line' id='line_1_21' title="bbox 130 2057 1111 2142; baseline 0.003 -22"><span class='ocrx_word' id='word_1_154' title='bbox 130 2058 354 2122; x_wconf 78' lang='lat' dir='ltr'>rnendabilenr.</span> <span class='ocrx_word' id='word_1_155' title='bbox 371 2060 580 2122; x_wconf 75' lang='lat' dir='ltr'>iuramentum</span> <span class='ocrx_word' id='word_1_156' title='bbox 596 2063 699 2120; x_wconf 88' lang='lat' dir='ltr'>tamen</span> <span class='ocrx_word' id='word_1_157' title='bbox 720 2057 818 2120; x_wconf 90' lang='lat' dir='ltr'>solum</span> <span class='ocrx_word' id='word_1_158' title='bbox 838 2078 899 2120; x_wconf 90' lang='lat' dir='ltr'>non</span> <span class='ocrx_word' id='word_1_159' title='bbox 919 2066 1017 2140; x_wconf 88' lang='lat' dir='ltr'>potest</span> <span class='ocrx_word' id='word_1_160' title='bbox 1039 2079 1111 2142; x_wconf 89' lang='lat' dir='ltr'>sup-</span> 
     </span>
     <span class='ocr_line' id='line_1_22' title="bbox 130 2145 1113 2229; baseline 0.005 -21"><span class='ocrx_word' id='word_1_161' title='bbox 130 2149 224 2229; x_wconf 88' lang='lat' dir='ltr'>plere</span> <span class='ocrx_word' id='word_1_162' title='bbox 236 2149 348 2210; x_wconf 86' lang='lat' dir='ltr'>litteras</span> <span class='ocrx_word' id='word_1_163' title='bbox 360 2146 630 2210; x_wconf 88' lang='lat' dir='ltr'>commendatitias.</span> <span class='ocrx_word' id='word_1_164' title='bbox 646 2145 688 2208; x_wconf 89' lang='lat' dir='ltr'>lla</span> <span class='ocrx_word' id='word_1_165' title='bbox 701 2148 860 2209; x_wconf 88' lang='lat' dir='ltr'>innocent.</span> <span class='ocrx_word' id='word_1_166' title='bbox 878 2151 928 2219; x_wconf 92' lang='grc' dir='ltr'>ΙΙΙ,</span> <span class='ocrx_word' id='word_1_167' title='bbox 944 2167 1011 2229; x_wconf 91' lang='lat' dir='ltr'>cap.</span> <span class='ocrx_word' id='word_1_168' title='bbox 1032 2149 1113 2227; x_wconf 76' lang='lat' dir='ltr'>Tne,</span> 
     </span>
     <span class='ocr_line' id='line_1_23' title="bbox 134 2234 712 2319; baseline -0.003 -19"><span class='ocrx_word' id='word_1_169' title='bbox 134 2245 170 2300; x_wconf 92' lang='lat' dir='ltr'>ct</span> <span class='ocrx_word' id='word_1_170' title='bbox 183 2256 251 2319; x_wconf 90' lang='lat' dir='ltr'>cap.</span> <span class='ocrx_word' id='word_1_171' title='bbox 266 2237 363 2312; x_wconf 81' lang='lat' dir='ltr'>Inter,</span> <span class='ocrx_word' id='word_1_172' title='bbox 376 2234 420 2299; x_wconf 88' lang='lat' dir='ltr'>Dc</span> <span class='ocrx_word' id='word_1_173' title='bbox 433 2235 550 2298; x_wconf 80' lang='lat' dir='ltr'>clericis</span> <span class='ocrx_word' id='word_1_174' title='bbox 559 2235 712 2318; x_wconf 76' lang='lat' dir='ltr'>pereprio.</span> 
     </span>
    </p>

    <p class='ocr_par' dir='ltr' id='par_1_5' title="bbox 132 2323 1113 2765">
     <span class='ocr_line' id='line_1_24' title="bbox 178 2323 1111 2404; baseline 0 -14"><span class='ocrx_word' id='word_1_175' title='bbox 178 2330 213 2390; x_wconf 74' lang='grc' dir='ltr'>6Ι</span> <span class='ocrx_word' id='word_1_176' title='bbox 233 2326 378 2390; x_wconf 88' lang='lat' dir='ltr'>Sacerdos</span> <span class='ocrx_word' id='word_1_177' title='bbox 392 2333 552 2388; x_wconf 87' lang='lat' dir='ltr'>extraneus</span> <span class='ocrx_word' id='word_1_178' title='bbox 563 2325 668 2386; x_wconf 90' lang='lat' dir='ltr'>litteris</span> <span class='ocrx_word' id='word_1_179' title='bbox 678 2323 932 2386; x_wconf 88' lang='lat' dir='ltr'>commendatitiis</span> <span class='ocrx_word' id='word_1_180' title='bbox 942 2324 1111 2404; x_wconf 89' lang='lat' dir='ltr'>destitutus,</span> 
     </span>
     <span class='ocr_line' id='line_1_25' title="bbox 132 2412 1112 2494; baseline -0.001 -14"><span class='ocrx_word' id='word_1_181' title='bbox 132 2423 168 2480; x_wconf 85' lang='lat' dir='ltr'>et</span> <span class='ocrx_word' id='word_1_182' title='bbox 190 2416 259 2479; x_wconf 87' lang='lat' dir='ltr'>ided</span> <span class='ocrx_word' id='word_1_183' title='bbox 282 2415 321 2477; x_wconf 90' lang='lat' dir='ltr'>ad</span> <span class='ocrx_word' id='word_1_184' title='bbox 346 2415 581 2478; x_wconf 88' lang='lat' dir='ltr'>celebrationem</span> <span class='ocrx_word' id='word_1_185' title='bbox 610 2431 673 2473; x_wconf 92' lang='lat' dir='ltr'>non</span> <span class='ocrx_word' id='word_1_186' title='bbox 697 2412 867 2485; x_wconf 88' lang='lat' dir='ltr'>admissus,</span> <span class='ocrx_word' id='word_1_187' title='bbox 888 2420 985 2494; x_wconf 91' lang='lat' dir='ltr'>potest</span> <span class='ocrx_word' id='word_1_188' title='bbox 1010 2420 1112 2479; x_wconf 91' lang='lat' dir='ltr'>tamen</span> 
     </span>
     <span class='ocr_line' id='line_1_26' title="bbox 134 2501 1113 2580; baseline -0.001 -12"><span class='ocrx_word' id='word_1_189' title='bbox 134 2507 253 2569; x_wconf 79' lang='lat' dir='ltr'>secreto</span> <span class='ocrx_word' id='word_1_190' title='bbox 265 2505 416 2568; x_wconf 87' lang='lat' dir='ltr'>celebrare</span> <span class='ocrx_word' id='word_1_191' title='bbox 429 2551 437 2580; x_wconf 91' lang='lat'>,</span> <span class='ocrx_word' id='word_1_192' title='bbox 450 2502 619 2567; x_wconf 90' lang='lat' dir='ltr'>dummodo</span> <span class='ocrx_word' id='word_1_193' title='bbox 633 2501 712 2564; x_wconf 89' lang='lat' dir='ltr'>absit</span> <span class='ocrx_word' id='word_1_194' title='bbox 722 2501 911 2564; x_wconf 89' lang='lat' dir='ltr'>scandalum.</span> <span class='ocrx_word' id='word_1_195' title='bbox 924 2505 966 2563; x_wconf 91' lang='lat' dir='ltr'>lta</span> <span class='ocrx_word' id='word_1_196' title='bbox 977 2522 1113 2568; x_wconf 89' lang='lat' dir='ltr'>commn-</span> 
     </span>
     <span class='ocr_line' id='line_1_27' title="bbox 134 2590 1111 2674; baseline -0.001 -17"><span class='ocrx_word' id='word_1_197' title='bbox 134 2593 224 2669; x_wconf 90' lang='lat' dir='ltr'>niter,</span> <span class='ocrx_word' id='word_1_198' title='bbox 237 2595 322 2674; x_wconf 85' lang='lat' dir='ltr'>juxta</span> <span class='ocrx_word' id='word_1_199' title='bbox 337 2597 373 2656; x_wconf 90' lang='lat' dir='ltr'>D.</span> <span class='ocrx_word' id='word_1_200' title='bbox 397 2593 492 2656; x_wconf 82' lang='lat' dir='ltr'>Bouix</span> <span class='ocrx_word' id='word_1_201' title='bbox 508 2592 652 2654; x_wconf 89' lang='lat' dir='ltr'>citantem</span> <span class='ocrx_word' id='word_1_202' title='bbox 667 2590 746 2653; x_wconf 87' lang='lat' dir='ltr'>inter</span> <span class='ocrx_word' id='word_1_203' title='bbox 759 2590 832 2652; x_wconf 91' lang='lat' dir='ltr'>alios</span> <span class='ocrx_word' id='word_1_204' title='bbox 848 2591 983 2670; x_wconf 89' lang='lat' dir='ltr'>Leyman</span> <span class='ocrx_word' id='word_1_205' title='bbox 997 2599 1027 2655; x_wconf 88' lang='lat' dir='ltr'>et</span> <span class='ocrx_word' id='word_1_206' title='bbox 1042 2595 1111 2657; x_wconf 84' lang='lat' dir='ltr'>Cas·</span> 
     </span>
     <span class='ocr_line' id='line_1_28' title="bbox 132 2680 598 2765; baseline -0.004 -20"><span class='ocrx_word' id='word_1_207' title='bbox 132 2684 318 2765; x_wconf 89' lang='lat' dir='ltr'>tropolaum.</span> <span class='ocrx_word' id='word_1_208' title='bbox 354 2683 356 2688; x_wconf 86' lang='grc'><strong>’</strong></span> <span class='ocrx_word' id='word_1_209' title='bbox 391 2685 395 2693; x_wconf 94' lang='grc'><strong>’</strong></span> <span class='ocrx_word' id='word_1_210' title='bbox 596 2680 598 2688; x_wconf 79' lang='grc'><strong>“</strong></span> 
     </span>
    </p>

    <p class='ocr_par' dir='ltr' id='par_1_6' title="bbox 127 2762 1108 3280">
     <span class='ocr_line' id='line_1_29' title="bbox 174 2762 1107 2853; baseline 0.001 -19"><span class='ocrx_word' id='word_1_211' title='bbox 174 2778 209 2834; x_wconf 81' lang='lat'>&#39;1⁰</span> <span class='ocrx_word' id='word_1_212' title='bbox 222 2770 333 2853; x_wconf 90' lang='lat' dir='ltr'>Nequit</span> <span class='ocrx_word' id='word_1_213' title='bbox 346 2771 514 2852; x_wconf 90' lang='lat' dir='ltr'>Episcopus</span> <span class='ocrx_word' id='word_1_214' title='bbox 525 2762 864 2832; x_wconf 84' lang='lat' dir='ltr'>extraneos&#39;sacerdotcs</span> <span class='ocrx_word' id='word_1_215' title='bbox 874 2788 976 2834; x_wconf 90' lang='lat' dir='ltr'>arcere</span> <span class='ocrx_word' id='word_1_216' title='bbox 986 2771 1107 2840; x_wconf 73' lang='lat' dir='ltr'>amissa</span> 
     </span>
     <span class='ocr_line' id='line_1_30' title="bbox 127 2856 1106 2943; baseline -0.001 -18"><span class='ocrx_word' id='word_1_217' title='bbox 127 2861 334 2925; x_wconf 83' lang='lat' dir='ltr'>celebratione</span> <span class='ocrx_word' id='word_1_218' title='bbox 349 2860 499 2923; x_wconf 85' lang='lat' dir='ltr'>ubsolam</span> <span class='ocrx_word' id='word_1_219' title='bbox 513 2857 658 2921; x_wconf 90' lang='lat' dir='ltr'>rationem</span> <span class='ocrx_word' id='word_1_220' title='bbox 675 2856 756 2939; x_wconf 82' lang='lat' dir='ltr'>qudd</span> <span class='ocrx_word' id='word_1_221' title='bbox 769 2859 903 2921; x_wconf 72' lang='lat' dir='ltr'>extranei</span> <span class='ocrx_word' id='word_1_222' title='bbox 917 2859 987 2922; x_wconf 93' lang='lat' dir='ltr'>sint.</span> <span class='ocrx_word' id='word_1_223' title='bbox 1002 2861 1106 2943; x_wconf 83' lang='lat' dir='ltr'>Sequi-</span> 
     </span>
     <span class='ocr_line' id='line_1_31' title="bbox 129 2947 1103 3028; baseline -0.002 -14"><span class='ocrx_word' id='word_1_224' title='bbox 129 2959 182 3014; x_wconf 85' lang='lat' dir='ltr'>tur</span> <span class='ocrx_word' id='word_1_225' title='bbox 195 2970 231 3013; x_wconf 85' lang='lat' dir='ltr'>ex</span> <span class='ocrx_word' id='word_1_226' title='bbox 246 2949 336 3012; x_wconf 78' lang='lat' dir='ltr'>modo</span> <span class='ocrx_word' id='word_1_227' title='bbox 349 2949 449 3026; x_wconf 92' lang='lat' dir='ltr'>dictis,</span> <span class='ocrx_word' id='word_1_228' title='bbox 464 2947 506 3010; x_wconf 69' lang='lat' dir='ltr'>nr.</span> <span class='ocrx_word' id='word_1_229' title='bbox 520 2952 540 3010; x_wconf 79' lang='lat' dir='ltr'>l</span> <span class='ocrx_word' id='word_1_230' title='bbox 554 2953 584 3010; x_wconf 87' lang='lat' dir='ltr'>et</span> <span class='ocrx_word' id='word_1_231' title='bbox 598 2949 628 3010; x_wconf 82' lang='lat'>5.</span> <span class='ocrx_word' id='word_1_232' title='bbox 646 2980 684 2994; x_wconf 95' lang='lat'><em>-</em></span> <span class='ocrx_word' id='word_1_233' title='bbox 700 2948 792 3010; x_wconf 82' lang='lat' dir='ltr'>Serus</span> <span class='ocrx_word' id='word_1_234' title='bbox 809 2948 942 3010; x_wconf 89' lang='lat' dir='ltr'>sentiunt</span> <span class='ocrx_word' id='word_1_235' title='bbox 964 2949 1103 3028; x_wconf 84' lang='lat' dir='ltr'>Ducasse,</span> 
     </span>
     <span class='ocr_line' id='line_1_32' title="bbox 127 3036 1106 3116; baseline -0.003 -14"><span class='ocrx_word' id='word_1_236' title='bbox 127 3037 313 3104; x_wconf 74' lang='lat' dir='ltr'>turtattctton</span> <span class='ocrx_word' id='word_1_237' title='bbox 325 3039 444 3114; x_wconf 85' lang='lat' dir='ltr'>eccte&#39;s.,</span> <span class='ocrx_word' id='word_1_238' title='bbox 461 3036 550 3116; x_wconf 88' lang='lat' dir='ltr'>chap.</span> <span class='ocrx_word' id='word_1_239' title='bbox 565 3040 597 3112; x_wconf 80' lang='grc' dir='ltr'>Ι,</span> <span class='ocrx_word' id='word_1_240' title='bbox 612 3040 685 3098; x_wconf 88' lang='lat' dir='ltr'>sect.</span> <span class='ocrx_word' id='word_1_241' title='bbox 701 3039 738 3110; x_wconf 82' lang='grc'>6,</span> <span class='ocrx_word' id='word_1_242' title='bbox 755 3037 787 3096; x_wconf 88' lang='lat' dir='ltr'>n⁰</span> <span class='ocrx_word' id='word_1_243' title='bbox 801 3039 837 3111; x_wconf 88' lang='lat'>3,</span> <span class='ocrx_word' id='word_1_244' title='bbox 854 3043 884 3097; x_wconf 89' lang='lat' dir='ltr'>ct</span> <span class='ocrx_word' id='word_1_245' title='bbox 898 3043 1002 3100; x_wconf 88' lang='lat' dir='ltr'>auctor</span> <span class='ocrx_word' id='word_1_246' title='bbox 1024 3037 1106 3099; x_wconf 85' lang='lat' dir='ltr'>Proe·</span> 
     </span>
     <span class='ocr_line' id='line_1_33' title="bbox 131 3123 1108 3210; baseline -0.002 -20"><span class='ocrx_word' id='word_1_247' title='bbox 131 3127 196 3190; x_wconf 86' lang='lat' dir='ltr'>lect.</span> <span class='ocrx_word' id='word_1_248' title='bbox 210 3127 245 3190; x_wconf 88' lang='lat' dir='ltr'>S.</span> <span class='ocrx_word' id='word_1_249' title='bbox 261 3126 411 3210; x_wconf 78' lang='lat' dir='ltr'>sulpitii,</span> <span class='ocrx_word' id='word_1_250' title='bbox 430 3135 463 3187; x_wconf 84' lang='lat' dir='ltr'>n⁰</span> <span class='ocrx_word' id='word_1_251' title='bbox 480 3129 553 3201; x_wconf 72' lang='lat'>1523</span> <span class='ocrx_word' id='word_1_252' title='bbox 575 3123 628 3185; x_wconf 91' lang='lat' dir='ltr'>sed</span> <span class='ocrx_word' id='word_1_253' title='bbox 647 3128 694 3184; x_wconf 87' lang='lat' dir='ltr'>sat</span> <span class='ocrx_word' id='word_1_254' title='bbox 711 3123 808 3185; x_wconf 89' lang='lat' dir='ltr'>solido</span> <span class='ocrx_word' id='word_1_255' title='bbox 833 3123 1031 3188; x_wconf 83' lang='lat' dir='ltr'>fundamento</span> <span class='ocrx_word' id='word_1_256' title='bbox 1055 3125 1108 3188; x_wconf 89' lang='lat' dir='ltr'>niti</span> 
     </span>
     <span class='ocr_line' id='line_1_34' title="bbox 128 3213 636 3280; baseline -0.016 0"><span class='ocrx_word' id='word_1_257' title='bbox 128 3235 194 3280; x_wconf 90' lang='lat' dir='ltr'>non</span> <span class='ocrx_word' id='word_1_258' title='bbox 208 3215 328 3279; x_wconf 89' lang='lat' dir='ltr'>videtur</span> <span class='ocrx_word' id='word_1_259' title='bbox 340 3216 463 3278; x_wconf 92' lang='lat' dir='ltr'>illorum</span> <span class='ocrx_word' id='word_1_260' title='bbox 477 3213 636 3276; x_wconf 90' lang='lat' dir='ltr'>sententia.</span> 
     </span>
    </p>

    <p class='ocr_par' dir='ltr' id='par_1_7' title="bbox 126 3299 1109 3654">
     <span class='ocr_line' id='line_1_35' title="bbox 169 3299 1109 3384; baseline -0.003 -15"><span class='ocrx_word' id='word_1_261' title='bbox 169 3309 202 3369; x_wconf 79' lang='lat'>8⁰</span> <span class='ocrx_word' id='word_1_262' title='bbox 222 3307 287 3368; x_wconf 85' lang='lat' dir='ltr'>lmd</span> <span class='ocrx_word' id='word_1_263' title='bbox 300 3307 386 3384; x_wconf 83' lang='lat' dir='ltr'>juxta</span> <span class='ocrx_word' id='word_1_264' title='bbox 405 3304 569 3365; x_wconf 90' lang='lat' dir='ltr'>Barbosam</span> <span class='ocrx_word' id='word_1_265' title='bbox 590 3306 620 3363; x_wconf 88' lang='lat' dir='ltr'>et</span> <span class='ocrx_word' id='word_1_266' title='bbox 638 3299 713 3362; x_wconf 87' lang='lat' dir='ltr'>elios</span> <span class='ocrx_word' id='word_1_267' title='bbox 731 3300 921 3378; x_wconf 90' lang='lat' dir='ltr'>canonistas,</span> <span class='ocrx_word' id='word_1_268' title='bbox 941 3301 1007 3363; x_wconf 78' lang='lat' dir='ltr'>sine</span> <span class='ocrx_word' id='word_1_269' title='bbox 1027 3304 1109 3382; x_wconf 72' lang='lat' dir='ltr'>juste</span> 
     </span>
     <span class='ocr_line' id='line_1_36' title="bbox 126 3387 1107 3476; baseline -0.003 -19"><span class='ocrx_word' id='word_1_270' title='bbox 126 3396 238 3470; x_wconf 73' lang='lat' dir='ltr'>causa,</span> <span class='ocrx_word' id='word_1_271' title='bbox 254 3412 316 3456; x_wconf 92' lang='lat' dir='ltr'>non</span> <span class='ocrx_word' id='word_1_272' title='bbox 331 3399 429 3476; x_wconf 91' lang='lat' dir='ltr'>potest</span> <span class='ocrx_word' id='word_1_273' title='bbox 446 3393 614 3473; x_wconf 90' lang='lat' dir='ltr'>Episcopus</span> <span class='ocrx_word' id='word_1_274' title='bbox 632 3387 782 3469; x_wconf 86' lang='lat' dir='ltr'>expellere</span> <span class='ocrx_word' id='word_1_275' title='bbox 806 3389 939 3452; x_wconf 88' lang='lat' dir='ltr'>alienum</span> <span class='ocrx_word' id='word_1_276' title='bbox 962 3389 1107 3454; x_wconf 90' lang='lat' dir='ltr'>clericum</span> 
     </span>
     <span class='ocr_line' id='line_1_37' title="bbox 127 3476 1105 3561; baseline -0.005 -14"><span class='ocrx_word' id='word_1_277' title='bbox 127 3488 370 3547; x_wconf 85' lang='lat' dir='ltr'>commorantem</span> <span class='ocrx_word' id='word_1_278' title='bbox 381 3483 413 3543; x_wconf 94' lang='lat' dir='ltr'>in</span> <span class='ocrx_word' id='word_1_279' title='bbox 428 3482 493 3561; x_wconf 87' lang='lat' dir='ltr'>ejus</span> <span class='ocrx_word' id='word_1_280' title='bbox 507 3477 629 3542; x_wconf 89' lang='lat' dir='ltr'>diaecesi</span> <span class='ocrx_word' id='word_1_281' title='bbox 643 3477 709 3539; x_wconf 79' lang='lat' dir='ltr'>sind</span> <span class='ocrx_word' id='word_1_282' title='bbox 721 3476 825 3538; x_wconf 84' lang='lat' dir='ltr'>litteris</span> <span class='ocrx_word' id='word_1_283' title='bbox 839 3476 886 3539; x_wconf 89' lang='lat' dir='ltr'>sui</span> <span class='ocrx_word' id='word_1_284' title='bbox 903 3476 1065 3560; x_wconf 91' lang='lat' dir='ltr'>Episcopi,</span> <span class='ocrx_word' id='word_1_285' title='bbox 1081 3483 1105 3542; x_wconf 93' lang='lat' dir='ltr'>si</span> 
     </span>
     <span class='ocr_line' id='line_1_38' title="bbox 129 3563 1105 3654; baseline -0.003 -20"><span class='ocrx_word' id='word_1_286' title='bbox 129 3573 193 3654; x_wconf 90' lang='lat' dir='ltr'>ipse</span> <span class='ocrx_word' id='word_1_287' title='bbox 208 3571 284 3634; x_wconf 94' lang='lat' dir='ltr'>nolit</span> <span class='ocrx_word' id='word_1_288' title='bbox 304 3589 446 3634; x_wconf 86' lang='lat' dir='ltr'>exercere</span> <span class='ocrx_word' id='word_1_289' title='bbox 467 3570 604 3640; x_wconf 89' lang='lat' dir='ltr'>ordines,</span> <span class='ocrx_word' id='word_1_290' title='bbox 627 3565 681 3628; x_wconf 91' lang='lat' dir='ltr'>sed</span> <span class='ocrx_word' id='word_1_291' title='bbox 701 3563 801 3627; x_wconf 89' lang='lat' dir='ltr'>solirm</span> <span class='ocrx_word' id='word_1_292' title='bbox 824 3573 969 3648; x_wconf 86' lang='lat' dir='ltr'>tanquam</span> <span class='ocrx_word' id='word_1_293' title='bbox 991 3569 1105 3631; x_wconf 81' lang='lat' dir='ltr'>advena</span> 
     </span>
    </p>
   </div>
   <div class='ocr_carea' id='block_1_3' title="bbox 125 3661 1105 3846">
    <p class='ocr_par' dir='ltr' id='par_1_8' title="bbox 125 3661 1105 3846">
     <span class='ocr_line' id='line_1_39' title="bbox 125 3661 380 3726; baseline -0.016 0"><span class='ocrx_word' id='word_1_294' title='bbox 125 3661 170 3726; x_wconf 86' lang='lat' dir='ltr'>tbi</span> <span class='ocrx_word' id='word_1_295' title='bbox 185 3661 380 3724; x_wconf 87' lang='lat' dir='ltr'>commorari.</span> 
     </span>
     <span class='ocr_line' id='line_1_40' title="bbox 169 3751 1105 3846; baseline -0.004 -25"><span class='ocrx_word' id='word_1_296' title='bbox 169 3757 339 3840; x_wconf 87' lang='lat' dir='ltr'>Episcopus</span> <span class='ocrx_word' id='word_1_297' title='bbox 346 3777 409 3823; x_wconf 90' lang='lat' dir='ltr'>non</span> <span class='ocrx_word' id='word_1_298' title='bbox 417 3755 599 3846; x_wconf 82' lang='lat' dir='ltr'>cogere,scd</span> <span class='ocrx_word' id='word_1_299' title='bbox 610 3751 829 3818; x_wconf 80' lang='lat' dir='ltr'>solbmhortari</span> <span class='ocrx_word' id='word_1_300' title='bbox 841 3761 939 3836; x_wconf 86' lang='lat' dir='ltr'>potest</span> <span class='ocrx_word' id='word_1_301' title='bbox 949 3761 1105 3818; x_wconf 85' lang='lat' dir='ltr'>curatoset</span> 
     </span>
    </p>
   </div>
   <div class='ocr_carea' id='block_1_4' title="bbox 0 0 1278 4216">
    <p class='ocr_par' dir='ltr' id='par_1_9' title="bbox 0 0 1278 4216">
     <span class='ocr_line' id='line_1_41' title="bbox 0 0 1278 4216; baseline 0 3"><span class='ocrx_word' id='word_1_302' title='bbox 0 0 1278 4216; x_wconf 95' lang='lat' dir='ltr'> </span> 
     </span>
    </p>
   </div>
  </div>
 </body>
</html>
