2526 4210
492 266 578 312 mem
600 265 719 311 raruus.
1036 252 1092 309 etl

109 402 131 439 c
151 376 278 440 rnunibs
297 379 327 434 et
343 367 527 452 probabilius
540 366 614 428 dicit
629 384 787 446 nunquam
801 383 888 446 posse
903 364 1017 444 Papam
1032 363 1092 426 dis·

107 490 130 528 a
151 482 280 548 pensare
294 462 326 524 in
347 461 384 520 iis
399 475 466 539 quae
480 461 552 518 sunl
572 453 608 517 de
626 454 757 515 absoluto
773 455 847 536 jure
867 453 971 514 diuino
982 473 992 528 ;
1015 451 1090 517 hanc

108 578 129 616 a
152 559 258 618 tonent
278 548 452 611 Pontius...
470 547 617 607 Suarez...
640 543 758 625 Sylvius
772 561 810 603 ex
824 545 859 602 D.
877 541 992 602 Thomu
995 585 1057 602 .....
1074 562 1092 600 o

104 642 186 716 Quia
198 641 403 722 requireretur
413 633 549 716 specialis
559 633 734 695 commissio
748 633 838 692 abeo
851 649 919 711 quae
931 648 993 692 non
1003 629 1093 693 habe·

107 738 160 795 tur
173 750 210 793 ex
224 727 321 791 verbis
337 722 541 804 Quodcumque
551 721 683 797 solonis,
697 726 767 804 etc,
779 727 926 800 quaesunt
939 717 1092 799 generalia

105 826 139 882 et
154 837 217 881 non
239 815 391 898 specialia.
412 835 428 872 o
447 811 544 873 Tanto
559 811 655 892 magis
677 808 759 890 quod
779 808 953 886 hujusmodi
968 807 1092 886 dispen-

109 930 128 968 α
151 907 283 969 sationes
297 903 328 964 in
342 904 408 981 jure
422 899 523 962 divino
537 905 637 961 essent
651 897 765 959 nocivae
781 897 886 959 unitati
902 902 931 956 et
940 891 1102 956 stabilitati

109 1018 127 1054 u
151 994 305 1058 Ecclesiae.
322 990 416 1052 Valde
436 994 538 1050 autem
559 987 753 1068 probabiliter
773 986 880 1046 dicunt
898 986 1045 1046 suarez...
1062 988 1093 1046 ct

109 1106 127 1142 u
151 1083 202 1144 alii
223 1084 362 1165 plures...
383 1095 471 1159 posse
490 1075 687 1151 Pontificem,
707 1075 738 1136 in
759 1074 861 1155 aliquo
873 1091 946 1134 casu
964 1072 1092 1153 partiou-

109 1196 127 1230 α
149 1172 222 1248 lari,
239 1190 300 1232 non
324 1169 514 1248 dispensare,
538 1164 591 1226 sed
613 1163 764 1226 declarare
783 1161 865 1245 quod
883 1163 933 1241 jus
952 1161 1091 1224 divinum

105 1284 127 1320 u
150 1277 215 1322 non
233 1259 364 1338 obliget,
390 1255 461 1336 quia
477 1253 541 1316 haec
557 1250 686 1334 potestas
708 1252 765 1315 luit
787 1251 954 1313 necessaria
969 1257 1091 1332 propter

108 1370 126 1406 n
148 1347 353 1410 humanarum
365 1361 468 1406 rerum
479 1343 662 1418 varietatem,
674 1341 748 1404 alias
759 1343 841 1404 Deus
853 1341 934 1402 bono
947 1339 1090 1423 regimini

106 1458 126 1496 ι
148 1436 291 1498 Ecclesiae
306 1453 367 1496 non
382 1432 453 1494 satis
467 1430 652 1512 providisset.
668 1450 684 1488 n

147 1527 219 1588 358.
247 1527 458 1585 Couounsmmr
482 1522 544 1582 vll.
569 1521 734 1582 -Potest
767 1519 914 1579 Romanus
943 1520 1088 1601 Pontifea

103 1632 206 1674 omnes
224 1613 370 1692 suscipere
389 1607 616 1690 appellationes,
636 1626 687 1669 nec
704 1607 742 1668 eb
762 1606 825 1686 apso
838 1614 949 1688 potest,
971 1617 1006 1668 ut
1019 1608 1087 1689 jum

103 1699 243 1764 dr'oeimus
263 1699 363 1782 (32¹1),
385 1696 533 1780 appellari
555 1695 595 1758 od
615 1695 781 1760 Concilium
804 1695 1029 1772 oecnmeue'eunt,
1049 1697 1090 1761 ad

103 1789 1087 1870 ipsumquereseroonturomneeeeuseequoeooounturuasoaes-

102 1875 246 1940 Totidem
257 1875 399 1940 suntlraeo
409 1875 670 1955 consectariaquae
680 1874 822 1937 lluuntex
834 1874 929 1956 ipsius
940 1876 1083 1941 Primatu.
1133 1901 1135 1908 κ

147 1967 194 2028 De
210 1966 305 2026 causis
322 1963 485 2046 majoribus
499 1962 533 2025 nt
546 1963 660 2025 mentio
675 1963 706 2024 in
722 1963 910 2026 concordata
925 1965 1033 2027 Leonis
1045 1967 1084 2046 X,

100 2071 177 2136 cup.
200 2057 258 2130 to,
274 2053 309 2116 de
325 2052 438 2115 Cnosis.
457 2052 515 2114 llas
529 2069 595 2114 esse
614 2051 683 2114 Sedi
698 2053 877 2132 Apostolioae
892 2054 1086 2119 reservandas

101 2141 293 2208 confitentur
315 2143 435 2223 ipsimet
453 2140 601 2203 Praesules
619 2139 740 2215 Galliae,
757 2140 788 2201 in
803 2143 858 2202 sut
875 2141 913 2202 ad
932 2145 1078 2207 innocen·
1194 2197 1197 2202 .

101 2231 185 2294 tium
212 2235 237 2292 Χ
259 2231 385 2312 epistola
403 2249 411 2291 ε
433 2228 592 2310 «Majores
610 2247 725 2302 cemos,
742 2229 902 2310 inquiunt,
918 2230 957 2292 ad
975 2231 1084 2296 Sedent
1103 2235 1105 2238 ’

107 2340 128 2380 α
150 2320 355 2401 Apostolum
370 2318 481 2381 referre
496 2317 640 2380 solemnis
653 2318 796 2380 Ecclesiae
810 2337 876 2392 mos
890 2325 945 2381 est.
958 2340 974 2380 e

146 2419 292 2496 Quaenam
312 2420 371 2482 sint
392 2418 517 2501 praecise
536 2415 710 2497 hujusmodi
733 2417 856 2478 oausae‘l
870 2419 937 2480 Non
955 2437 1017 2482 una
1039 2428 1084 2488 est

100 2509 170 2572 ΠΙ).
194 2509 360 2584 sententia;
376 2516 410 2571 ut
424 2507 498 2569 tales
518 2513 620 2568 autem
630 2504 733 2567 haberi
749 2505 862 2568 debent
877 2527 884 2567 :
901 2508 1083 2586 questiones

100 2595 200 2659 tidem
214 2615 267 2659 seu
280 2597 392 2678 dogma
405 2595 600 2677 respicientes
608 2615 617 2671 ;
630 2595 809 2658 Sanctorum
821 2595 1010 2674 beatificatio,
1024 2602 1081 2665 eta

99 2685 221 2751 fortiori
236 2685 425 2748 canonizatio
437 2705 445 2756 ;
461 2684 636 2766 approbatio
650 2684 858 2765 Religionum
872 2687 983 2749 creatio
993 2690 1079 2772 Epis·

99 2779 290 2856 copatuum;
305 2773 494 2850 delimitatio‚
512 2772 741 2836 dismembratio
754 2780 784 2836 et
797 2775 870 2838 unio
884 2775 1076 2855 dioecosium;

99 2862 263 2941 institutio,
283 2863 438 2926 translatio
455 2868 485 2924 et
503 2861 650 2943 depositio
668 2863 907 2947 Episcoporum;
928 2867 1077 2946 judicium

98 2952 141 3015 de
151 2951 301 3014 validitate
311 2950 546 3014 etdissolutionc
556 2949 677 3014 foederis
685 2953 864 3035 conjugalis,
877 2955 1000 3035 quando
1014 2959 1076 3038 agi·

98 3047 152 3105 tur
166 3040 205 3103 de
223 3040 414 3122 Principibus
434 3040 676 3116 sublimioribus;
689 3041 808 3125 hocque
826 3043 915 3106 etiam
937 3044 969 3104 in
984 3045 1077 3108 Gallia

97 3130 176 3193 olim
196 3129 420 3193 admittebatur.
440 3128 603 3212 aL'Eglise
618 3130 770 3193 Gallicane
789 3130 900 3213 (inquit
921 3133 1075 3210 Ferratus,

101 3241 119 3278 a
141 3219 188 3282 De
208 3217 322 3296 l'rlbue,
339 3219 388 3281 liv.
409 3223 440 3295 5,
457 3236 485 3282 o.
501 3217 533 3300 5)
552 3237 570 3280 a
587 3218 723 3300 toujours
742 3219 835 3300 garde
852 3226 899 3282 cet
914 3238 1022 3302 usage,
1038 3222 1076 3289 da

100 3330 118 3367 α
138 3307 241 3370 traiter
254 3307 297 3370 les
314 3325 420 3370 causes
433 3307 472 3372 de
487 3306 618 3388 mariage
631 3308 810 3389 par-devant
826 3308 879 3372 des
896 3310 985 3391 juges
997 3330 1076 3378 eom·

99 3419 117 3456 u
139 3396 198 3458 mis
208 3415 267 3478 per
281 3394 322 3460 Su
336 3395 489 3468 Saintett,
503 3395 537 3457 in
548 3396 703 3475 portibus,
719 3397 765 3460 s'il
783 3398 929 3480 s'agissait
948 3399 991 3464 du
1005 3417 1072 3467 ma-

98 3508 116 3543 a
137 3484 222 3567 ringo
233 3483 287 3548 des
303 3485 426 3567 grands.
440 3507 456 3544 o
472 3485 538 3547 Hoc
551 3484 606 3549 luit
620 3486 810 3550 observatum
824 3489 856 3550 iu
870 3489 961 3553 oausl
974 3490 1071 3557 disso-

95 3569 227 3638 lutionis'
243 3573 427 3638 matrimonii
451 3573 595 3638 Ludovioi
617 3578 669 3638 llll
689 3593 761 3639 oum
782 3578 900 3642 loannt
924 3581 1066 3647 Franciae.

94 3666 169 3728 ltem
180 3663 212 3726 in
221 3665 313 3727 causa
323 3662 527 3727 dissolutionis
536 3663 719 3727 matrimonii
734 3666 904 3747 ilenrioilV
914 3687 987 3732 oum
996 3672 1072 3733 Mar-

94 3752 190 3834 garitt
211 3752 336 3816 Valesit.
357 3753 531 3834 optandum
551 3759 653 3817 autam
672 3752 776 3820 luisset
795 3755 854 3820 boe
870 3757 961 3821 luisse
979 3758 1069 3821 etiam
1102 3765 1104 3772 ’
