2590 4214
210 261 268 315 130
482 266 634 311 ramma
653 265 735 310 mars
755 265 904 312 canorum.

188 355 193 402 t
216 393 231 430 r
251 369 414 452 probabitis
428 387 510 430 nuno
526 367 591 430 baec
605 361 753 430 sententia
766 375 923 440 censetur,
939 369 992 432 sed
1004 369 1071 452 jam
1086 374 1104 432 a
1117 387 1192 432 non·

218 487 233 522 a
254 459 346 522 uultis
357 461 485 520 censura
497 462 661 519 notatur.»

197 571 205 582 ’·
253 552 327 628 Sed,
351 557 441 634 prout
460 552 598 614 observat
620 551 657 610 D.
683 548 778 610 Bouix
802 547 862 628 (De
882 547 1050 630 Episcopo,
1066 552 1145 609 tom.
1162 554 1194 620 t,

214 662 246 723 p.
258 641 323 721 98),
336 640 473 702 nondum
487 637 610 700 definita
624 636 750 718 quaestio
759 642 969 717 erattempore
984 636 1102 698 Bened.
1118 639 1191 701 Xt't„

216 737 307 812 prout
321 736 437 792 constat
452 745 488 790 ex
503 726 589 789 Bulla
603 727 640 788 In
649 733 812 808 postremo,
824 728 864 788 ΞΟ
873 725 974 788 octob.
987 728 1080 798 t'156‚
1096 725 1195 805 inqut

216 817 353 898 dicitur§
363 821 399 879 t't
413 837 420 876 :
437 817 538 878 acum
550 833 641 876 nemo
652 813 810 896 prohibeat
823 815 1010 895 disceptare,
1022 832 1101 876 num
1115 813 1196 894 Epis-

223 931 238 968 «
258 913 384 988 capatus
404 906 440 966 sit
464 904 571 966 ordea
589 903 797 985 presbyteratu
811 903 986 978 distinctus,
1003 921 1045 964 an
1064 907 1198 964 caracter

222 1019 238 1057 a
258 997 289 1058 in
305 994 472 1075 Episcopali
483 991 709 1055 consecratione
719 992 1024 1073 impressusditterat‚
1035 991 1085 1054 vel
1101 992 1199 1070 potius

222 1107 238 1144 rr
259 1085 296 1145 sit
317 1083 472 1164 ampliatio
486 1081 626 1162 quaedam
640 1081 800 1142 caracteris
815 1085 846 1142 in
860 1081 1023 1143 collatione
1036 1079 1198 1161 presbyte-
1288 1117 1289 1160 3

224 1193 240 1230 a
260 1173 342 1233 ratds
355 1171 470 1232 ordinis
484 1170 632 1250 impressi.
648 1191 663 1228 a
680 1168 772 1231 Porrd
782 1171 797 1230 a
808 1176 944 1250 tempore
960 1168 1121 1230 Benedicti
1134 1169 1197 1230 xlv

221 1277 318 1341 usque
337 1258 518 1320 hodiernum
539 1258 640 1333 diem,
656 1257 773 1320 nultum
788 1259 936 1320 emanarit
955 1257 1044 1320 Sedis
1066 1260 1198 1338 Aposto-

221 1349 287 1410 tioae
310 1349 490 1424 Decretum,
504 1365 540 1408 ex
563 1365 626 1427 quo
646 1345 756 1409 deduci
778 1348 876 1408 valeat
898 1365 993 1408 unam
1017 1346 1198 1408 sententiam

221 1437 415 1518 potiusquam
428 1435 552 1497 alteram
566 1435 691 1496 omnind
704 1453 769 1496 esse
782 1435 1036 1514 amplectendam.

261 1526 394 1586 Potestas
409 1531 508 1585 autern
521 1523 635 1586 ordinis
649 1523 772 1604 aequalis
786 1530 831 1585 est
843 1524 873 1584 in
889 1523 1036 1586 omnibus
1047 1528 1199 1586 caractere
1289 1521 1290 1570 1

221 1613 391 1695 Episcopati
402 1613 567 1694 insignitis,
579 1629 635 1674 nec
648 1611 713 1692 ipse
724 1612 802 1694 Papa
815 1611 960 1692 majorem
970 1613 1090 1675 caeteris
1099 1611 1198 1672 habet.

222 1705 456 1863 Itadigginiirioad
471 1789 627 1852 materiam
641 1789 756 1852 ordinis
769 1789 974 1870 Episcopatis,
989 1809 1048 1870 pro
1058 1796 1144 1852 certo
1151 1789 1191 1851 di·

223 1879 354 1942 cendum
369 1878 485 1940 videtur
497 1897 564 1940 eam
579 1897 644 1940 esse
658 1877 883 1959 impositionem
898 1897 1058 1940 manuum.
1076 1882 1155 1941 Nam
1166 1896 1199 1938 er
1290 1941 1291 1950 ,

222 1967 336 2028 doncit.
361 1967 442 2028 Trid.
469 1965 553 2047 (sess.
578 1970 634 2042 23,
658 1985 726 2029 can.
746 1968 792 2044 t),
814 1967 922 2028 frustra
943 1986 1007 2028 non
1031 1967 1146 2030 dieitur
1165 1969 1201 2028 ab

223 2055 372 2136 Episcopo
386 2055 416 2115 in
432 2057 515 2117 sacra
527 2055 735 2117 ordinatione:
751 2054 859 2136 Areopa
871 2054 1024 2137 Spiritum
1044 2055 1198 2118 Soractem.

222 2141 317 2206 Porrd
336 2143 402 2207 baec
425 2143 515 2204 verba
535 2143 679 2206 dicuntur
705 2143 855 2225 Episcopo
880 2145 1106 2218 consecrando,
1127 2145 1199 2207 dum

221 2233 265 2294 illi
281 2251 390 2296 manus
407 2234 425 2294 a
439 2238 635 2294 consecrante
654 2233 868 2314 imponuntur,
884 2239 916 2294 et
928 2239 963 2295 ut
976 2232 1076 2296 torma
1096 2233 1198 2296 baberi

221 2320 344 2383 debent.

260 2408 417 2471 Probabile
436 2415 481 2470 est
498 2409 640 2473 etiamad
655 2413 811 2474 materiam
830 2413 1029 2493 Episcopatus
1047 2412 1202 2495 pertinere

220 2497 413 2559 traditionem
436 2498 506 2559 tibri
529 2499 762 2579 Evangeliorum
783 2520 854 2564 curn
878 2501 914 2561 iis
934 2501 1034 2562 verbis
1057 2521 1066 2562 ε
1089 2503 1202 2585 Ampe

227 2586 439 2668 decapolitana,
456 2593 535 2663 etc.;
551 2606 619 2667 quae
633 2587 701 2650 ideo
716 2595 861 2671 tanquam
876 2589 973 2651 forma
993 2591 1132 2670 partiatis
1146 2593 1200 2653 ha·

223 2675 319 2735 taenda
334 2682 415 2737 sunt.
432 2675 597 2738 Deducitur
609 2679 778 2758 praesertinr
792 2697 828 2740 ex
843 2681 970 2740 Decreto
981 2678 1020 2738 ad
1036 2681 1188 2744 Armenes

261 2762 426 2843 Episcopus
448 2782 509 2824 non
530 2769 628 2844 potest
643 2765 740 2828 valide
759 2766 892 2828 ordinari
908 2766 966 2828 nisi
986 2767 1026 2827 ab
1040 2767 1102 2830 atio
1117 2769 1199 2850 Epis

221 2868 308 2930 copo.

261 2937 341 2999 Ordo
355 2939 541 3020 Episcopatis
554 2941 684 3003 conferri
699 2942 789 3005 debet
802 2943 850 3004 die
865 2944 1039 3016 Dominict,
1053 2947 1183 3008 Natatitii

224 3027 430 3105 tpostotorum
445 3035 475 3088 et
488 3029 553 3090 aliis
566 3029 661 3091 Pestis
673 3029 712 3092 de
726 3039 887 3112 praecepto.
903 3035 944 3093 lta
958 3031 1146 3109 Pontificoie.

261 3115 306 3177 An
323 3123 423 3178 autern
438 3116 475 3177 ad
496 3118 627 3180 valorem
643 3119 841 3182 ordinationis
854 3123 1044 3201 Episcopatis
1062 3126 1183 3204 exigatu

234 3221 340 3282 emper
353 3203 443 3265 trium
458 3204 674 3284 Episcoporum
687 3206 865 3281 assistentia,
877 3208 944 3270 vide
953 3209 1073 3272 dictum
1082 3213 1113 3272 in
1129 3231 1184 3274 nos

219 3297 265 3352 tro
279 3290 428 3362 Monuotr',
441 3300 473 3352 n⁰
489 3295 578 3369 1735,
594 3299 652 3356 etc.

258 3381 467 3453 sanbucin.
485 3385 517 3442 1⁰
541 3383 587 3441 An
606 3385 699 3462 possit
717 3385 887 3447 consecrari
910 3385 1083 3468 Episcopus
1101 3391 1126 3451 is
1145 3409 1190 3472 qu,

221 3468 359 3529 nondum
374 3477 418 3530 est
433 3470 610 3551 presbyter?

259 3557 350 3636 Resp.
366 3559 416 3619 Sat
427 3558 629 3621 communiter
639 3559 741 3624 baberi
752 3568 922 3638 utendum,
935 3565 1045 3626 saltem
1056 3566 1089 3627 in
1101 3567 1193 3648 praxi,

220 3643 376 3706 neminem
390 3663 454 3706 esse
472 3647 645 3711 babendum
663 3654 810 3730 tanquam
831 3652 1015 3733 Episcopum
1031 3700 1040 3731 ‚
1054 3655 1114 3717 nisi
1132 3661 1194 3737 post

221 3733 372 3808 receptam
387 3733 607 3796 natinationem
628 3739 853 3802 sacerdotalem.
869 3741 933 3802 Hoc
952 3747 1058 3804 temen
1079 3752 1192 3806 contro·
