2590 4214
203 175 267 234 420
483 184 635 230 arrasum
655 183 737 229 tonas
757 179 904 227 cauomcr.

205 287 373 367 acceptatio
397 284 491 368 ipsius
517 283 742 368 superpellicei;
768 281 865 344 lorma
887 281 968 353 vero,
995 279 1046 342 illa
1068 280 1185 346 verita:

210 373 320 436 Induat
332 384 359 437 te
377 374 455 438 neus
468 394 573 437 nocam
587 373 744 445 dominata,
759 369 1035 434 etc...Secundi1m
1056 369 1187 434 Theolo-
1279 363 1280 428 j

209 482 273 541 gos,
299 465 370 526 cum
391 470 515 528 tonsura
539 483 601 526 non
623 464 660 525 sit
682 461 768 536 ordo,
786 478 846 522 aon
868 465 986 521 constal
1006 461 1136 522 materia
1159 467 1189 524 cl

207 550 307 614 forma
320 555 442 635 proprie
456 553 547 615 dicta.
564 556 580 616 J
583 559 653 615 urta
667 550 790 614 eosdem
804 555 919 624 tamen,
934 547 1081 610 abscissio
1095 551 1187 632 capil-

209 639 308 703 lorum
327 649 385 704 stat
405 641 471 704 loco
491 641 642 720 materiae,
658 645 688 702 et
705 640 807 704 locum
823 636 930 700 lormae
947 643 1054 698 tenent
1071 639 1186 702 verba:
1280 644 1281 724 l

210 727 356 805 Dominus
365 751 448 812 pars,
464 736 523 793 etc.

249 823 319 882 572.
345 822 400 881 Per
413 826 569 882 tonsuram
584 819 618 880 lit
631 817 700 898 quis
713 816 750 878 de
763 815 828 878 loro
839 814 994 891 acclesiae,
1011 833 1110 896 capax
1125 817 1190 879 red-

208 906 291 969 ditus
313 907 552 984 beneficiorum,
571 905 789 987 iurisdictionis
810 903 1038 977 ecclesiasticae,
1061 905 1190 968 clerica·

212 994 349 1077 liumque
369 996 594 1078 privilegiorum
614 996 775 1078 particeps,
796 1001 885 1074 alque
903 992 931 1054 ei
952 992 1115 1056 confertur
1135 1013 1189 1076 po

213 1091 301 1146 testas
326 1085 455 1148 canendi
480 1085 613 1148 officium
640 1083 876 1146 ecclesiasticum
904 1081 936 1141 in
963 1081 1124 1144 ecclesia:
1150 1083 1190 1144 sie

206 1173 307 1247 enim,
331 1180 397 1254 post
421 1172 541 1237 illorum
565 1169 948 1248 ordinationeml‘ontilex
967 1171 1099 1233 clericos
1121 1172 1190 1233 allo

212 1261 343 1340 quitur:
371 1261 471 1322 «Filii
497 1261 676 1337 charissimi,
700 1259 938 1322 animadvertere
964 1259 1084 1320 debetis
1108 1263 1188 1341 quod

219 1370 234 1406 a
252 1348 342 1409 hodie
355 1348 393 1411 de
410 1350 475 1412 loro
495 1350 634 1412 Ecclesia
647 1349 715 1410 lacti
729 1347 810 1422 estis,
826 1353 854 1408 el
868 1346 1023 1428 privilegia
1038 1347 1189 1411 clericalia
1281 1413 1282 1422 ,

218 1458 233 1496 a
253 1438 347 1499 sortiti
366 1439 448 1502 estis.
464 1440 570 1501 Caveto
588 1438 679 1519 igitur
699 1454 737 1499 ne
752 1441 873 1518 propter
887 1435 992 1517 culpas
1011 1443 1129 1498 vestras
1142 1437 1189 1498 ills

215 1547 233 1584 a
252 1527 402 1606 perdatis;
419 1534 448 1589 et
461 1526 564 1589 habitu
579 1527 716 1601 honesto,
732 1532 789 1588 etc.
803 1547 821 1602 p

253 1615 382 1678 Proinde
395 1615 511 1678 clericis
525 1623 554 1676 et
568 1616 694 1697 quidem
707 1615 779 1676 solis
792 1613 935 1694 competit
948 1611 1078 1676 facultas
1093 1616 1188 1678 standi

210 1703 646 1782 propsallareinlercancellos
656 1702 693 1765 ad
702 1703 933 1764 ministrandum
942 1703 1187 1782 etpsallendum:

209 1791 258 1852 sic
272 1791 354 1853 enim
367 1793 456 1855 habat
467 1812 533 1874 cap.
551 1793 591 1856 Ut
604 1791 677 1852 laici
688 1795 716 1864 l,
730 1789 775 1853 De
788 1790 848 1852 vita
859 1791 1033 1853 ethonest...
1048 1795 1116 1856 «Ut
1125 1793 1188 1854 laici

214 1901 234 1936 a
255 1882 588 1962 secusaltare,quand0
598 1899 681 1942 sacra
692 1880 831 1960 mysteria
842 1879 1046 1956 celebrantur,
1056 1889 1137 1943 stare
1146 1883 1189 1944 vel

221 1988 236 2023 a
256 1966 360 2029 sedere
375 1969 453 2031 inter
468 1971 592 2032 clericos
611 1988 671 2030 non
687 1975 881 2049 praesumant,
895 1967 945 2030 sed
953 1986 1029 2048 pars
1039 1969 1110 2047 illa,
1126 1990 1190 2051 que

216 2080 235 2111 n
255 2057 392 2120 cancellis
410 2058 557 2121 adulteri
571 2055 730 2135 diuiditur,
746 2059 860 2118 tantam
876 2055 1076 2138 psallentibus
1090 2070 1191 2136 pateat

221 2170 236 2198 a
256 2145 381 2210 clericis.
401 2148 446 2209 Ad
467 2148 616 2210 orandum
638 2149 708 2208 vero
730 2153 759 2209 et
777 2145 1089 2223 communicandum,
1110 2149 1192 2211 laicis

217 2257 237 2292 a
257 2242 286 2296 et
304 2234 425 2297 leminis
442 2236 531 2318 (sieut
551 2255 617 2298 mos
635 2237 690 2316 est)
704 2241 822 2315 pateant
840 2235 947 2297 Sancta
961 2237 1148 2299 Sanctorum
1160 2261 1188 2296 s.

257 2325 312 2386 Jus
328 2324 439 2386 habent
455 2325 543 2387 etiam
559 2324 693 2405 gestandi
713 2330 808 2386 vestes
821 2323 972 2386 clericales
982 2321 993 2400 ‚'
1005 2342 1120 2406 nempe
1137 2344 1192 2388 su·

215 2413 433 2493 perpelliceum
446 2413 476 2475 in
500 2415 591 2476 sacris
613 2413 815 2485 caeremoniis,
830 2419 870 2488 at,
889 2409 973 2474 extra
994 2417 1192 2476 caeremonias
1282 2453 1283 2458 κ

219 2519 330 2576 sacras,
344 2511 456 2564 vestem
470 2502 606 2578 talarem,
622 2509 777 2564 tonsuram
790 2507 821 2564 el
834 2502 891 2562 alia
904 2519 972 2582 quae
986 2500 1106 2564 clericis
1117 2521 1191 2566 con·

201 2589 354 2660 ueniunt.
378 2590 505 2653 Minime
526 2599 627 2654 tamen
654 2590 692 2652 ad
717 2590 782 2652 haec
805 2595 949 2652 tenantur
975 2589 1032 2650 suh
1054 2599 1189 2672 peccato,

216 2678 341 2759 quando
356 2697 417 2742 non
440 2688 510 2742 sunt
531 2678 711 2756 beneficiati,
727 2679 771 2742 nti
793 2684 875 2741 tenet
893 2678 1041 2740 sententia
1056 2698 1191 2742 commu·

222 2767 308 2841 ni0r;
324 2768 386 2829 imo
406 2787 441 2830 aa
465 2787 526 2830 non
545 2773 672 2852 possunt
693 2766 809 2830 deferre
830 2766 952 2848 quando
972 2773 1044 2828 sunt
1065 2767 1188 2850 bigami.

218 2853 296 2915 Vide
310 2857 340 2916 S.
357 2855 491 2938 Liguor.,
506 2857 557 2919 lib.
570 2862 600 2936 6,
613 2855 652 2918 ni⁸
663 2859 721 2918 825
736 2861 767 2918 at
779 2859 848 2919 826.

261 2947 308 3004 An
330 2951 430 3008 autem
453 2947 620 3029 Episcopus
641 2946 737 3007 valeat
759 2945 917 3026 prohibere
939 2943 1050 3007 clerico
1077 2953 1191 3027 goslare

220 3032 358 3095 habitum
377 3034 562 3112 clericalem,
579 3033 644 3098 vide
662 3052 829 3116 expensum
851 3034 883 3096 in
910 3043 1013 3096 nostro
1036 3033 1187 3108 Mamali,

217 3131 255 3186 n⁰
270 3127 358 3201 lss'll,
372 3133 430 3188 etc.

261 3213 365 3286 Quoad
385 3232 484 3276 sacrus
503 3218 610 3290 vestes,
626 3219 696 3277 nota
715 3213 797 3295 quod
815 3232 888 3278 usus
907 3213 997 3290 albae,
1011 3211 1189 3290 dalmatica,

218 3303 359 3384 pluvialis
372 3310 402 3364 et
421 3302 567 3364 similium
589 3321 651 3364 non
672 3303 860 3383 permittatur
874 3303 973 3381 laicis,
989 3303 1059 3365 licet
1072 3306 1175 3385 regula

220 3391 315 3455 rilrus.
333 3395 364 3452 S.
381 3392 415 3452 a.
432 3394 477 3468 C.,
493 3395 531 3454 l9
543 3397 630 3452 mart.
647 3396 741 3469 1659,
758 3401 792 3454 n⁰
809 3397 897 3468 1825,
913 3400 943 3456 et
956 3397 990 3454 ll
1007 3398 1088 3472 sept.
1104 3397 1178 3456 latr

221 3491 256 3542 n⁰
281 3485 370 3544 tata.
400 3480 504 3552 Quoad
525 3480 775 3562 superpelliceum
798 3490 910 3556 autem,
934 3481 998 3544 iera
1018 3483 1191 3545 communis

220 3569 519 3646 halretconsuetudo,
534 3575 567 3634 ut
581 3570 599 3632 a
612 3569 694 3633 laicis
707 3569 798 3652 possit
811 3570 931 3635 deferri.

264 3658 307 3718 De
321 3658 484 3737 privilegiis
496 3658 688 3734 clericorum,
700 3661 766 3722 ride
777 3659 958 3739 Manantes
975 3671 1011 3722 n⁰
1027 3665 1120 3738 lora,
1135 3669 1188 3726 etc.
