<?xml version="1.0" encoding="UTF-8"?>
<!DOCTYPE html PUBLIC "-//W3C//DTD XHTML 1.0 Transitional//EN"
    "http://www.w3.org/TR/xhtml1/DTD/xhtml1-transitional.dtd">
<html xmlns="http://www.w3.org/1999/xhtml" xml:lang="en" lang="en">
 <head>
  <title>
</title>
<meta http-equiv="Content-Type" content="text/html;charset=utf-8" />
  <meta name='ocr-system' content='tesseract 3.04.00' />
  <meta name='ocr-capabilities' content='ocr_page ocr_carea ocr_par ocr_line ocrx_word'/>
</head>
<body>
  <div class='ocr_page' id='page_1' title='image "./elementajurisca01craigoog_0195.png"; bbox 0 0 2562 4224; ppageno 0'>
   <div class='ocr_carea' id='block_1_1' title="bbox 168 287 865 344">
    <p class='ocr_par' dir='ltr' id='par_1_1' title="bbox 168 287 865 344">
     <span class='ocr_line' id='line_1_1' title="bbox 168 287 865 344; baseline -0.001 -1"><span class='ocrx_word' id='word_1_1' title='bbox 168 287 225 344; x_wconf 75' lang='lat'>¹76</span> <span class='ocrx_word' id='word_1_2' title='bbox 439 297 590 341; x_wconf 81' lang='lat' dir='ltr'>uuulrrnra</span> <span class='ocrx_word' id='word_1_3' title='bbox 611 295 694 341; x_wconf 82' lang='lat' dir='ltr'>rums</span> <span class='ocrx_word' id='word_1_4' title='bbox 714 287 865 342; x_wconf 77' lang='lat' dir='ltr'>curlomcl.</span> 
     </span>
    </p>
   </div>
   <div class='ocr_carea' id='block_1_2' title="bbox 160 393 1151 3835">
    <p class='ocr_par' dir='ltr' id='par_1_2' title="bbox 167 393 1144 564">
     <span class='ocr_line' id='line_1_2' title="bbox 167 393 1144 478; baseline -0.003 -19"><span class='ocrx_word' id='word_1_5' title='bbox 167 395 248 478; x_wconf 80' lang='lat' dir='ltr'>quod</span> <span class='ocrx_word' id='word_1_6' title='bbox 263 397 323 458; x_wconf 81' lang='lat' dir='ltr'>sint</span> <span class='ocrx_word' id='word_1_7' title='bbox 336 396 472 478; x_wconf 84' lang='lat' dir='ltr'>perpetui</span> <span class='ocrx_word' id='word_1_8' title='bbox 489 403 519 456; x_wconf 85' lang='lat' dir='ltr'>el</span> <span class='ocrx_word' id='word_1_9' title='bbox 532 412 640 457; x_wconf 88' lang='lat' dir='ltr'>omnes</span> <span class='ocrx_word' id='word_1_10' title='bbox 654 393 862 455; x_wconf 83' lang='lat' dir='ltr'>inamorihiles</span> <span class='ocrx_word' id='word_1_11' title='bbox 874 393 914 454; x_wconf 88' lang='lat' dir='ltr'>ah</span> <span class='ocrx_word' id='word_1_12' title='bbox 927 393 1064 456; x_wconf 79' lang='lat' dir='ltr'>Ecclesia</span> <span class='ocrx_word' id='word_1_13' title='bbox 1078 395 1144 456; x_wconf 87' lang='lat' dir='ltr'>lue·</span> 
     </span>
     <span class='ocr_line' id='line_1_3' title="bbox 167 480 791 564; baseline -0.003 -18"><span class='ocrx_word' id='word_1_14' title='bbox 167 486 228 546; x_wconf 81' lang='lat' dir='ltr'>rint</span> <span class='ocrx_word' id='word_1_15' title='bbox 241 483 409 562; x_wconf 86' lang='lat' dir='ltr'>consliluli,</span> <span class='ocrx_word' id='word_1_16' title='bbox 424 491 457 544; x_wconf 90' lang='lat' dir='ltr'>ul</span> <span class='ocrx_word' id='word_1_17' title='bbox 470 483 587 546; x_wconf 81' lang='lat' dir='ltr'>dicetur</span> <span class='ocrx_word' id='word_1_18' title='bbox 602 482 679 544; x_wconf 86' lang='lat' dir='ltr'>infra</span> <span class='ocrx_word' id='word_1_19' title='bbox 695 480 791 564; x_wconf 73' lang='lat'>(495).</span> 
     </span>
    </p>

    <p class='ocr_par' dir='ltr' id='par_1_3' title="bbox 167 569 1151 1094">
     <span class='ocr_line' id='line_1_4' title="bbox 206 569 1147 652; baseline -0.003 -16"><span class='ocrx_word' id='word_1_20' title='bbox 206 573 328 636; x_wconf 82' lang='lat' dir='ltr'>Fruslrh</span> <span class='ocrx_word' id='word_1_21' title='bbox 340 573 371 634; x_wconf 92' lang='lat' dir='ltr'>in</span> <span class='ocrx_word' id='word_1_22' title='bbox 385 572 569 635; x_wconf 85' lang='lat' dir='ltr'>conlrarium</span> <span class='ocrx_word' id='word_1_23' title='bbox 583 570 762 650; x_wconf 78' lang='lat' dir='ltr'>allegaretur</span> <span class='ocrx_word' id='word_1_24' title='bbox 774 588 841 650; x_wconf 88' lang='lat' dir='ltr'>cap.</span> <span class='ocrx_word' id='word_1_25' title='bbox 857 569 940 632; x_wconf 92' lang='lat' dir='ltr'>unic.</span> <span class='ocrx_word' id='word_1_26' title='bbox 955 569 1002 632; x_wconf 82' lang='lat' dir='ltr'>De</span> <span class='ocrx_word' id='word_1_27' title='bbox 1018 569 1147 652; x_wconf 86' lang='lat' dir='ltr'>Coppel-</span> 
     </span>
     <span class='ocr_line' id='line_1_5' title="bbox 167 657 1150 740; baseline -0.003 -17"><span class='ocrx_word' id='word_1_28' title='bbox 167 663 205 723; x_wconf 81' lang='lat' dir='ltr'>lr&#39;s</span> <span class='ocrx_word' id='word_1_29' title='bbox 218 659 365 737; x_wconf 60' lang='lat' dir='ltr'>Menoeis,</span> <span class='ocrx_word' id='word_1_30' title='bbox 382 660 412 722; x_wconf 93' lang='lat' dir='ltr'>in</span> <span class='ocrx_word' id='word_1_31' title='bbox 427 664 471 735; x_wconf 74' lang='grc' dir='ltr'>θ’,</span> <span class='ocrx_word' id='word_1_32' title='bbox 487 658 664 722; x_wconf 83' lang='lat' dir='ltr'>ubidicitur</span> <span class='ocrx_word' id='word_1_33' title='bbox 679 677 687 719; x_wconf 76' lang='grc' dir='ltr'><strong>ι</strong></span> <span class='ocrx_word' id='word_1_34' title='bbox 706 658 905 738; x_wconf 73' lang='lat' dir='ltr'><strong>«Presbyteri</strong></span> <span class='ocrx_word' id='word_1_35' title='bbox 917 659 970 740; x_wconf 84' lang='lat' dir='ltr'>qui</span> <span class='ocrx_word' id='word_1_36' title='bbox 984 657 1024 720; x_wconf 88' lang='lat' dir='ltr'>ad</span> <span class='ocrx_word' id='word_1_37' title='bbox 1038 677 1150 720; x_wconf 88' lang='lat' dir='ltr'>curam</span> 
     </span>
     <span class='ocr_line' id='line_1_6' title="bbox 170 746 1151 830; baseline -0.001 -21"><span class='ocrx_word' id='word_1_38' title='bbox 170 771 186 809; x_wconf 80' lang='lat' dir='ltr'>a</span> <span class='ocrx_word' id='word_1_39' title='bbox 206 751 308 830; x_wconf 88' lang='lat' dir='ltr'>populi</span> <span class='ocrx_word' id='word_1_40' title='bbox 329 767 384 830; x_wconf 87' lang='lat' dir='ltr'>per</span> <span class='ocrx_word' id='word_1_41' title='bbox 401 747 568 810; x_wconf 87' lang='lat' dir='ltr'>monachos</span> <span class='ocrx_word' id='word_1_42' title='bbox 589 747 620 809; x_wconf 93' lang='lat' dir='ltr'>in</span> <span class='ocrx_word' id='word_1_43' title='bbox 634 764 740 810; x_wconf 89' lang='lat' dir='ltr'>eorum</span> <span class='ocrx_word' id='word_1_44' title='bbox 763 746 897 808; x_wconf 87' lang='lat' dir='ltr'>ecclesiis</span> <span class='ocrx_word' id='word_1_45' title='bbox 922 752 1151 827; x_wconf 75' lang='lat' dir='ltr'>praesenlanlur</span> 
     </span>
     <span class='ocr_line' id='line_1_7' title="bbox 170 834 1150 919; baseline -0.001 -21"><span class='ocrx_word' id='word_1_46' title='bbox 170 859 186 898; x_wconf 80' lang='lat' dir='ltr'>r</span> <span class='ocrx_word' id='word_1_47' title='bbox 207 839 380 919; x_wconf 84' lang='lat' dir='ltr'>Episcopis,</span> <span class='ocrx_word' id='word_1_48' title='bbox 400 843 430 898; x_wconf 82' lang='lat' dir='ltr'>el</span> <span class='ocrx_word' id='word_1_49' title='bbox 452 836 649 898; x_wconf 86' lang='lat' dir='ltr'>instituunlur</span> <span class='ocrx_word' id='word_1_50' title='bbox 669 835 707 896; x_wconf 87' lang='lat' dir='ltr'>ab</span> <span class='ocrx_word' id='word_1_51' title='bbox 727 834 817 916; x_wconf 87' lang='lat' dir='ltr'>ipsis,</span> <span class='ocrx_word' id='word_1_52' title='bbox 841 835 913 897; x_wconf 81' lang='lat' dir='ltr'>cium</span> <span class='ocrx_word' id='word_1_53' title='bbox 927 835 1062 897; x_wconf 80' lang='lat' dir='ltr'>debeant</span> <span class='ocrx_word' id='word_1_54' title='bbox 1079 853 1150 897; x_wconf 87' lang='lat' dir='ltr'>esse</span> 
     </span>
     <span class='ocr_line' id='line_1_8' title="bbox 170 921 1147 1007; baseline 0.001 -22"><span class='ocrx_word' id='word_1_55' title='bbox 170 949 185 985; x_wconf 82' lang='lat' dir='ltr'>u</span> <span class='ocrx_word' id='word_1_56' title='bbox 206 926 354 1007; x_wconf 80' lang='lat' dir='ltr'>perpetui,</span> <span class='ocrx_word' id='word_1_57' title='bbox 369 925 407 986; x_wconf 87' lang='lat' dir='ltr'>ab</span> <span class='ocrx_word' id='word_1_58' title='bbox 421 925 527 986; x_wconf 89' lang='lat' dir='ltr'>iisdem</span> <span class='ocrx_word' id='word_1_59' title='bbox 543 929 699 1006; x_wconf 82' lang='lat' dir='ltr'>nequeunt</span> <span class='ocrx_word' id='word_1_60' title='bbox 713 923 848 986; x_wconf 86' lang='lat' dir='ltr'>ecclesiis</span> <span class='ocrx_word' id='word_1_61' title='bbox 863 921 933 1005; x_wconf 85' lang='lat' dir='ltr'>(nisi</span> <span class='ocrx_word' id='word_1_62' title='bbox 949 941 1003 1005; x_wconf 93' lang='lat' dir='ltr'>per</span> <span class='ocrx_word' id='word_1_63' title='bbox 1018 923 1147 1004; x_wconf 77' lang='lat' dir='ltr'>Episco-</span> 
     </span>
     <span class='ocr_line' id='line_1_9' title="bbox 171 1012 859 1094; baseline -0.004 -21"><span class='ocrx_word' id='word_1_64' title='bbox 171 1037 186 1073; x_wconf 75' lang='grc' dir='ltr'>α</span> <span class='ocrx_word' id='word_1_65' title='bbox 208 1033 279 1094; x_wconf 92' lang='lat' dir='ltr'>pos,</span> <span class='ocrx_word' id='word_1_66' title='bbox 295 1022 325 1075; x_wconf 82' lang='lat' dir='ltr'>et</span> <span class='ocrx_word' id='word_1_67' title='bbox 339 1031 375 1076; x_wconf 84' lang='lat' dir='ltr'>cx</span> <span class='ocrx_word' id='word_1_68' title='bbox 389 1017 481 1075; x_wconf 79' lang='lat' dir='ltr'>causd</span> <span class='ocrx_word' id='word_1_69' title='bbox 494 1012 672 1090; x_wconf 80' lang='lat' dir='ltr'>rationabili)</span> <span class='ocrx_word' id='word_1_70' title='bbox 685 1012 828 1076; x_wconf 84' lang='lat' dir='ltr'>amoveri.</span> <span class='ocrx_word' id='word_1_71' title='bbox 842 1033 859 1070; x_wconf 81' lang='lat' dir='ltr'>u</span> 
     </span>
    </p>

    <p class='ocr_par' dir='ltr' id='par_1_4' title="bbox 165 1099 1149 1606">
     <span class='ocr_line' id='line_1_10' title="bbox 207 1099 1149 1182; baseline 0.003 -22"><span class='ocrx_word' id='word_1_72' title='bbox 207 1103 414 1182; x_wconf 83' lang='lat' dir='ltr'>Respondelur</span> <span class='ocrx_word' id='word_1_73' title='bbox 422 1103 505 1164; x_wconf 90' lang='lat' dir='ltr'>enim</span> <span class='ocrx_word' id='word_1_74' title='bbox 515 1101 597 1182; x_wconf 83' lang='lat' dir='ltr'>quod</span> <span class='ocrx_word' id='word_1_75' title='bbox 607 1101 639 1162; x_wconf 93' lang='lat' dir='ltr'>in</span> <span class='ocrx_word' id='word_1_76' title='bbox 649 1101 707 1163; x_wconf 91' lang='lat' dir='ltr'>hoc</span> <span class='ocrx_word' id='word_1_77' title='bbox 716 1101 814 1182; x_wconf 84' lang='lat' dir='ltr'>capilo</span> <span class='ocrx_word' id='word_1_78' title='bbox 822 1105 929 1181; x_wconf 82' lang='lat' dir='ltr'>agatur</span> <span class='ocrx_word' id='word_1_79' title='bbox 937 1099 976 1162; x_wconf 91' lang='lat' dir='ltr'>de</span> <span class='ocrx_word' id='word_1_80' title='bbox 989 1100 1149 1163; x_wconf 86' lang='lat' dir='ltr'>Parochiis</span> 
     </span>
     <span class='ocr_line' id='line_1_11' title="bbox 167 1187 1146 1271; baseline -0.002 -19"><span class='ocrx_word' id='word_1_81' title='bbox 167 1209 296 1271; x_wconf 84' lang='lat' dir='ltr'>quarum</span> <span class='ocrx_word' id='word_1_82' title='bbox 312 1191 435 1252; x_wconf 84' lang='lat' dir='ltr'>liluluris</span> <span class='ocrx_word' id='word_1_83' title='bbox 449 1197 611 1270; x_wconf 77' lang='lat' dir='ltr'>perpetuus</span> <span class='ocrx_word' id='word_1_84' title='bbox 622 1205 687 1252; x_wconf 88' lang='lat' dir='ltr'>esse</span> <span class='ocrx_word' id='word_1_85' title='bbox 701 1189 845 1264; x_wconf 80' lang='lat' dir='ltr'>debehat,</span> <span class='ocrx_word' id='word_1_86' title='bbox 864 1188 977 1270; x_wconf 81' lang='lat' dir='ltr'>quippe</span> <span class='ocrx_word' id='word_1_87' title='bbox 991 1187 1146 1252; x_wconf 77' lang='lat' dir='ltr'><strong>dabantur</strong></span> 
     </span>
     <span class='ocr_line' id='line_1_12' title="bbox 167 1276 1145 1361; baseline 0 -23"><span class='ocrx_word' id='word_1_88' title='bbox 167 1279 197 1339; x_wconf 93' lang='lat' dir='ltr'>in</span> <span class='ocrx_word' id='word_1_89' title='bbox 212 1279 344 1354; x_wconf 82' lang='lat' dir='ltr'>titulum,</span> <span class='ocrx_word' id='word_1_90' title='bbox 359 1287 392 1340; x_wconf 85' lang='lat' dir='ltr'>ul</span> <span class='ocrx_word' id='word_1_91' title='bbox 405 1277 534 1361; x_wconf 79' lang='lat' dir='ltr'>probant</span> <span class='ocrx_word' id='word_1_92' title='bbox 545 1278 709 1340; x_wconf 88' lang='lat' dir='ltr'>haecverha</span> <span class='ocrx_word' id='word_1_93' title='bbox 723 1296 731 1338; x_wconf 77' lang='lat' dir='ltr'>t</span> <span class='ocrx_word' id='word_1_94' title='bbox 746 1287 773 1340; x_wconf 83' lang='lat' dir='ltr'>el</span> <span class='ocrx_word' id='word_1_95' title='bbox 788 1277 987 1338; x_wconf 81' lang='lat' dir='ltr'>instituuntur</span> <span class='ocrx_word' id='word_1_96' title='bbox 999 1276 1036 1338; x_wconf 80' lang='lat' dir='ltr'>ud</span> <span class='ocrx_word' id='word_1_97' title='bbox 1049 1276 1145 1358; x_wconf 81' lang='lat' dir='ltr'>ipsis;</span> 
     </span>
     <span class='ocr_line' id='line_1_13' title="bbox 166 1363 1148 1447; baseline 0 -19"><span class='ocrx_word' id='word_1_98' title='bbox 166 1366 219 1428; x_wconf 86' lang='lat' dir='ltr'>sed</span> <span class='ocrx_word' id='word_1_99' title='bbox 242 1365 315 1429; x_wconf 92' lang='lat' dir='ltr'>illud</span> <span class='ocrx_word' id='word_1_100' title='bbox 339 1385 399 1428; x_wconf 92' lang='lat' dir='ltr'>non</span> <span class='ocrx_word' id='word_1_101' title='bbox 422 1367 528 1447; x_wconf 84' lang='lat' dir='ltr'>prohat</span> <span class='ocrx_word' id='word_1_102' title='bbox 553 1384 614 1428; x_wconf 94' lang='lat' dir='ltr'>non</span> <span class='ocrx_word' id='word_1_103' title='bbox 635 1367 708 1427; x_wconf 89' lang='lat' dir='ltr'>alias</span> <span class='ocrx_word' id='word_1_104' title='bbox 721 1365 867 1428; x_wconf 73' lang='lat' dir='ltr'>exstitisse</span> <span class='ocrx_word' id='word_1_105' title='bbox 881 1363 1056 1446; x_wconf 75' lang='lat' dir='ltr'>parochias,</span> <span class='ocrx_word' id='word_1_106' title='bbox 1072 1382 1148 1446; x_wconf 84' lang='lat' dir='ltr'>qnae</span> 
     </span>
     <span class='ocr_line' id='line_1_14' title="bbox 168 1453 1145 1535; baseline -0.001 -21"><span class='ocrx_word' id='word_1_107' title='bbox 168 1472 229 1516; x_wconf 93' lang='lat' dir='ltr'>non</span> <span class='ocrx_word' id='word_1_108' title='bbox 239 1453 388 1516; x_wconf 87' lang='lat' dir='ltr'>dabanlur</span> <span class='ocrx_word' id='word_1_109' title='bbox 402 1455 433 1515; x_wconf 92' lang='lat' dir='ltr'>in</span> <span class='ocrx_word' id='word_1_110' title='bbox 447 1455 582 1528; x_wconf 79' lang='lat' dir='ltr'>tilulum,</span> <span class='ocrx_word' id='word_1_111' title='bbox 592 1453 718 1534; x_wconf 87' lang='lat' dir='ltr'>proinde</span> <span class='ocrx_word' id='word_1_112' title='bbox 729 1459 868 1535; x_wconf 83' lang='lat' dir='ltr'>polerant</span> <span class='ocrx_word' id='word_1_113' title='bbox 878 1453 1145 1516; x_wconf 86' lang='lat' dir='ltr'>esseamovibiles:</span> 
     </span>
     <span class='ocr_line' id='line_1_15' title="bbox 165 1544 501 1606; baseline 0.006 -2"><span class='ocrx_word' id='word_1_114' title='bbox 165 1544 209 1606; x_wconf 90' lang='lat' dir='ltr'>sic</span> <span class='ocrx_word' id='word_1_115' title='bbox 222 1544 425 1606; x_wconf 84' lang='lat' dir='ltr'>communiler</span> <span class='ocrx_word' id='word_1_116' title='bbox 439 1545 501 1606; x_wconf 86' lang='lat' dir='ltr'>DD.</span> 
     </span>
    </p>

    <p class='ocr_par' dir='ltr' id='par_1_5' title="bbox 164 1629 1149 1892">
     <span class='ocr_line' id='line_1_16' title="bbox 205 1629 1148 1712; baseline -0.002 -18"><span class='ocrx_word' id='word_1_117' title='bbox 205 1633 327 1696; x_wconf 73' lang='lat' dir='ltr'>Frustra</span> <span class='ocrx_word' id='word_1_118' title='bbox 342 1632 445 1694; x_wconf 85' lang='lat' dir='ltr'>itidem</span> <span class='ocrx_word' id='word_1_119' title='bbox 459 1633 492 1700; x_wconf 90' lang='lat' dir='ltr'>iu</span> <span class='ocrx_word' id='word_1_120' title='bbox 506 1633 690 1694; x_wconf 77' lang='lat' dir='ltr'>contrarium</span> <span class='ocrx_word' id='word_1_121' title='bbox 710 1636 914 1712; x_wconf 79' lang='lat' dir='ltr'>opponeretur</span> <span class='ocrx_word' id='word_1_122' title='bbox 930 1645 1028 1692; x_wconf 85' lang='lat' dir='ltr'>canon</span> <span class='ocrx_word' id='word_1_123' title='bbox 1041 1629 1148 1693; x_wconf 82' lang='lat' dir='ltr'>Sanc-</span> 
     </span>
     <span class='ocr_line' id='line_1_17' title="bbox 164 1718 1149 1802; baseline -0.001 -21"><span class='ocrx_word' id='word_1_124' title='bbox 164 1727 279 1796; x_wconf 69' lang='lat' dir='ltr'>torum,</span> <span class='ocrx_word' id='word_1_125' title='bbox 299 1721 369 1785; x_wconf 91' lang='lat' dir='ltr'>disl.</span> <span class='ocrx_word' id='word_1_126' title='bbox 384 1725 435 1793; x_wconf 79' lang='lat'>70,</span> <span class='ocrx_word' id='word_1_127' title='bbox 452 1723 482 1782; x_wconf 91' lang='lat' dir='ltr'>in</span> <span class='ocrx_word' id='word_1_128' title='bbox 498 1739 559 1802; x_wconf 91' lang='lat' dir='ltr'>quo</span> <span class='ocrx_word' id='word_1_129' title='bbox 572 1720 706 1800; x_wconf 81' lang='lat' dir='ltr'>legitur:</span> <span class='ocrx_word' id='word_1_130' title='bbox 725 1723 788 1780; x_wconf 77' lang='lat' dir='ltr'>«ln</span> <span class='ocrx_word' id='word_1_131' title='bbox 802 1720 864 1800; x_wconf 74' lang='lat' dir='ltr'>qul</span> <span class='ocrx_word' id='word_1_132' title='bbox 874 1718 1000 1781; x_wconf 72' lang='lat' dir='ltr'>ecclesii</span> <span class='ocrx_word' id='word_1_133' title='bbox 1014 1720 1084 1801; x_wconf 89' lang='lat' dir='ltr'>quis</span> <span class='ocrx_word' id='word_1_134' title='bbox 1094 1731 1149 1782; x_wconf 79' lang='lat' dir='ltr'>esr</span> 
     </span>
     <span class='ocr_line' id='line_1_18' title="bbox 170 1809 831 1892; baseline -0.002 -25"><span class='ocrx_word' id='word_1_135' title='bbox 170 1831 185 1867; x_wconf 78' lang='lat' dir='ltr'>u</span> <span class='ocrx_word' id='word_1_136' title='bbox 207 1809 359 1870; x_wconf 73' lang='lat' dir='ltr'>insulatus</span> <span class='ocrx_word' id='word_1_137' title='bbox 373 1809 404 1870; x_wconf 94' lang='lat' dir='ltr'>in</span> <span class='ocrx_word' id='word_1_138' title='bbox 419 1813 454 1871; x_wconf 76' lang='lat' dir='ltr'>ch</span> <span class='ocrx_word' id='word_1_139' title='bbox 462 1809 605 1892; x_wconf 82' lang='lat' dir='ltr'>perpetud</span> <span class='ocrx_word' id='word_1_140' title='bbox 618 1814 796 1890; x_wconf 85' lang='lat' dir='ltr'>perseveret.</span> <span class='ocrx_word' id='word_1_141' title='bbox 815 1830 831 1866; x_wconf 86' lang='lat' dir='ltr'>u</span> 
     </span>
    </p>

    <p class='ocr_par' dir='ltr' id='par_1_6' title="bbox 166 1894 1151 2245">
     <span class='ocr_line' id='line_1_19' title="bbox 207 1894 1150 1978; baseline 0.005 -22"><span class='ocrx_word' id='word_1_142' title='bbox 207 1899 251 1957; x_wconf 85' lang='lat' dir='ltr'>Ex</span> <span class='ocrx_word' id='word_1_143' title='bbox 267 1898 324 1958; x_wconf 82' lang='lat' dir='ltr'>islo</span> <span class='ocrx_word' id='word_1_144' title='bbox 338 1897 419 1959; x_wconf 91' lang='lat' dir='ltr'>enim</span> <span class='ocrx_word' id='word_1_145' title='bbox 432 1916 549 1960; x_wconf 86' lang='lat' dir='ltr'>cunone</span> <span class='ocrx_word' id='word_1_146' title='bbox 559 1899 640 1961; x_wconf 81' lang='lat' dir='ltr'>recle</span> <span class='ocrx_word' id='word_1_147' title='bbox 649 1896 772 1978; x_wconf 87' lang='lat' dir='ltr'>quidem</span> <span class='ocrx_word' id='word_1_148' title='bbox 783 1894 922 1958; x_wconf 90' lang='lat' dir='ltr'>concludi</span> <span class='ocrx_word' id='word_1_149' title='bbox 937 1901 1033 1976; x_wconf 85' lang='lat' dir='ltr'>polest</span> <span class='ocrx_word' id='word_1_150' title='bbox 1044 1901 1150 1960; x_wconf 91' lang='lat' dir='ltr'>nemi-</span> 
     </span>
     <span class='ocr_line' id='line_1_20' title="bbox 168 1984 1151 2067; baseline 0.006 -21"><span class='ocrx_word' id='word_1_151' title='bbox 168 2003 240 2046; x_wconf 82' lang='lat' dir='ltr'>nem</span> <span class='ocrx_word' id='word_1_152' title='bbox 254 2003 319 2048; x_wconf 84' lang='lat' dir='ltr'>esse</span> <span class='ocrx_word' id='word_1_153' title='bbox 331 1985 533 2050; x_wconf 84' lang='lat' dir='ltr'>ordinandum</span> <span class='ocrx_word' id='word_1_154' title='bbox 545 1988 611 2048; x_wconf 78' lang='lat' dir='ltr'>sind</span> <span class='ocrx_word' id='word_1_155' title='bbox 622 1986 706 2048; x_wconf 80' lang='lat' dir='ltr'>tilulo</span> <span class='ocrx_word' id='word_1_156' title='bbox 718 1991 874 2067; x_wconf 87' lang='lat' dir='ltr'>perpeluo,</span> <span class='ocrx_word' id='word_1_157' title='bbox 886 1984 1013 2065; x_wconf 88' lang='lat' dir='ltr'>proinde</span> <span class='ocrx_word' id='word_1_158' title='bbox 1024 1992 1151 2052; x_wconf 85' lang='lat' dir='ltr'>cxslare</span> 
     </span>
     <span class='ocr_line' id='line_1_21' title="bbox 166 2073 1149 2156; baseline 0.003 -22"><span class='ocrx_word' id='word_1_159' title='bbox 166 2075 267 2136; x_wconf 86' lang='lat' dir='ltr'>lilulos</span> <span class='ocrx_word' id='word_1_160' title='bbox 280 2082 458 2156; x_wconf 88' lang='lat' dir='ltr'>perpeluos;</span> <span class='ocrx_word' id='word_1_161' title='bbox 473 2076 526 2137; x_wconf 90' lang='lat' dir='ltr'>sed</span> <span class='ocrx_word' id='word_1_162' title='bbox 542 2075 618 2136; x_wconf 74' lang='lat' dir='ltr'>male</span> <span class='ocrx_word' id='word_1_163' title='bbox 639 2074 748 2136; x_wconf 88' lang='lat' dir='ltr'>exinde</span> <span class='ocrx_word' id='word_1_164' title='bbox 766 2073 997 2136; x_wconf 81' lang='lat' dir='ltr'>concluderetur</span> <span class='ocrx_word' id='word_1_165' title='bbox 1014 2091 1149 2138; x_wconf 89' lang='lat' dir='ltr'>onmem</span> 
     </span>
     <span class='ocr_line' id='line_1_22' title="bbox 166 2162 789 2245; baseline 0.002 -22"><span class='ocrx_word' id='word_1_166' title='bbox 166 2162 286 2226; x_wconf 80' lang='lat' dir='ltr'>tilulum</span> <span class='ocrx_word' id='word_1_167' title='bbox 301 2164 503 2245; x_wconf 86' lang='lat' dir='ltr'>parochialem</span> <span class='ocrx_word' id='word_1_168' title='bbox 517 2181 582 2225; x_wconf 85' lang='lat' dir='ltr'>esse</span> <span class='ocrx_word' id='word_1_169' title='bbox 597 2169 789 2243; x_wconf 79' lang='lat' dir='ltr'>perpetuum.</span> 
     </span>
    </p>

    <p class='ocr_par' dir='ltr' id='par_1_7' title="bbox 164 2248 1151 2669">
     <span class='ocr_line' id='line_1_23' title="bbox 203 2248 1148 2333; baseline 0 -19"><span class='ocrx_word' id='word_1_170' title='bbox 203 2253 278 2314; x_wconf 88' lang='lat' dir='ltr'>Item</span> <span class='ocrx_word' id='word_1_171' title='bbox 292 2251 415 2333; x_wconf 85' lang='lat' dir='ltr'>quando</span> <span class='ocrx_word' id='word_1_172' title='bbox 426 2252 535 2314; x_wconf 74' lang='lat' dir='ltr'>dicitur</span> <span class='ocrx_word' id='word_1_173' title='bbox 544 2253 575 2312; x_wconf 93' lang='lat' dir='ltr'>in</span> <span class='ocrx_word' id='word_1_174' title='bbox 585 2268 700 2314; x_wconf 88' lang='lat' dir='ltr'>canone</span> <span class='ocrx_word' id='word_1_175' title='bbox 714 2248 796 2313; x_wconf 80' lang='lat' dir='ltr'>Satis</span> <span class='ocrx_word' id='word_1_176' title='bbox 805 2267 986 2332; x_wconf 81' lang='lat' dir='ltr'>perversum,</span> <span class='ocrx_word' id='word_1_177' title='bbox 998 2249 1067 2312; x_wconf 86' lang='lat' dir='ltr'>dist.</span> <span class='ocrx_word' id='word_1_178' title='bbox 1078 2253 1148 2316; x_wconf 76' lang='lat'>56:</span> 
     </span>
     <span class='ocr_line' id='line_1_24' title="bbox 168 2338 1151 2422; baseline 0.002 -22"><span class='ocrx_word' id='word_1_179' title='bbox 168 2362 184 2400; x_wconf 80' lang='grc' dir='ltr'>ι</span> <span class='ocrx_word' id='word_1_180' title='bbox 204 2343 270 2404; x_wconf 88' lang='lat' dir='ltr'>Non</span> <span class='ocrx_word' id='word_1_181' title='bbox 286 2342 374 2403; x_wconf 88' lang='lat' dir='ltr'>dehet</span> <span class='ocrx_word' id='word_1_182' title='bbox 394 2341 462 2422; x_wconf 90' lang='lat' dir='ltr'>quis</span> <span class='ocrx_word' id='word_1_183' title='bbox 476 2341 540 2402; x_wconf 80' lang='lat' dir='ltr'>sine</span> <span class='ocrx_word' id='word_1_184' title='bbox 552 2341 641 2421; x_wconf 76' lang='lat' dir='ltr'>culpo</span> <span class='ocrx_word' id='word_1_185' title='bbox 655 2339 804 2401; x_wconf 87' lang='lat' dir='ltr'>beneficio</span> <span class='ocrx_word' id='word_1_186' title='bbox 818 2338 925 2418; x_wconf 87' lang='lat' dir='ltr'>privari</span> <span class='ocrx_word' id='word_1_187' title='bbox 939 2359 970 2416; x_wconf 79' lang='lat' dir='ltr'>r,</span> <span class='ocrx_word' id='word_1_188' title='bbox 983 2338 1040 2400; x_wconf 92' lang='lat' dir='ltr'>hoc</span> <span class='ocrx_word' id='word_1_189' title='bbox 1052 2338 1151 2404; x_wconf 89' lang='lat' dir='ltr'>inlel-</span> 
     </span>
     <span class='ocr_line' id='line_1_25' title="bbox 166 2428 1148 2510; baseline 0.003 -21"><span class='ocrx_word' id='word_1_190' title='bbox 166 2429 320 2510; x_wconf 82' lang='lat' dir='ltr'>ligendum</span> <span class='ocrx_word' id='word_1_191' title='bbox 341 2437 385 2490; x_wconf 87' lang='lat' dir='ltr'>esl</span> <span class='ocrx_word' id='word_1_192' title='bbox 406 2429 444 2490; x_wconf 92' lang='lat' dir='ltr'>de</span> <span class='ocrx_word' id='word_1_193' title='bbox 465 2429 621 2492; x_wconf 81' lang='lat' dir='ltr'>beneficiis</span> <span class='ocrx_word' id='word_1_194' title='bbox 642 2429 762 2510; x_wconf 77' lang='lat' dir='ltr'>proprie</span> <span class='ocrx_word' id='word_1_195' title='bbox 785 2428 873 2489; x_wconf 70' lang='lat' dir='ltr'>dictis</span> <span class='ocrx_word' id='word_1_196' title='bbox 893 2445 946 2490; x_wconf 90' lang='lat' dir='ltr'>seu</span> <span class='ocrx_word' id='word_1_197' title='bbox 967 2429 1148 2508; x_wconf 82' lang='lat' dir='ltr'>perpetuis,</span> 
     </span>
     <span class='ocr_line' id='line_1_26' title="bbox 164 2515 1150 2600; baseline 0.002 -20"><span class='ocrx_word' id='word_1_198' title='bbox 164 2520 300 2598; x_wconf 75' lang='lat' dir='ltr'>quamvis</span> <span class='ocrx_word' id='word_1_199' title='bbox 313 2517 452 2600; x_wconf 85' lang='lat' dir='ltr'>quaedam</span> <span class='ocrx_word' id='word_1_200' title='bbox 473 2519 532 2578; x_wconf 90' lang='lat' dir='ltr'>sinl</span> <span class='ocrx_word' id='word_1_201' title='bbox 545 2517 601 2579; x_wconf 86' lang='lat' dir='ltr'>alia</span> <span class='ocrx_word' id='word_1_202' title='bbox 615 2517 786 2580; x_wconf 86' lang='lat' dir='ltr'>amovihilla</span> <span class='ocrx_word' id='word_1_203' title='bbox 809 2515 919 2598; x_wconf 88' lang='lat' dir='ltr'>quihus</span> <span class='ocrx_word' id='word_1_204' title='bbox 940 2517 1046 2597; x_wconf 88' lang='lat' dir='ltr'>privari</span> <span class='ocrx_word' id='word_1_205' title='bbox 1068 2537 1150 2598; x_wconf 88' lang='lat' dir='ltr'>pos-</span> 
     </span>
     <span class='ocr_line' id='line_1_27' title="bbox 165 2607 394 2669; baseline 0 -1"><span class='ocrx_word' id='word_1_206' title='bbox 165 2614 234 2669; x_wconf 78' lang='lat' dir='ltr'>sunt</span> <span class='ocrx_word' id='word_1_207' title='bbox 251 2607 394 2668; x_wconf 84' lang='lat' dir='ltr'>lilulares.</span> 
     </span>
    </p>

    <p class='ocr_par' dir='ltr' id='par_1_8' title="bbox 163 2691 1151 3042">
     <span class='ocr_line' id='line_1_28' title="bbox 204 2691 1148 2778; baseline 0.004 -23"><span class='ocrx_word' id='word_1_208' title='bbox 204 2694 328 2757; x_wconf 84' lang='lat' dir='ltr'>Praelala</span> <span class='ocrx_word' id='word_1_209' title='bbox 342 2694 543 2776; x_wconf 77' lang='lat' dir='ltr'>parochorum</span> <span class='ocrx_word' id='word_1_210' title='bbox 560 2701 773 2778; x_wconf 84' lang='lat' dir='ltr'>perpetuorum</span> <span class='ocrx_word' id='word_1_211' title='bbox 788 2700 818 2756; x_wconf 90' lang='lat' dir='ltr'>el</span> <span class='ocrx_word' id='word_1_212' title='bbox 831 2691 1038 2756; x_wconf 86' lang='lat' dir='ltr'>amoribilium</span> <span class='ocrx_word' id='word_1_213' title='bbox 1057 2694 1148 2759; x_wconf 88' lang='lat' dir='ltr'>divi—</span> 
     </span>
     <span class='ocr_line' id='line_1_29' title="bbox 164 2781 1151 2865; baseline 0.007 -23"><span class='ocrx_word' id='word_1_214' title='bbox 164 2785 220 2858; x_wconf 87' lang='lat' dir='ltr'>sio,</span> <span class='ocrx_word' id='word_1_215' title='bbox 233 2782 399 2863; x_wconf 86' lang='lat' dir='ltr'>praescrtim</span> <span class='ocrx_word' id='word_1_216' title='bbox 413 2783 492 2863; x_wconf 91' lang='lat' dir='ltr'>apud</span> <span class='ocrx_word' id='word_1_217' title='bbox 508 2801 563 2844; x_wconf 89' lang='lat' dir='ltr'>nos</span> <span class='ocrx_word' id='word_1_218' title='bbox 576 2785 675 2846; x_wconf 91' lang='lat' dir='ltr'>locum</span> <span class='ocrx_word' id='word_1_219' title='bbox 686 2783 774 2845; x_wconf 86' lang='lat' dir='ltr'>habet</span> <span class='ocrx_word' id='word_1_220' title='bbox 789 2801 796 2843; x_wconf 93' lang='lat'><strong>:</strong></span> <span class='ocrx_word' id='word_1_221' title='bbox 811 2783 843 2844; x_wconf 91' lang='lat' dir='ltr'>iu</span> <span class='ocrx_word' id='word_1_222' title='bbox 857 2782 950 2843; x_wconf 79' lang='lat' dir='ltr'>Gallid</span> <span class='ocrx_word' id='word_1_223' title='bbox 960 2781 1041 2844; x_wconf 88' lang='lat' dir='ltr'>enim</span> <span class='ocrx_word' id='word_1_224' title='bbox 1054 2784 1151 2865; x_wconf 83' lang='lat' dir='ltr'>Epis-</span> 
     </span>
     <span class='ocr_line' id='line_1_30' title="bbox 164 2870 1147 2952; baseline 0.005 -20"><span class='ocrx_word' id='word_1_225' title='bbox 164 2871 230 2951; x_wconf 89' lang='lat' dir='ltr'>copi</span> <span class='ocrx_word' id='word_1_226' title='bbox 241 2871 580 2935; x_wconf 80' lang='lat' dir='ltr'>seseaccummoderunr</span> <span class='ocrx_word' id='word_1_227' title='bbox 591 2871 725 2934; x_wconf 76' lang='lat' dir='ltr'>articulis</span> <span class='ocrx_word' id='word_1_228' title='bbox 739 2874 778 2934; x_wconf 89' lang='grc'>60</span> <span class='ocrx_word' id='word_1_229' title='bbox 791 2877 821 2933; x_wconf 86' lang='lat' dir='ltr'>el</span> <span class='ocrx_word' id='word_1_230' title='bbox 831 2873 866 2935; x_wconf 81' lang='grc'>61</span> <span class='ocrx_word' id='word_1_231' title='bbox 881 2870 954 2951; x_wconf 83' lang='lat' dir='ltr'>legis</span> <span class='ocrx_word' id='word_1_232' title='bbox 968 2870 1147 2952; x_wconf 82' lang='lat' dir='ltr'>Organicae‚</span> 
     </span>
     <span class='ocr_line' id='line_1_31' title="bbox 163 2959 1036 3042; baseline 0.001 -22"><span class='ocrx_word' id='word_1_233' title='bbox 163 2968 192 3020; x_wconf 86' lang='lat' dir='ltr'>el</span> <span class='ocrx_word' id='word_1_234' title='bbox 205 2959 318 3040; x_wconf 89' lang='lat' dir='ltr'>ubique</span> <span class='ocrx_word' id='word_1_235' title='bbox 332 2969 451 3022; x_wconf 87' lang='lat' dir='ltr'>curalos</span> <span class='ocrx_word' id='word_1_236' title='bbox 464 2961 621 3042; x_wconf 82' lang='lat' dir='ltr'>utriusque</span> <span class='ocrx_word' id='word_1_237' title='bbox 634 2960 815 3023; x_wconf 79' lang='lat' dir='ltr'>conditionis</span> <span class='ocrx_word' id='word_1_238' title='bbox 833 2959 1036 3022; x_wconf 75' lang='lat' dir='ltr'>instituerunt.</span> 
     </span>
    </p>

    <p class='ocr_par' dir='ltr' id='par_1_9' title="bbox 160 3049 1147 3748">
     <span class='ocr_line' id='line_1_32' title="bbox 203 3049 1147 3132; baseline 0.007 -24"><span class='ocrx_word' id='word_1_239' title='bbox 203 3049 297 3130; x_wconf 83' lang='lat' dir='ltr'>lgilur</span> <span class='ocrx_word' id='word_1_240' title='bbox 312 3049 434 3130; x_wconf 80' lang='lat' dir='ltr'>quando</span> <span class='ocrx_word' id='word_1_241' title='bbox 456 3049 534 3111; x_wconf 84' lang='lat' dir='ltr'>tituli</span> <span class='ocrx_word' id='word_1_242' title='bbox 554 3049 739 3130; x_wconf 87' lang='lat' dir='ltr'>parochiales</span> <span class='ocrx_word' id='word_1_243' title='bbox 759 3049 806 3111; x_wconf 86' lang='lat' dir='ltr'>vel</span> <span class='ocrx_word' id='word_1_244' title='bbox 821 3049 871 3109; x_wconf 87' lang='lat' dir='ltr'>alii</span> <span class='ocrx_word' id='word_1_245' title='bbox 915 3055 987 3110; x_wconf 89' lang='lat' dir='ltr'>suut</span> <span class='ocrx_word' id='word_1_246' title='bbox 1000 3055 1147 3132; x_wconf 74' lang='lat' dir='ltr'>perpetui</span> 
     </span>
     <span class='ocr_line' id='line_1_33' title="bbox 162 3137 1146 3219; baseline 0.006 -21"><span class='ocrx_word' id='word_1_247' title='bbox 162 3154 215 3198; x_wconf 91' lang='lat' dir='ltr'>seu</span> <span class='ocrx_word' id='word_1_248' title='bbox 240 3138 471 3214; x_wconf 86' lang='lat' dir='ltr'>inamovibiles,</span> <span class='ocrx_word' id='word_1_249' title='bbox 496 3144 630 3200; x_wconf 89' lang='lat' dir='ltr'>reclores</span> <span class='ocrx_word' id='word_1_250' title='bbox 656 3137 729 3219; x_wconf 90' lang='lat' dir='ltr'>ipsis</span> <span class='ocrx_word' id='word_1_251' title='bbox 756 3142 913 3218; x_wconf 83' lang='lat' dir='ltr'>nequeunt</span> <span class='ocrx_word' id='word_1_252' title='bbox 943 3137 1052 3218; x_wconf 88' lang='lat' dir='ltr'>privari</span> <span class='ocrx_word' id='word_1_253' title='bbox 1079 3140 1146 3204; x_wconf 87' lang='lat' dir='ltr'>nisi</span> 
     </span>
     <span class='ocr_line' id='line_1_34' title="bbox 162 3224 1142 3307; baseline 0.006 -20"><span class='ocrx_word' id='word_1_254' title='bbox 162 3235 284 3307; x_wconf 86' lang='lat' dir='ltr'>propter</span> <span class='ocrx_word' id='word_1_255' title='bbox 297 3228 418 3290; x_wconf 78' lang='lat' dir='ltr'>causam</span> <span class='ocrx_word' id='word_1_256' title='bbox 433 3243 564 3307; x_wconf 82' lang='lat' dir='ltr'>gravem,</span> <span class='ocrx_word' id='word_1_257' title='bbox 575 3229 737 3299; x_wconf 80' lang='lat' dir='ltr'>notorium,</span> <span class='ocrx_word' id='word_1_258' title='bbox 753 3231 784 3288; x_wconf 87' lang='lat' dir='ltr'>el</span> <span class='ocrx_word' id='word_1_259' title='bbox 796 3231 913 3288; x_wconf 81' lang='lat' dir='ltr'>servulo</span> <span class='ocrx_word' id='word_1_260' title='bbox 924 3224 1002 3306; x_wconf 86' lang='lat' dir='ltr'>juris</span> <span class='ocrx_word' id='word_1_261' title='bbox 1016 3225 1142 3293; x_wconf 88' lang='lat' dir='ltr'>ordine.</span> 
     </span>
     <span class='ocr_line' id='line_1_35' title="bbox 161 3313 1143 3396; baseline 0.004 -22"><span class='ocrx_word' id='word_1_262' title='bbox 161 3315 204 3375; x_wconf 83' lang='lat' dir='ltr'>lta</span> <span class='ocrx_word' id='word_1_263' title='bbox 215 3333 283 3376; x_wconf 87' lang='lat' dir='ltr'>ean.</span> <span class='ocrx_word' id='word_1_264' title='bbox 297 3316 450 3377; x_wconf 84' lang='lat' dir='ltr'>Inventum</span> <span class='ocrx_word' id='word_1_265' title='bbox 464 3318 513 3388; x_wconf 85' lang='lat'>38,</span> <span class='ocrx_word' id='word_1_266' title='bbox 530 3333 620 3378; x_wconf 84' lang='lat' dir='ltr'>causa</span> <span class='ocrx_word' id='word_1_267' title='bbox 636 3319 684 3392; x_wconf 81' lang='lat' dir='ltr'>lo,</span> <span class='ocrx_word' id='word_1_268' title='bbox 701 3333 732 3396; x_wconf 87' lang='lat' dir='ltr'>q.</span> <span class='ocrx_word' id='word_1_269' title='bbox 746 3319 777 3390; x_wconf 80' lang='lat'>7,</span> <span class='ocrx_word' id='word_1_270' title='bbox 793 3313 967 3376; x_wconf 82' lang='lat' dir='ltr'>ubidicitur</span> <span class='ocrx_word' id='word_1_271' title='bbox 981 3331 989 3375; x_wconf 79' lang='lat' dir='ltr'>r</span> <span class='ocrx_word' id='word_1_272' title='bbox 1009 3315 1143 3388; x_wconf 73' lang='lat' dir='ltr'>«Quam</span> 
     </span>
     <span class='ocr_line' id='line_1_36' title="bbox 164 3402 1144 3485; baseline 0.01 -25"><span class='ocrx_word' id='word_1_273' title='bbox 164 3421 180 3460; x_wconf 79' lang='lat' dir='ltr'>r</span> <span class='ocrx_word' id='word_1_274' title='bbox 200 3403 380 3481; x_wconf 81' lang='lat' dir='ltr'>Ecclesiam,</span> <span class='ocrx_word' id='word_1_275' title='bbox 403 3405 427 3464; x_wconf 91' lang='lat' dir='ltr'>si</span> <span class='ocrx_word' id='word_1_276' title='bbox 447 3405 527 3482; x_wconf 78' lang='lat' dir='ltr'>jusle</span> <span class='ocrx_word' id='word_1_277' title='bbox 540 3403 666 3485; x_wconf 85' lang='lat' dir='ltr'>adeptus</span> <span class='ocrx_word' id='word_1_278' title='bbox 682 3403 786 3479; x_wconf 85' lang='lat' dir='ltr'>luerit,</span> <span class='ocrx_word' id='word_1_279' title='bbox 806 3402 903 3478; x_wconf 87' lang='lat' dir='ltr'>hanc,</span> <span class='ocrx_word' id='word_1_280' title='bbox 918 3402 1040 3464; x_wconf 88' lang='lat' dir='ltr'>nonnisi</span> <span class='ocrx_word' id='word_1_281' title='bbox 1054 3409 1144 3485; x_wconf 84' lang='lat' dir='ltr'>gravi</span> 
     </span>
     <span class='ocr_line' id='line_1_37' title="bbox 164 3491 1145 3573; baseline 0.009 -25"><span class='ocrx_word' id='word_1_282' title='bbox 164 3509 179 3548; x_wconf 77' lang='lat' dir='ltr'>r</span> <span class='ocrx_word' id='word_1_283' title='bbox 199 3491 289 3571; x_wconf 74' lang='lat' dir='ltr'>culpi</span> <span class='ocrx_word' id='word_1_284' title='bbox 303 3494 372 3564; x_wconf 75' lang='lat' dir='ltr'>sua,</span> <span class='ocrx_word' id='word_1_285' title='bbox 388 3498 419 3553; x_wconf 82' lang='lat' dir='ltr'>et</span> <span class='ocrx_word' id='word_1_286' title='bbox 431 3510 534 3554; x_wconf 87' lang='lat' dir='ltr'>coram</span> <span class='ocrx_word' id='word_1_287' title='bbox 546 3492 711 3573; x_wconf 87' lang='lat' dir='ltr'>Episcopo,</span> <span class='ocrx_word' id='word_1_288' title='bbox 724 3491 871 3553; x_wconf 71' lang='lat' dir='ltr'>canonico</span> <span class='ocrx_word' id='word_1_289' title='bbox 885 3491 1039 3554; x_wconf 75' lang='lat' dir='ltr'>severitate</span> <span class='ocrx_word' id='word_1_290' title='bbox 1053 3494 1145 3558; x_wconf 87' lang='lat' dir='ltr'>amil-</span> 
     </span>
     <span class='ocr_line' id='line_1_38' title="bbox 164 3579 1145 3662; baseline 0.006 -24"><span class='ocrx_word' id='word_1_291' title='bbox 164 3599 180 3638; x_wconf 81' lang='grc' dir='ltr'>ι</span> <span class='ocrx_word' id='word_1_292' title='bbox 199 3584 251 3640; x_wconf 80' lang='lat' dir='ltr'>iat.</span> <span class='ocrx_word' id='word_1_293' title='bbox 266 3601 281 3638; x_wconf 84' lang='lat' dir='ltr'>u</span> <span class='ocrx_word' id='word_1_294' title='bbox 296 3581 369 3642; x_wconf 89' lang='lat' dir='ltr'>llem</span> <span class='ocrx_word' id='word_1_295' title='bbox 384 3597 450 3660; x_wconf 85' lang='lat' dir='ltr'>cap.</span> <span class='ocrx_word' id='word_1_296' title='bbox 465 3579 664 3662; x_wconf 81' lang='lat' dir='ltr'>Conquerente</span> <span class='ocrx_word' id='word_1_297' title='bbox 676 3584 707 3654; x_wconf 79' lang='lat'>7,</span> <span class='ocrx_word' id='word_1_298' title='bbox 720 3579 764 3641; x_wconf 85' lang='lat' dir='ltr'>De</span> <span class='ocrx_word' id='word_1_299' title='bbox 772 3579 903 3642; x_wconf 82' lang='lat' dir='ltr'>restitut.</span> <span class='ocrx_word' id='word_1_300' title='bbox 917 3579 1005 3660; x_wconf 74' lang='lat' dir='ltr'>spol,</span> <span class='ocrx_word' id='word_1_301' title='bbox 1022 3581 1055 3642; x_wconf 89' lang='lat' dir='ltr'>in</span> <span class='ocrx_word' id='word_1_302' title='bbox 1073 3601 1145 3662; x_wconf 87' lang='lat' dir='ltr'>quo</span> 
     </span>
     <span class='ocr_line' id='line_1_39' title="bbox 160 3664 1143 3748; baseline 0.007 -21"><span class='ocrx_word' id='word_1_303' title='bbox 160 3664 268 3747; x_wconf 77' lang='lat' dir='ltr'>legitur</span> <span class='ocrx_word' id='word_1_304' title='bbox 290 3685 298 3728; x_wconf 78' lang='grc' dir='ltr'><em>τ</em></span> <span class='ocrx_word' id='word_1_305' title='bbox 320 3669 419 3730; x_wconf 77' lang='lat' dir='ltr'>«Non</span> <span class='ocrx_word' id='word_1_306' title='bbox 438 3668 561 3730; x_wconf 87' lang='lat' dir='ltr'>decet...</span> <span class='ocrx_word' id='word_1_307' title='bbox 584 3668 709 3730; x_wconf 90' lang='lat' dir='ltr'>clericos</span> <span class='ocrx_word' id='word_1_308' title='bbox 727 3673 787 3729; x_wconf 82' lang='lat' dir='ltr'>lure</span> <span class='ocrx_word' id='word_1_309' title='bbox 807 3667 1044 3748; x_wconf 86' lang='lat' dir='ltr'>jurisdictionis,</span> <span class='ocrx_word' id='word_1_310' title='bbox 1068 3671 1143 3735; x_wconf 75' lang='lat' dir='ltr'>sine</span> 
     </span>
    </p>

    <p class='ocr_par' dir='ltr' id='par_1_10' title="bbox 164 3754 1137 3835">
     <span class='ocr_line' id='line_1_40' title="bbox 164 3754 1137 3835; baseline 0.007 -24"><span class='ocrx_word' id='word_1_311' title='bbox 164 3776 179 3811; x_wconf 80' lang='grc' dir='ltr'>ι</span> <span class='ocrx_word' id='word_1_312' title='bbox 200 3754 359 3835; x_wconf 74' lang='lat' dir='ltr'>munisesld</span> <span class='ocrx_word' id='word_1_313' title='bbox 373 3755 459 3816; x_wconf 75' lang='lat' dir='ltr'>causei</span> <span class='ocrx_word' id='word_1_314' title='bbox 472 3765 499 3818; x_wconf 83' lang='lat' dir='ltr'>et</span> <span class='ocrx_word' id='word_1_315' title='bbox 510 3755 699 3834; x_wconf 80' lang='lat' dir='ltr'>rationabili,</span> <span class='ocrx_word' id='word_1_316' title='bbox 714 3756 774 3816; x_wconf 80' lang='lat' dir='ltr'>suis</span> <span class='ocrx_word' id='word_1_317' title='bbox 789 3755 936 3829; x_wconf 75' lang='lat' dir='ltr'>beneficiis</span> <span class='ocrx_word' id='word_1_318' title='bbox 949 3755 1091 3835; x_wconf 79' lang='lat' dir='ltr'>spoliare.</span> <span class='ocrx_word' id='word_1_319' title='bbox 1118 3783 1137 3818; x_wconf 76' lang='lat' dir='ltr'>o</span> 
     </span>
    </p>
   </div>
   <div class='ocr_carea' id='block_1_3' title="bbox 0 0 1286 4224">
    <p class='ocr_par' dir='ltr' id='par_1_11' title="bbox 0 0 1286 4224">
     <span class='ocr_line' id='line_1_41' title="bbox 0 0 1286 4224; baseline 0 5"><span class='ocrx_word' id='word_1_320' title='bbox 0 0 1286 4224; x_wconf 95' lang='lat' dir='ltr'> </span> 
     </span>
    </p>
   </div>
  </div>
 </body>
</html>
