2616 4228
222 313 257 368 6-1
492 322 642 368 anatinam
665 318 749 363 runis
770 313 920 362 cantuum.

222 437 355 482 canones
370 437 405 480 ex
421 419 532 499 quibus
546 417 709 479 efformatae
728 414 813 477 luere
831 413 956 474 diversae
968 411 1046 490 juris
1063 413 1206 474 canonici

222 507 429 570 collectiones,

263 599 306 658 De
315 597 465 677 plerisque
475 595 549 656 nihil
559 594 696 656 dicemus
706 593 737 654 in
748 587 1066 670 hocCompendio:de
1079 590 1203 669 quibus,

223 687 247 747 si
272 686 370 760 lubet,
393 685 461 748 vide
491 692 628 746 nostrum
655 679 815 757 Manuale,
838 681 911 740 110ο
937 681 1004 738 lit.
1028 677 1206 758 Loquemur

221 775 340 836 tantiam
354 794 362 840 :

681 889 741 968 §1-

226 1035 267 1096 De
277 1033 389 1095 Isidori
403 1032 578 1094 Mercatorr's
594 1029 772 1094 Colleetr‘one
785 1037 814 1090 et
827 1028 861 1090 de
873 1027 972 1090 Falsis
987 1026 1194 1088 Demetalibus

603 1153 680 1194 noae
700 1133 816 1195 soeealo.

266 1313 334 1370 tha.
356 1309 488 1372 Celebris
510 1309 601 1370 evasit
616 1307 666 1371 illa
680 1307 833 1382 cullecha,
849 1305 889 1368 ob
905 1306 1104 1368 insertionem
1125 1305 1157 1366 in
1172 1305 1205 1366 01

226 1397 332 1460 iactam
349 1399 511 1460 multarum
529 1397 670 1460 salsarum
689 1395 895 1458 decretalium.
911 1396 1015 1456 Plures
1029 1395 1160 1456 enimin
1172 1398 1206 1456 eh

224 1487 415 1568 reperiuntur
435 1488 539 1548 litterar
555 1487 708 1548 evidenter
720 1484 915 1567 supposititiae
929 1487 980 1546 SS.
1000 1485 1204 1558 Pontificum,

224 1577 242 1639 11
263 1578 292 1638 S.
311 1577 465 1638 Clemente
481 1594 576 1656 usque
592 1575 629 1637 ad
649 1577 679 1636 S.
703 1575 898 1655 Sylvestrum.
916 1575 990 1635 Item
1006 1573 1208 1636 Pontilicibus

225 1665 478 1746 subsequentibus
493 1685 590 1746 usque
609 1665 646 1726 ad
670 1667 700 1726 S.
718 1664 897 1744 Gregorium
913 1665 1074 1742 Magnum,
1103 1663 1207 1742 plures

225 1755 289 1816 aliae
303 1755 523 1829 attribuuntur,
538 1755 575 1816 de
592 1754 702 1835 quibus
724 1751 805 1815 nulla
829 1751 904 1813 lacta
923 1751 1019 1813 luerat
1042 1753 1161 1812 mentio
1175 1753 1206 1813 iu

224 1844 340 1904 caeteris
354 1842 591 1913 collectionibus
605 1843 677 1904 etin
693 1842 804 1922 quihus
819 1841 1012 1903 inveniuntur
1024 1841 1122 1902 multa
1132 1841 1206 1903 indi·

225 1931 271 1992 cia
285 1931 430 1992 falsitatis.

264 2020 404 2081 Collectio
418 2025 519 2082 tamen
533 2019 586 2080 ista
601 2024 721 2098 accepta
731 2017 798 2094 luit,
816 2018 939 2080 nemine
954 2018 1092 2078 fraudem
1105 2021 1203 2100 suspi-

224 2115 311 2172 cante
326 2128 332 2168 :
348 2109 484 2189 quamvis
503 2109 586 2169 enim
604 2108 785 2170 Hincmarus
800 2107 879 2168 visus
901 2107 989 2168 luerit
1015 2126 1077 2166 non
1093 2109 1204 2169 admit·

226 2205 286 2260 tere
301 2197 507 2260 auctoritatem
530 2197 726 2259 decretalium
744 2197 857 2277 quaein
880 2195 1055 2257 collectione
1071 2195 1208 2258 Adrr'und

225 2305 278 2350 seu
296 2287 401 2352 Codice
416 2305 568 2348 canonum
585 2306 645 2348 000
661 2286 904 2367 reperiebantur,
923 2303 1081 2366 nunquam
1102 2293 1207 2348 tamen

225 2376 297 2438 dixit
311 2377 375 2438 illas
392 2375 508 2437 fictitias
521 2393 601 2451 esse;
618 2376 679 2436 imo
693 2380 782 2456 prout
797 2374 824 2435 ei
839 2373 998 2452 objiciebat
1013 2373 1159 2436 Nicotaus
1174 2377 1203 2448 I,

225 2465 283 2526 illis
310 2465 510 2527 decretalibus
540 2465 679 2526 utebatur
714 2463 896 2524 Hincmarus
926 2463 957 2522 in
990 2463 1026 2523 iis
1052 2481 1124 2542 quae
1150 2464 1205 2525 sibi

209 2554 372 2621 ,favebant

263 2643 306 2703 ita
324 2648 426 2702 autem
447 2641 570 2702 invaluit
593 2639 775 2720 impostura,
797 2646 831 2703 ut
849 2639 1068 2720 subsequentes
1090 2642 1205 2706 collec‹

224 2737 304 2792 tores
318 2729 495 2797 Buchardus
516 2745 642 2810 nempe,
658 2729 689 2790 S.
706 2729 770 2791 Yvo
786 2729 980 2790 carnutensis
995 2733 1024 2788 01
1038 2732 1207 2807 praesertim

225 2820 402 2893 Gratianus,
420 2837 489 2880 suas
503 2817 602 2879 fecere
617 2817 682 2880 illas
696 2817 784 2879 falsas
798 2817 979 2888 decretales,
997 2817 1071 2896 quin
1095 2819 1207 2883 exhinc

224 2907 285 2968 ulla
307 2907 480 2968 reclamatio
504 2913 607 2968 exorta
629 2906 719 2968 fuerit
743 2906 892 2988 usquead
915 2905 1071 2966 dimidiam
1088 2915 1207 2986 partem

224 2995 335 3058 decimi
349 2995 446 3076 quinti
463 2996 576 3058 saeculi.
886 2998 889 3004 '

264 3085 383 3146 Primus
398 3085 537 3147 omnium
553 3084 640 3146 Card.
657 3084 798 3148 Nicolatts
813 3085 966 3162 (insanus,
983 3085 1062 3146 circa
1086 3103 1207 3150 annum

224 3178 313 3252 1150,
328 3182 360 3236 01
375 3183 528 3255 suspectas
542 3175 727 3237 denuntiarit
742 3193 749 3234 τ
764 3173 844 3234 idem
860 3173 954 3235 sensit
972 3177 1128 3236 Erasmus
1147 3177 1207 3239 Eas

223 3264 401 3344 rejiciendas
422 3282 487 3326 esse
508 3264 649 3325 dixerunt
671 3262 893 3326 centuriatores
907 3263 1203 3343 Magdeburgenses;

223 3358 253 3413 01
266 3355 404 3433 quamvis
418 3371 470 3414 eos
484 3353 641 3416 confutare
655 3351 812 3414 tentaverit
826 3352 1005 3413 Franciscus
1019 3354 1147 3426 'torres,
1167 3355 1206 3416 ita

223 3442 412 3502 manifestam
423 3441 626 3504 exhibuerunt
636 3441 834 3522 imposturam
844 3440 998 3502 calvinista
1008 3441 1102 3500 David
1115 3442 1206 3503 Blan-

223 3529 320 3591 dellus
334 3538 362 3591 et
382 3532 467 3592 multi
483 3532 532 3592 alii
547 3531 701 3606 catholici,
724 3530 802 3592 inter
818 3548 895 3610 quos
910 3531 952 3590 De
973 3531 1090 3601 htlarcn,
1109 3531 1204 3592 Balu-

222 3618 298 3689 ziuS,
324 3619 409 3679 Card.
440 3621 592 3694 Norisius,
616 3619 734 3694 Lahbe,
760 3619 856 3680 Natat.
881 3617 1069 3692 Alexander,
1096 3616 1205 3680 fratres

223 3706 379 3775 Ballerini,
398 3708 536 3768 Zaccaria
547 3716 576 3768 01
592 3708 640 3768 alii
657 3707 758 3782 multi,
775 3713 807 3768 ut
820 3705 910 3768 hodie
921 3707 1000 3786 apud
1016 3725 1205 3769 001000000-

224 3795 300 3854 ditos
315 3802 431 3854 constet
443 3795 481 3855 dc
497 3795 616 3856 illarum
630 3795 824 3855 decretalium
839 3796 1056 3872 suppositione.
