2590 4214
210 205 269 262 492
487 211 637 255 acaunum
658 209 739 256 aunis
761 208 908 258 aaronica

253 315 325 374 Haec
339 311 414 390 legis
427 310 582 372 caelihatds
599 307 741 370 relaxatio
756 310 881 372 invaluit
895 312 1063 391 prasertim
1081 316 1114 377 in
1131 321 1188 383 Ec-

212 401 304 463 clesia
327 399 490 474 Orientali;
515 399 645 460 severior
672 404 774 460 autem
803 401 969 480 permansit
991 403 1191 471 Occidentalis

213 489 346 551 Ecclesia
363 493 414 550 :et
425 487 563 568 quamvis
577 489 608 548 S.
633 487 796 566 Gregorius
810 490 939 566 Magnus
958 491 976 552 a
998 491 1191 560 subdiaconis

213 577 344 655 Siciliae,
362 577 427 639 sine
443 583 511 638 voto
525 575 679 638 caelibatds
693 576 849 654 ordinatis,
865 579 986 658 exigere
1009 581 1144 646 noluerit
1164 596 1193 648 ut

213 666 413 728 nihilominus
427 665 644 727 continentiam
659 673 831 741 servarent,
847 672 980 729 attamen
995 667 1126 736 ipsemet
1140 675 1192 736 de.

213 757 305 816 crevit
325 762 357 817 ut
377 753 477 815 nullus
500 753 531 814 in
554 753 708 833 posterhm
728 753 856 815 clericus
879 754 917 816 ad
942 737 1192 824 subdiaconatum

212 850 457 920 promoveretur,
474 842 531 903 nisi
547 841 630 922 prins
647 841 757 902 emisso
771 849 839 904 voto
853 843 1022 908 castitatis:
1043 849 1195 914 «Nullum

219 952 233 989 o
255 929 355 994 lacere
368 930 587 994 subdiaconum
601 937 788 1010 praesumant
803 931 943 1012 Episcopi
957 981 966 1006 ‚
982 934 1041 996 nisi
1059 938 1114 1018 qui
1134 941 1196 1002 vic-

219 1040 235 1076 o
255 1026 356 1082 turum
371 1020 452 1082 caste
467 1017 653 1100 promiserit,
669 1017 740 1098 quia
756 1017 857 1080 nullus
874 1019 911 1080 ad
927 1021 1134 1088 ministerium
1155 1029 1196 1089 al·

222 1131 236 1166 o
256 1109 327 1170 laris
341 1108 482 1170 accedere
497 1107 597 1180 dehet,
614 1125 672 1166 msr
692 1105 784 1184 huJus
798 1107 918 1170 castilas
931 1115 1001 1172 ante
1021 1122 1197 1194 susceptum

218 1219 236 1257 a
257 1197 458 1263 ministerium
472 1195 561 1256 fuerit
575 1195 699 1275 probata
711 1217 742 1257 u.
759 1193 845 1274 (Dist.
861 1200 918 1273 28,
934 1215 1002 1279 cap.
1016 1200 1062 1283 l.)

256 1287 354 1358 Quam
372 1283 562 1364 disciplinam
581 1290 684 1364 postea
702 1283 876 1360 relaxatam,
902 1286 933 1348 S.
959 1288 1128 1370 Gregorius
1149 1295 1197 1356 Vll

216 1375 336 1445 denud,
352 1392 433 1436 anno
450 1377 543 1448 luta,
561 1372 593 1434 in
616 1371 749 1434 Concilio
770 1374 907 1435 Romano
926 1374 1142 1456 confirmavit,
1165 1401 1198 1446 ac

125 1462 132 1471 ”
217 1465 339 1526 strenue
356 1463 450 1544 ipsius
464 1461 688 1523 exsecutionem
701 1461 860 1541 promovit.

256 1557 324 1615 Non
338 1558 440 1614 tamen
454 1549 581 1612 omnino
595 1554 712 1610 constat
726 1567 761 1610 ex
777 1557 852 1611 tunc
865 1551 1098 1617 matrimonium
1112 1559 1130 1619 a
1144 1559 1199 1622 cle·

217 1643 288 1706 ricis
302 1644 333 1704 iu
349 1640 441 1704 sacris
455 1644 643 1704 contractum
658 1684 665 1713 ,
680 1635 815 1698 habitum
829 1637 921 1700 luisse
936 1646 970 1702 ut
984 1661 1112 1722 prorsus
1127 1650 1197 1711 nul-

218 1732 294 1794 lum.
308 1731 368 1794 Sed
382 1729 440 1791 tale
454 1731 536 1790 certe
550 1727 736 1788 declaratum
751 1725 808 1787 luit
820 1728 837 1788 a
851 1727 985 1791 Concilio
1000 1733 1197 1800 lateranensi

218 1823 279 1897 lV,
302 1825 333 1882 et
354 1819 512 1882 demuma
535 1815 668 1878 Concilio
688 1813 865 1876 Tridentino
885 1816 969 1894 (sess.
997 1823 1051 1895 lt,
1070 1841 1140 1886 can.
1157 1829 1195 1904 9),

218 1907 265 1970 his
285 1908 407 1970 verbis:
432 1927 447 1966 u
469 1905 500 1967 Si
516 1903 584 1985 quis
597 1903 706 1964 dixerit
720 1903 845 1964 clericos
869 1905 900 1964 in
922 1907 1016 1968 sacris
1039 1911 1197 1976 ordinibus

224 2020 238 2055 o
258 1996 453 2073 constitutos,
466 1993 513 2056 vel
524 1992 695 2072 regulares,
712 1991 877 2053 castitatem
894 1995 1072 2058 solemniter
1084 2001 1156 2080 pros
1185 2039 1197 2048 .

222 2105 328 2160 usos,
354 2103 442 2167 posse
467 2081 693 2144 matrimonium
720 2079 916 2158 contrahere,
945 2091 1198 2172 contractumque

225 2197 240 2234 u
258 2175 390 2238 validum
404 2191 481 2246 esse,
493 2189 556 2232 non
569 2169 706 2232 obstante
720 2167 785 2248 lege
799 2169 1000 2233 ecclesiastica
1014 2175 1059 2236 rel
1076 2183 1195 2256 voto...‚

225 2287 240 2326 o
258 2262 417 2326 anathema
431 2261 509 2323 sito.

258 2353 320 2414 Etsi
335 2353 383 2414 lex
399 2349 553 2414 caelibatus
572 2347 609 2408 sit
626 2345 703 2424 juris
728 2345 938 2424 ecclesiastici,
962 2349 1197 2419 fundamentum

218 2452 321 2506 tamen
335 2440 424 2502 hahet
439 2439 468 2500 in
492 2437 662 2516 Scriptura,
687 2441 719 2496 ut
739 2437 934 2516 sequentibus
954 2447 1036 2518 patet
1056 2461 1064 2503 :
1088 2444 1197 2508 dicitur

216 2531 302 2596 enim
325 2530 356 2590 in
376 2527 508 2610 Epistola
527 2525 559 2588 pa
572 2523 611 2586 ad
624 2523 816 2585 Timotheum
832 2527 909 2606 (cap.
923 2529 954 2604 3,
965 2546 993 2590 v.
1009 2529 1063 2612 ῆς
1081 2535 1198 2614 «opos.

224 2643 238 2674 «
259 2625 300 2682 tet
315 2619 499 2700 Episcopum
514 2632 579 2676 esse
593 2613 739 2694 pudicum
756 2632 787 2688 o;
804 2617 833 2674 et
848 2613 935 2692 ibid,
951 2635 979 2678 v.
991 2618 1031 2679 8:
1047 2618 1198 2684 Diaconos

226 2735 238 2766 a
262 2709 397 2770 similiter
411 2704 538 2788 pudicos
560 2722 591 2778 »3
607 2707 638 2764 et
652 2699 741 2778 ibid,
757 2719 823 2782 cap.
840 2701 881 2780 ὃ,
896 2721 925 2766 v.
938 2707 977 2767 22
993 2723 1002 2768 a
1023 2709 1198 2791 oTeipsum

225 2821 240 2858 a
260 2804 376 2860 castum
396 2792 513 2856 custodi
528 2813 558 2852 o.
581 2789 739 2852 Fundetur
759 2789 832 2852 item
854 2793 995 2875 exemplo
1018 2793 1187 2876 Christi,S

227 2885 366 2960 loannis,
379 2884 411 2947 S.
427 2879 510 2944 Pauli
525 2888 554 2942 et
567 2886 745 2942 caetcrorum
763 2879 989 2960 Apostolorum.

261 2975 320 3040 Sed
334 2970 482 3056 quidquid
506 2969 643 3032 nonnulli
665 2967 811 3044 dixerint,
824 2967 874 3030 illa
889 2969 935 3033 lex
954 2980 1078 3038 nonest
1095 2981 1188 3040 mmet

227 3065 343 3148 proprie
356 3063 393 3124 de
407 3063 474 3140 jure
486 3058 599 3135 divino,
608 3064 641 3120 ut
654 3055 859 3119 communiter
873 3056 1012 3140 (preciso
1025 3064 1109 3145 voto)
1125 3085 1180 3128 sen

225 3157 301 3218 liunt
323 3156 477 3216 Doctores.
493 3148 625 3228 Ideoque
652 3146 683 3207 in
704 3148 741 3208 ea
761 3145 935 3228 dispensare
974 3155 1075 3232 potest
1091 3155 1198 3218 Eccle.

225 3247 276 3321 sia,
292 3247 382 3327 prout
395 3241 496 3304 revera
510 3239 589 3318 saepe
600 3235 803 3316 dispensavit:
822 3254 933 3318 nempe
943 3245 1081 3321 tempore
1095 3245 1200 3306 Mariae

223 3335 391 3416 anglorum
405 3329 543 3408 Reginae,
558 3332 665 3406 etpost
679 3323 900 3388 concordatum
914 3330 1003 3406 1801,
1020 3329 1100 3392 inter
1111 3331 1197 3396 Pium

225 3424 275 3484 tul
289 3429 319 3483 et
329 3419 533 3499 Napoleonem
546 3419 556 3476 l
571 3415 691 3476 initum.

262 3509 321 3572 Sed
334 3506 480 3589 quaeritur
500 3510 602 3565 utrum
624 3501 765 3582 obligatio
786 3501 940 3566 caelibattls
961 3505 999 3566 sit
1021 3505 1199 3574 immediate

223 3615 258 3658 ex
274 3600 424 3676 praecepto
444 3593 605 3667 Ecclesiae,
622 3590 668 3653 vel
690 3591 817 3652 mediate
836 3609 890 3674 per
910 3599 1014 3656 votum
1038 3598 1195 3660 ordinato-

223 3684 310 3748 rum‘t
