2526 4210
494 285 581 330 mum
599 287 717 334 rnruus.
807 343 808 346 3
1033 277 1087 336 29}

120 385 292 466 «episcopi
320 389 490 460 constaret,
515 385 586 447 edm
609 384 651 446 illi
672 384 846 463 hujusmodi
868 387 1051 468 dispensatio
1075 393 1091 450 a

120 491 275 536 «canone
302 473 428 534 minime
452 475 491 534 sit
514 473 659 554 permissa
676 473 763 554 ,lipsi
797 475 1005 555 obtemperare
1031 495 1093 538 non

118 585 135 621 e
156 561 261 623 debuit
274 561 306 623 in
317 561 374 623 hac
386 566 480 642 parte.
494 582 510 620 c
525 561 605 642 Ergo
615 560 653 622 cd
667 561 803 642 ligandas
813 562 961 624 inferioris
971 581 1091 642 manus,

113 652 216 732 inquit
232 650 345 712 Bened.
361 651 428 711 XIV
442 649 558 727 (ibid),
575 667 697 712 neccsse
714 668 776 710 non
795 659 843 712 est
858 655 892 712 ut
905 669 953 712 res
967 651 1094 712 interdi-

112 747 214 814 catur,
231 739 341 800 sufficit
356 757 418 800 non
437 755 502 800 esse
517 738 705 819 permissam.
727 739 807 818 Ergo
826 738 898 799 falsa
913 745 958 800 est
974 745 1003 800 et
1021 741 1094 818 reji-

114 827 224 890 cienda
240 827 355 908 opinio,
371 834 429 889 etc.

156 916 254 994 [ilrjic.
277 919 309 976 l⁰
331 935 397 996 cap.
419 915 538 996 Nuper,
552 915 598 977 lle
618 923 692 976 sent.
714 935 868 992 cecorum,
890 915 1094 978 ubidicitur:

119 1027 136 1063 r
157 1005 270 1076 Ouia...
291 1004 431 1066 conditor
448 1003 574 1065 canonis
587 1003 653 1084 ejus
667 1003 887 1065 absolutionem
909 1003 964 1063 sibi
979 1005 1094 1084 specia-

120 1115 136 1152 e
157 1093 225 1155 liter
237 1111 299 1154 non
314 1093 453 1168 retinuit,
469 1111 505 1154 eo
520 1093 584 1173 ipso
599 1092 783 1154 concessisse
797 1091 1031 1158 videturlacult
1033 1097 1095 1158 een*

122 1205 138 1240 c
159 1181 226 1244 aliis
240 1181 407 1243 relaxandi
420 1201 436 1238 a

157 1271 250 1350 Resp.
267 1271 445 1331 Sermonem
459 1269 500 1330 ibi
514 1269 630 1331 essedo
644 1268 830 1332 absolutione
854 1271 870 1330 a
886 1271 1041 1342 censuris,
1057 1270 1094 1332 de

115 1360 182 1439 qua
204 1359 293 1439 longe
307 1358 424 1420 diverse
440 1357 516 1419 ratio
529 1363 574 1418 est
591 1359 682 1438 quam
700 1357 738 1419 de
752 1358 1002 1438 dispensatione:
1026 1349 1096 1420 ideo

116 1446 202 1508 enirn
220 1446 357 1509 seruntur
373 1465 508 1509 censurae
523 1445 606 1508 ulad
623 1445 779 1508 meliorem
798 1445 915 1526 frugem
932 1445 1091 1522 reducant,

116 1540 149 1596 et
170 1539 244 1597 tunc
264 1535 329 1596 ab'
321 1535 393 1616 ipsis
414 1533 697 1614 absolvatur31eges
715 1533 1014 1596 verbeoclesiastieae
1033 1553 1095 1596 non

116 1621 190 1684 ided
205 1629 376 1686 statuuntur
389 1629 423 1686 ut
439 1623 579 1684 desinant
592 1622 725 1701 obligare
741 1640 749 1684 ε
764 1621 846 1684 unde
861 1622 952 1682 etiem
970 1621 987 1682 a
1004 1641 1093 1702 poro-

116 1711 186 1773 chis
199 1719 228 1773 et
242 1713 333 1774 meris
351 1711 556 1774 sacerdotibus
570 1709 742 1792 approbatis
756 1710 821 1771 dari
839 1715 935 1791 potest
949 1711 1094 1773 absolutio

117 1817 319 1862 censurarum
335 1800 458 1882 quando
473 1808 533 1862 non
550 1807 620 1860 sunt
636 1807 809 1872 reservatae;
826 1797 879 1860 sed
896 1798 1021 1862 minima
1038 1800 1096 1862 boe

117 1893 166 1949 est
186 1888 348 1952 dicendum
366 1890 404 1952 dc
426 1889 649 1969 dispensatione
671 1887 703 1948 in
728 1887 845 1968 legibus
867 1887 1092 1962 ecclesiasticis,

118 1976 245 2056 quando
260 1997 321 2040 non
341 1985 508 2040 reservatur
522 1983 651 2057 poteslas
669 1977 701 2037 in
718 1975 754 2038 iis
768 1976 961 2057 dispensandi
977 1979 1096 2058 (excipe

117 2073 223 2127 tamen
237 2067 376 2148 quaedam
386 2066 602 2147 impedimenta
617 2065 844 2142 nratrimonium
860 2069 977 2126 lantdm
992 2066 1093 2144 impe-

117 2152 234 2216 dientia
251 2175 257 2215 :
273 2154 318 2218 De
329 2155 365 2216 S
354 2175 421 2237 Jn
437 2155 489 2216 lib.
506 2157 536 2228 9,
552 2155 617 2230 cit,
635 2163 668 2214 n⁰
682 2159 699 2214 'l
715 2155 746 2214 in
761 2153 842 2236 fine).
857 2154 949 2232 Ergo,
964 2172 1000 2214 ex
1016 2172 1093 2234 prae·

118 2241 182 2304 lato
197 2261 313 2306 canone
327 2244 403 2305 nihil
422 2242 562 2304 concludi
578 2248 676 2322 potest
689 2251 793 2304 eontra
812 2241 920 2316 thesim
935 2259 1025 2321 supra
1039 2241 1094 2302 de·

117 2338 328 2394 monstratam.

161 2419 257 2498 Objic.
277 2425 308 2482 2⁰
327 2420 531 2482 auctoritasS
550 2419 695 2481 rlntonini
718 2425 749 2482 et
762 2383 913 2482 Gallorum
933 2419 985 2500 qui
1000 2419 1094 2534 ipsius

117 2509 302 2570 sententiam
315 2508 474 2588 amplexati
486 2511 567 2568 sunt.

162 2589 434 2678 Respondeohane
449 2595 657 2657 auctoritatem
678 2612 739 2654 non
761 2594 908 2674 impedire
931 2595 1095 2676 quominus

118 2685 296 2765 hujusmodi
306 2685 409 2767 opinio
419 2690 453 2746 ul
466 2683 539 2746 laisa
548 2682 720 2746 habeatura
731 2683 844 2746 Bened.
855 2687 933 2760 XIV,
945 2685 989 2746 lle
1002 2685 1091 2766 Syn,

117 2773 175 2836 lib.
196 2777 236 2852 9,
251 2793 317 2856 cap.
342 2777 375 2847 l,
396 2779 426 2834 et
446 2773 463 2834 a
482 2772 598 2834 caeteris
617 2771 770 2834 modernis
787 2775 1000 2836 communiter.
1019 2775 1094 2837 Vide

118 2863 232 2940 Bouix,
249 2864 291 2926 De
307 2863 477 2944 Episcopo,
492 2866 567 2923 tem.
582 2863 618 2938 2,
633 2881 665 2942 p.
686 2865 744 2924 ron
754 2881 762 2937 ;
782 2863 813 2923 S.
830 2862 971 2943 Liguor.,
986 2862 1038 2925 lib.
1056 2869 1092 2940 l,

118 2955 240 3015 n⁰l9l.

162 3054 194 3113 3⁰
214 3052 256 3114 Ut
277 3067 349 3129 ergo
377 3045 518 3128 Episcopi
545 3045 663 3109 valeant
685 3047 716 3107 in
740 3049 930 3127 generalibus
954 3049 1093 3112 Ecclesiae

118 3139 241 3220 legibus
263 3138 455 3218 dispensare,
472 3135 645 3214 requiritur,
665 3135 711 3195 vel
727 3140 758 3196 l⁰
771 3135 852 3215 quod
872 3137 903 3197 in
918 3137 982 3216 ipsa
997 3137 1091 3217 leget

118 3229 204 3308 Papo
214 3227 261 3290 vel
275 3228 292 3286 a
305 3225 439 3287 Concilio
449 3223 607 3303 Episcopis
620 3224 760 3303 expresse
773 3224 955 3286 concedatur
970 3223 1093 3287 facultas

117 3315 336 3397 dispensandi,
351 3321 402 3376 aut
418 3313 525 3374 saltem
541 3311 572 3372 in
586 3313 622 3372 ea
640 3311 766 3389 dicatur,
782 3314 910 3394 possein
924 3313 955 3374 eri
972 3313 1091 3395 dispen-

115 3405 204 3469 sari:
220 3405 286 3467 haec
299 3405 381 3466 enirn
398 3403 490 3464 verba
504 3418 566 3462 non
580 3399 618 3462 de
632 3400 718 3482 Popti
734 3404 787 3462 sed
803 3402 841 3463 de
854 3402 925 3463 solis
939 3403 1093 3484 Episcopis

118 3494 248 3575 intelligi
262 3493 388 3569 debent;
404 3491 532 3573 quippe,
545 3496 579 3551 ut
591 3489 670 3571 Papa
683 3491 776 3571 possit
789 3491 962 3572 dispensare
977 3503 1092 3556 nonest

118 3601 244 3646 necesse
259 3581 342 3662 quod
356 3581 387 3642 in
402 3580 467 3660 lege
482 3578 667 3659 exprimatur
681 3585 810 3658 potestas
827 3580 1032 3661 dispensandi.
1047 3583 1093 3643 Ab

117 3672 176 3734 hoc
190 3670 295 3752 regula
310 3669 456 3750 excipitur
470 3674 599 3748 potestas
620 3666 815 3746 dispensandi
835 3669 866 3730 in
888 3671 1090 3748 matrimonio,

117 3761 157 3822 de
177 3764 240 3839 qua
257 3759 356 3834 agitur
373 3759 405 3818 in
424 3755 558 3818 Concilio
580 3755 736 3830 Trident,
755 3773 827 3818 sess.
848 3761 905 3833 bl,
922 3776 987 3838 cap.
1004 3761 1037 3830 5,
1052 3758 1093 3818 De
