2526 4210
180 250 237 308 611
456 253 608 298 1161111111
628 252 710 300 roms
729 237 878 300 6111611161.

179 361 223 422 616
235 356 377 421 Ecclesiae
390 359 579 435 congregata
598 371 652 416 seu
674 355 808 418 Concilio
822 353 1013 418 oecumenico
1028 372 1155 434 praeesse

180 447 290 526 pariter
304 444 404 505 debet.

220 537 252 594 3⁰
273 533 327 594 Jus
341 550 375 592 66
389 528 614 612 confirmandi:
628 487 714 602 ouon
736 536 882 610 tanquam
906 533 1024 592 certum
1039 529 1078 592 de
1102 529 1157 592 lide

182 621 283 688 haberi
303 620 411 694 debet,
429 619 515 700 juxta
538 620 648 681 Suarez
666 618 722 700 (01
736 618 826 693 Fide
851 625 929 699 part.
946 621 980 693 1,
1004 617 1085 699 disp.
1103 623 1157 697 11,

183 716 253 774 sect.
271 713 351 787 3,111
370 707 430 790 11).

221 799 307 860 Ratio
334 802 378 859 661
402 795 473 877 quia
497 794 617 858 decreta
644 795 848 876 conciliorum
874 793 1067 875 generalium
1093 801 1161 858 sunt

182 893 265 951 actus
278 886 369 948 totius
383 884 517 966 corporis
531 884 670 946 Ecclesiae
681 884 833 958 docentis,
846 884 892 945 vel
907 883 1008 964 legem
1021 884 1160 946 conden-

182 975 230 1037 tis.
247 975 342 1036 Porrd
356 972 482 1034 minime
497 978 618 1053 possent
630 972 689 1034 dici
703 979 787 1035 actus
800 972 892 1034 totius
905 972 1044 1052 corporis
1058 973 1160 1035 Eccle-

183 1063 234 1124 siae
257 1062 411 1138 docentis,
437 1066 509 1137 etc,
533 1061 558 1121 si
581 1061 678 1141 Caput
698 1080 757 1123 non
780 1061 955 1135 assentiret,
982 1079 1019 1123 ea
1043 1061 1160 1123 decreta

157 1154 160 1158 ’
183 1149 396 1232 approbando,
421 1155 478 1210 etc.
505 1147 551 1208 Ab
573 1149 630 1209 hic
652 1149 800 1212 sententia
821 1167 883 1212 non
906 1148 1055 1212 recedunt
1072 1149 1160 1212 etiam

184 1238 344 1315 Gallicani,
356 1239 439 1316 juxta
454 1239 580 1298 Bossuet
594 1235 709 1316 (Gallio
724 1235 903 1311 orthodoxo,
921 1247 956 1297 11ο
967 1239 1018 1315 81)
1034 1258 1041 1297 1
1059 1260 1075 1296 «
1086 1238 1160 1298 Pari-

183 1341 204 1386 ’1
224 1328 352 1403 menses,
372 1326 485 1406 inquit,
501 1324 578 1386 ultra
596 1326 804 1402 consentiunt,
819 1344 856 1387 ex
874 1325 1097 1406 antiquissimis
1115 1344 1159 1387 rc·

190 1415 322 1496 agulis,
355 1413 494 1494 Synodos
519 1413 675 1492 generales
708 1415 822 1494 alisque
848 1416 987 1475 Romano
1016 1413 1159 1477 Pontifice

188 1526 205 1563 1
226 1505 323 1566 nullas
338 1521 403 1565 esse
420 1508 450 1564 61
463 1502 570 1563 1111166.
586 1523 602 1561 a
620 1502 707 1566 Unde
721 1521 777 1565 neo
793 1503 988 1564 ariminense
1004 1521 1064 1565 nec
1078 1503 1157 1564 Basi-

195 1611 285 1656 eense
307 1591 460 1665 Concilia,
483 1589 589 1652 saltem
617 1590 649 1652 in
675 1590 806 1653 maximt
834 1593 882 1653 sui
910 1598 1016 1673 parte,
1039 1591 1159 1654 luerunt

185 1681 381 1746 oecumenica.

225 1775 294 1833 351.
317 1771 526 1832 Conccuauruu
540 1771 576 1831 V.
592 1803 632 1817 -
650 1768 765 1850 Corpus
779 1769 997 1849 Episcopomm
1020 1778 1157 1851 11116111

187 1860 204 1919 11
217 1858 303 1939 Papo
320 1861 494 1932 sejunctum,
511 1856 666 1919 1161111161
685 1877 849 1938 supremum
868 1859 902 1918 in
916 1858 1156 1939 1161166ἰὰ1611-

189 1955 288 2008 tatem.
300 1949 426 2008 -Nam
442 1968 456 2004 1
469 1946 553 2008 Fidei
564 1946 675 2026 dogma
686 1953 748 2021 est,
764 1947 984 2028 Episcoporum
1003 1947 1158 2022 auctorita·

192 2056 208 2094 1
226 2040 289 2098 tem
298 2041 328 2098 61
334 2034 472 2117 iurisdio
460 2035 573 2096 ionem
583 2035 749 2114 subjectam
758 2036 863 2098 esseS
871 2034 1158 2098 Pontificisauctori·

192 2125 295 2202 «tati,
310 2132 344 2186 ut
360 2124 482 2186 subesse
498 2123 628 2185 debeant
647 2123 733 2185 Sedis
752 2124 931 2204 Apostolrcae
940 2125 1071 2186 statutis
1079 2126 1146 2186 »Itu

189 2213 260 2276 Pius
273 2215 313 2275 VI
326 2213 363 2274 ad
378 2211 645 2292 archiepiscopum
661 2211 883 2274 Coloniensem.

228 2304 297 2364 355.
321 2301 441 2374 Quaerit.
466 2301 573 2362 Utrum
593 2301 736 2360 Summus
755 2298 891 2360 Pontifex
910 2298 947 2360 sit
967 2318 1061 2381 supra
1083 2301 1158 2362 Con-

187 2391 291 2454 cilium
306 2388 458 2470 generale,
468 2405 507 2447 an
518 2387 588 2449 vero
601 2387 769 2450 Concilium
783 2387 924 2468 generale
935 2405 1027 2468 supra
1039 2391 1072 2452 S
1086 2392 1160 2451 Pon-

188 2479 324 2541 tilicem‘t

228 2566 454 2644 Quaestionum,
469 2569 551 2626 tanto
565 2568 640 2626 aestu
663 2563 771 2644 agitata
786 2565 955 2627 Gallicanos
967 2565 1047 2627 inter
1060 2571 1092 2629 et
1103 2585 1160 2630 coe·

187 2664 267 2718 teros
284 2655 454 2735 theologos,
476 2653 524 2715 vix
546 2652 665 2733 concipi
683 2658 797 2732 potest,
823 2654 880 2715 nisi
905 2661 1011 2735 agatur
1032 2654 1072 2717 de
1091 2674 1160 2718 casu

189 2744 343 2805 Pontificis
360 2743 445 2804 dubii
456 2742 501 2804 vel
514 2741 629 2803 notorie
643 2740 791 2818 haeretici;
807 2744 919 2804 etenim
932 2743 980 2804 vel
994 2744 1161 2806 Concilium

190 2833 329 2913 generale
349 2831 523 2912 intelligitur
537 2829 586 2891 hic
600 2834 749 2909 quatenus
768 2832 894 2892 estuare
915 2833 1161 2908 (oecumenicum,

192 2922 293 2994 idest,
309 2928 526 2994 convocatum,
542 2918 725 2980 celebratum
739 2923 770 2979 et
783 2918 1025 2982 confirmatuma
1040 2923 1071 2984 S.
1088 2923 1159 2984 Pon·
1249 2991 1250 2998 ἵ

190 3010 284 3089 filice,
305 3017 334 3073 61
356 3016 429 3072 tunc
445 3026 580 3090 quaerere
600 3013 703 3069 utrum
730 3009 760 3069 S.
783 3007 920 3069 Pontifex
938 3008 976 3070 sit
998 3027 1091 3090 supra
1114 3017 1163 3074 aut
1249 2999 1250 3018 ¹

201 3100 267 3162 nfra
281 3099 460 3174 Concilium,
473 3095 546 3158 nihil
560 3095 642 3158 aliud
655 3101 700 3156 661
714 3097 806 3175 quam
818 3113 955 3176 quaerere
968 3103 1073 3158 utrum
1085 3099 1162 3180 Papa

191 3189 227 3250 sit
241 3208 331 3270 supra
344 3189 390 3251 vel
406 3186 482 3248 inira
495 3185 647 3266 seipsum,
661 3183 743 3264 quod
763 3191 808 3246 est
828 3201 951 3264 prorsus
965 3184 1118 3249 absonum
1130 3205 1163 3248 ac

191 3278 365 3340 absurdum.
382 3276 435 3337 Vel
451 3275 499 3336 hic
512 3273 720 3336 consideratur
736 3273 901 3334 Concilium
915 3275 1073 3354 generale,
1087 3294 1163 3357 quu-

192 3372 277 3428 tenus
292 3365 431 3447 Episcopi
450 3381 502 3425 seu
518 3361 654 3423 membra
668 3360 848 3424 dissentiunt
864 3363 927 3423 118.
943 3363 1092 3426 Pontifice
1113 3383 1164 3427 seu

191 3456 208 3515 t
222 3455 323 3536 Capite
335 3475 343 3526 ;
358 3461 388 3515 61
400 3462 475 3515 tunc
488 3449 642 3532 quomodo
656 3449 714 3511 dici
733 3456 834 3530 posset
855 3449 992 3512 membra
1006 3469 1064 3514 scu
1077 3454 1164 3536 Epis·

190 3561 283 3622 conos
299 3560 363 3603 esse
382 3559 472 3623 supra
491 3537 605 3620 capati
620 3538 774 3618 Numquid
789 3538 819 3599 id
835 3547 931 3619 potest
942 3541 1122 3623 contingere
1135 3542 1165 3604 in
1249 3537 1250 3612 5

191 3648 317 3710 corpore
331 3631 408 3690 bene
421 3625 608 3708 composito?
622 3629 660 3688 Et
673 3629 696 3688 si
712 3627 742 3688 id
757 3627 932 3706 contingere
942 3636 1045 3708 queat,
1058 3630 1165 3693 exinde

191 3723 332 3797 sequetur
344 3716 425 3795 qudd
436 3714 569 3776 Ecclesia
582 3719 763 3795 congregata
775 3733 836 3775 non
851 3716 931 3777 idem
941 3715 1067 3780 habebit
1076 3727 1165 3799 caput
