2526 4210
404 238 406 243 ¹
474 284 560 329 uam
581 282 700 328 antuus.
1021 272 1079 329 22³

95 387 238 448 Christus
259 405 313 467 pro
333 387 421 448 Petro
442 385 558 468 rogavit
577 393 610 445 at
632 401 692 442 aon
714 379 848 462 deficeret
868 382 940 464 [ides
963 383 1077 465 ἱρείας,

96 475 266 556 quominus
280 475 384 536 tratres
397 493 467 536 suns
477 474 586 535 valeret
600 470 798 534 confirmare.
809 472 890 550 quod
905 473 996 534 etiam
1009 475 1078 536 Suc·

95 563 272 624 sessoribus
287 564 423 643 ejusdem
438 567 483 624 cst
497 558 721 642 applicandum
739 561 833 638 Ergo,
849 567 906 622 eta.
1090 591 1100 624 a

140 651 241 713 l'ideri
266 659 362 734 potest
390 651 469 732 apud
496 650 664 729 Theologos
684 647 871 729 dogmaticos
900 649 1015 730 (Tract
1042 649 1078 712 de

99 739 249 820 Ecclesad)
265 741 420 821 quomodo
435 740 495 800 sint
507 737 657 800 solvcndae
670 736 758 800 variae
770 735 954 814 objectiones
973 745 1076 801 contra

99 828 235 890 inerrant
237 830 296 890 iam
312 833 344 892 S.
361 827 532 902 Pontifieis,
549 845 617 908 quae
631 825 869 888 desumuntur
847 844 908 887 srva
922 845 958 888 ex
973 834 1076 908 putato

99 917 186 998 lapsu
201 918 334 996 Liberii,
350 919 412 979 sive
426 936 462 979 ex
477 915 585 998 agendi
602 913 717 977 ratione
728 914 853 975 Honorii
872 915 904 976 in
918 918 1022 978 llonot
1023 915 1075 978 he-

97 1003 179 1066 lismi
196 1009 336 1087 negotio,
354 1007 415 1068 sive
427 1004 558 1067 aliunde.

135 1097 168 1156 2⁰
191 1095 355 1157 lntallibilis
374 1104 418 1156 est
440 1095 553 1175 Papa
546 1112 577 1154 rn
596 1092 828 1155 canonizatione
850 1095 1030 1156 Sanctorum
1046 1100 1076 1156 et

94 1184 387 1264 approbatione(
337 1187 387 1246 Or
388 1186 483 1245 lmum
504 1182 742 1262 religiosorum·
762 1181 827 1243 haeo
850 1183 932 1243 enim
953 1184 1014 1246 duo
1037 1187 1074 1248 ad

97 1271 129 1332 S.
156 1272 236 1334 Pont
225 1273 336 1334 titicem
360 1273 527 1354 specialiter
544 1271 704 1352 pertinent.
735 1271 828 1332 Porro
846 1272 1008 1336 infallibilis
1030 1282 1075 1338 est

96 1357 233 1422 Ecclesia
247 1363 277 1423 in
293 1363 409 1423 Sanctis
423 1359 636 1423 canonizandis
646 1368 675 1421 et
690 1359 894 1439 Religionibus
908 1363 1075 1442 approban-

92 1446 154 1527 dis,
166 1457 201 1512 ut
214 1451 436 1513 demonstratur
450 1451 482 1510 in
501 1450 641 1511 Praelata
654 1447 689 1509 de
702 1447 846 1510 Ecclesia.
857 1452 938 1530 Ergo
951 1458 981 1512 et
994 1455 1075 1534 Papa

92 1545 141 1598 est
155 1539 248 1601 etiam
263 1541 292 1600 in
306 1540 351 1600 his
364 1539 483 1602 duobus
498 1537 670 1600 infallibilis.
685 1536 842 1608 -Quoad
854 1537 929 1600 facta
945 1539 1074 1621 dogma-

94 1624 170 1702 tica,
187 1627 254 1690 nida
267 1627 446 1709 'theologos

134 1744 209 1804 352.
232 1743 441 1805 Conornaurnu
454 1743 503 1802 ΙΙΙ.
517 1775 558 1787 -
571 1741 716 1802 Romanas
731 1739 874 1820 Pontifex
889 1751 984 1822 potest
1002 1743 1072 1826 fider

91 1829 215 1930 decreta
229 1832 311 1893 edere
329 1840 356 1893 et
381 1830 498 1892 condere
516 1827 590 1909 tapes
609 1847 673 1911 qua
690 1836 807 1890 cunctos
829 1829 960 1912 oblz'pent
979 1833 1073 1896 claris-

92 1927 203 1982 tranas.

133 2015 209 2102 Haec
224 2039 387 2120 propositio
402 2037 557 2099 manifeste
569 2037 636 2099 tluit
647 2055 683 2098 ex
696 2037 742 2098 his
754 2037 873 2099 duobus
893 2039 1048 2122 principiis
1063 2061 1071 2103 ε

93 2129 222 2210 trquod
230 2125 1072 2208 PapahabeatPrimatumjurisdictionisinuniversalem

92 2218 263 2284 Ecclesiam
274 2238 283 2292 3
306 2223 338 2277 2⁰
359 2216 440 2295 qudd
455 2215 493 2276 sit
512 2222 651 2276 centrum
675 2214 899 2276 communionis
920 2217 1073 2282 catholicae

93 2307 331 2370 necessarium:
352 2304 423 2367 huic
436 2303 600 2366 conformis
617 2309 663 2364 est
677 2303 776 2384 praxis
794 2303 950 2380 Ecclesia,
973 2307 989 2366 a
1011 2308 1072 2370 suis

91 2395 270 2477 primordiis
287 2411 384 2475 usque
398 2393 436 2454 ad
449 2393 531 2454 diem
545 2391 740 2467 hodiernam,
756 2398 788 2454 ut
802 2400 917 2453 constat
929 2399 1072 2476 perpetua

90 2485 236 2546 omnium
260 2485 439 2546 saeculorum
460 2480 630 2543 traditione
649 2481 754 2543 Vide
747 2499 871 2598 insuper
884 2481 962 2544 dicta
981 2503 1071 2566 supe·

90 2575 158 2637 rius
174 2572 237 2653 (23,
251 2577 302 2648 24,
320 2574 404 2654 etc.)

132 2693 206 2752 353
230 2690 437 2752 Coaomanruu
460 2692 563 2752 lV.-
582 2689 728 2753 Romanas
749 2690 933 2772 Pontzsea
911 2713 965 2771 pas
987 2693 1072 2758 habet

91 2778 333 2844 consiliantium
347 2780 520 2840 aecumenica
533 2778 722 2853 convocandi,
735 2779 773 2840 iis
781 2781 974 2860 praesidendi,
983 2803 1071 2866 eaque

91 2866 302 2949 confirmandi.

133 2981 167 3038 l⁰
188 2975 243 3037 las
256 2975 458 3037 convocandi:
473 2976 519 3036 Ad
534 2994 625 3057 quem
640 2976 722 3037 enim
737 2977 830 3039 alium
853 2980 1000 3058 pertinere
1016 3000 1070 3061 po·

92 3066 202 3128 tuissct
215 3064 287 3126 illud
300 3065 363 3142 jus,
381 3064 436 3124 nisi
455 3064 578 3128 adeum
594 3065 646 3146 qui
662 3065 827 3128 Primatum
842 3067 1067 3148 jurisdictionis,

89 3173 147 3217 seu
167 3154 289 3234 plenam
310 3162 340 3214 et
357 3171 530 3233 supremam
548 3153 753 3216 auctoritatem
771 3154 860 3216 habet
878 3155 908 3214 in
927 3158 987 3216 tota
1007 3159 1064 3219 an

87 3241 210 3308 alesia?

131 3333 166 3394 2⁰
189 3331 244 3394 Jus
268 3331 308 3392 iia
324 3329 508 3413 praesidendi
521 3332 697 3394 :Eumdem
723 3332 806 3394 enim
833 3333 992 3394 Praesidem
1015 3352 1066 3402 seu

87 3421 191 3502 Caput
213 3419 324 3482 habere
346 3420 436 3482 debet
459 3420 592 3483 Ecclesia
615 3427 796 3502 congregata
811 3440 847 3483 aa
860 3422 992 3485 Ecclesia
1007 3423 1068 3486 dis·

90 3527 194 3592 persa,
211 3510 283 3572 clam
306 3509 412 3570 eadem
434 3509 631 3590 ejusdemque
646 3509 827 3572 conditionis
848 3511 885 3572 sit
905 3512 1066 3576 alterutra:

87 3597 230 3680 alioquin
244 3605 425 3679 congregata
438 3617 499 3659 non
512 3597 643 3678 perfecte
652 3605 879 3680 repraesentaret
890 3600 1065 3682 dispersam.

90 3688 173 3769 Ergo
187 3688 265 3751 sicut
279 3689 435 3749 Ronlanus
450 3685 585 3748 Pontifex
594 3687 621 3749 vi
635 3687 681 3750 sui
693 3689 842 3750 Primatirs
853 3696 959 3771 praeest
970 3691 1068 3752 Eccle-

89 3776 144 3840 siae
165 3775 327 3860 dispersas,
350 3781 439 3857 prout
459 3781 604 3855 tanquam
626 3776 664 3838 de
679 3775 738 3838 tide
758 3795 848 3858 supra
863 3777 1067 3858 probavimus,
