<?xml version="1.0" encoding="UTF-8"?>
<!DOCTYPE html PUBLIC "-//W3C//DTD XHTML 1.0 Transitional//EN"
    "http://www.w3.org/TR/xhtml1/DTD/xhtml1-transitional.dtd">
<html xmlns="http://www.w3.org/1999/xhtml" xml:lang="en" lang="en">
 <head>
  <title>
</title>
<meta http-equiv="Content-Type" content="text/html;charset=utf-8" />
  <meta name='ocr-system' content='tesseract 3.04.00' />
  <meta name='ocr-capabilities' content='ocr_page ocr_carea ocr_par ocr_line ocrx_word'/>
</head>
<body>
  <div class='ocr_page' id='page_1' title='image "./elementajurisca01craigoog_0024.png"; bbox 0 0 2616 4228; ppageno 0'>
   <div class='ocr_carea' id='block_1_1' title="bbox 229 676 1037 759">
    <p class='ocr_par' dir='ltr' id='par_1_1' title="bbox 229 676 1037 759">
     <span class='ocr_line' id='line_1_1' title="bbox 229 676 1037 759; baseline 0.001 -18"><span class='ocrx_word' id='word_1_1' title='bbox 229 677 337 742; x_wconf 77' lang='lat' dir='ltr'>Utrum</span> <span class='ocrx_word' id='word_1_2' title='bbox 350 679 392 739; x_wconf 82' lang='lat' dir='ltr'>rit</span> <span class='ocrx_word' id='word_1_3' title='bbox 406 677 438 738; x_wconf 77' lang='lat' dir='ltr'>in</span> <span class='ocrx_word' id='word_1_4' title='bbox 452 676 586 740; x_wconf 71' lang='lat' dir='ltr'>Ecclesia</span> <span class='ocrx_word' id='word_1_5' title='bbox 599 679 666 758; x_wconf 76' lang='lat' dir='ltr'>scos</span> <span class='ocrx_word' id='word_1_6' title='bbox 679 679 791 759; x_wconf 83' lang='lat' dir='ltr'>aliquis</span> <span class='ocrx_word' id='word_1_7' title='bbox 798 679 883 758; x_wconf 81' lang='lat' dir='ltr'>juris</span> <span class='ocrx_word' id='word_1_8' title='bbox 894 681 1037 742; x_wconf 78' lang='lat' dir='ltr'>canonici.</span> 
     </span>
    </p>
   </div>
   <div class='ocr_carea' id='block_1_2' title="bbox 133 840 1117 1012">
    <p class='ocr_par' dir='ltr' id='par_1_2' title="bbox 133 840 1117 1012">
     <span class='ocr_line' id='line_1_2' title="bbox 186 840 1117 918; baseline 0 -14"><span class='ocrx_word' id='word_1_9' title='bbox 186 845 234 905; x_wconf 88' lang='lat' dir='ltr'>ll.</span> <span class='ocrx_word' id='word_1_10' title='bbox 259 841 383 918; x_wconf 74' lang='lat' dir='ltr'>derina,</span> <span class='ocrx_word' id='word_1_11' title='bbox 405 840 601 917; x_wconf 79' lang='lat' dir='ltr'><strong>waldenses,</strong></span> <span class='ocrx_word' id='word_1_12' title='bbox 630 841 761 917; x_wconf 89' lang='lat' dir='ltr'>Wiclel,</span> <span class='ocrx_word' id='word_1_13' title='bbox 785 841 919 904; x_wconf 84' lang='lat' dir='ltr'>loannes</span> <span class='ocrx_word' id='word_1_14' title='bbox 941 843 1023 917; x_wconf 83' lang='lat' dir='ltr'>llus,</span> <span class='ocrx_word' id='word_1_15' title='bbox 1047 848 1117 918; x_wconf 83' lang='lat' dir='ltr'>etc,</span> 
     </span>
     <span class='ocr_line' id='line_1_3' title="bbox 133 929 1026 1012; baseline -0.001 -18"><span class='ocrx_word' id='word_1_16' title='bbox 133 933 297 1012; x_wconf 74' lang='lat' dir='ltr'>negarunt</span> <span class='ocrx_word' id='word_1_17' title='bbox 311 931 452 994; x_wconf 83' lang='lat' dir='ltr'>Ecclesiae</span> <span class='ocrx_word' id='word_1_18' title='bbox 465 931 564 992; x_wconf 88' lang='lat' dir='ltr'>inesse</span> <span class='ocrx_word' id='word_1_19' title='bbox 578 929 659 1011; x_wconf 84' lang='lat' dir='ltr'>leges</span> <span class='ocrx_word' id='word_1_20' title='bbox 672 929 823 993; x_wconf 87' lang='lat' dir='ltr'>condendi</span> <span class='ocrx_word' id='word_1_21' title='bbox 838 937 1026 1012; x_wconf 89' lang='lat' dir='ltr'>potestatem.</span> 
     </span>
    </p>
   </div>
   <div class='ocr_carea' id='block_1_3' title="bbox 72 1027 1118 1270">
    <p class='ocr_par' dir='ltr' id='par_1_3' title="bbox 72 1027 1118 1270">
     <span class='ocr_line' id='line_1_4' title="bbox 72 1027 1118 1114; baseline -0.003 -21"><span class='ocrx_word' id='word_1_22' title='bbox 72 1061 77 1072; x_wconf 94' lang='lat'><em>·</em></span> <span class='ocrx_word' id='word_1_23' title='bbox 185 1031 264 1093; x_wconf 83' lang='lat' dir='ltr'><strong>Sunt</strong></span> <span class='ocrx_word' id='word_1_24' title='bbox 277 1031 328 1112; x_wconf 92' lang='lat' dir='ltr'>qui</span> <span class='ocrx_word' id='word_1_25' title='bbox 341 1031 368 1091; x_wconf 92' lang='lat' dir='ltr'>ei</span> <span class='ocrx_word' id='word_1_26' title='bbox 383 1028 535 1110; x_wconf 81' lang='lat' dir='ltr'>denegant</span> <span class='ocrx_word' id='word_1_27' title='bbox 544 1029 751 1092; x_wconf 91' lang='lat' dir='ltr'>auctoritatem</span> <span class='ocrx_word' id='word_1_28' title='bbox 765 1029 887 1112; x_wconf 74' lang='lat' dir='ltr'>proprie</span> <span class='ocrx_word' id='word_1_29' title='bbox 898 1027 1008 1090; x_wconf 83' lang='lat' dir='ltr'>dictam</span> <span class='ocrx_word' id='word_1_30' title='bbox 1019 1049 1028 1114; x_wconf 70' lang='lat'><em>3</em></span> <span class='ocrx_word' id='word_1_31' title='bbox 1044 1027 1118 1090; x_wconf 88' lang='lat' dir='ltr'>dirm</span> 
     </span>
     <span class='ocr_line' id='line_1_5' title="bbox 139 1117 1118 1200; baseline -0.002 -18"><span class='ocrx_word' id='word_1_32' title='bbox 139 1120 254 1182; x_wconf 87' lang='lat' dir='ltr'>nolunt</span> <span class='ocrx_word' id='word_1_33' title='bbox 271 1137 338 1181; x_wconf 92' lang='lat' dir='ltr'>eam</span> <span class='ocrx_word' id='word_1_34' title='bbox 357 1137 445 1200; x_wconf 90' lang='lat' dir='ltr'>posse</span> <span class='ocrx_word' id='word_1_35' title='bbox 463 1120 587 1180; x_wconf 75' lang='lat' dir='ltr'>externa</span> <span class='ocrx_word' id='word_1_36' title='bbox 600 1119 700 1200; x_wconf 82' lang='lat' dir='ltr'>aliqua</span> <span class='ocrx_word' id='word_1_37' title='bbox 715 1117 870 1182; x_wconf 75' lang='lat' dir='ltr'>coactione</span> <span class='ocrx_word' id='word_1_38' title='bbox 887 1135 994 1198; x_wconf 80' lang='lat' dir='ltr'>urgere</span> <span class='ocrx_word' id='word_1_39' title='bbox 1011 1117 1118 1181; x_wconf 88' lang='lat' dir='ltr'>obser·</span> 
     </span>
     <span class='ocr_line' id='line_1_6' title="bbox 140 1207 670 1270; baseline 0 0"><span class='ocrx_word' id='word_1_40' title='bbox 140 1209 296 1270; x_wconf 78' lang='lat' dir='ltr'>rationem</span> <span class='ocrx_word' id='word_1_41' title='bbox 307 1225 432 1270; x_wconf 91' lang='lat' dir='ltr'>suorum</span> <span class='ocrx_word' id='word_1_42' title='bbox 447 1207 670 1270; x_wconf 87' lang='lat' dir='ltr'>mandatorum.</span> 
     </span>
    </p>
   </div>
   <div class='ocr_carea' id='block_1_4' title="bbox 131 1310 1118 2529">
    <p class='ocr_par' dir='ltr' id='par_1_4' title="bbox 131 1310 1118 2529">
     <span class='ocr_line' id='line_1_7' title="bbox 183 1310 1116 1376; baseline 0.002 -4"><span class='ocrx_word' id='word_1_43' title='bbox 183 1311 250 1376; x_wconf 83' lang='lat' dir='ltr'>lmd</span> <span class='ocrx_word' id='word_1_44' title='bbox 265 1310 402 1373; x_wconf 86' lang='lat' dir='ltr'>nonnulli</span> <span class='ocrx_word' id='word_1_45' title='bbox 416 1310 603 1372; x_wconf 90' lang='lat' dir='ltr'>contendunt</span> <span class='ocrx_word' id='word_1_46' title='bbox 616 1329 683 1372; x_wconf 90' lang='lat' dir='ltr'>eam</span> <span class='ocrx_word' id='word_1_47' title='bbox 699 1329 760 1372; x_wconf 94' lang='lat' dir='ltr'>non</span> <span class='ocrx_word' id='word_1_48' title='bbox 779 1310 879 1374; x_wconf 84' lang='lat' dir='ltr'>valere</span> <span class='ocrx_word' id='word_1_49' title='bbox 901 1311 1116 1374; x_wconf 81' lang='lat' dir='ltr'>conscientiam</span> 
     </span>
     <span class='ocr_line' id='line_1_8' title="bbox 140 1399 1118 1482; baseline 0 -20"><span class='ocrx_word' id='word_1_50' title='bbox 140 1399 237 1482; x_wconf 80' lang='lat' dir='ltr'>ligare</span> <span class='ocrx_word' id='word_1_51' title='bbox 249 1419 303 1482; x_wconf 91' lang='lat' dir='ltr'>per</span> <span class='ocrx_word' id='word_1_52' title='bbox 314 1407 462 1482; x_wconf 85' lang='lat' dir='ltr'>praecepta</span> <span class='ocrx_word' id='word_1_53' title='bbox 469 1421 478 1475; x_wconf 79' lang='lat'>3</span> <span class='ocrx_word' id='word_1_54' title='bbox 493 1399 628 1482; x_wconf 86' lang='lat' dir='ltr'>nihilque</span> <span class='ocrx_word' id='word_1_55' title='bbox 642 1401 772 1481; x_wconf 83' lang='lat' dir='ltr'>amplius</span> <span class='ocrx_word' id='word_1_56' title='bbox 785 1401 812 1464; x_wconf 93' lang='lat' dir='ltr'>ei</span> <span class='ocrx_word' id='word_1_57' title='bbox 823 1400 997 1465; x_wconf 89' lang='lat' dir='ltr'>concedunt</span> <span class='ocrx_word' id='word_1_58' title='bbox 1010 1408 1118 1482; x_wconf 87' lang='lat' dir='ltr'>praeter</span> 
     </span>
     <span class='ocr_line' id='line_1_9' title="bbox 143 1489 1117 1571; baseline 0.002 -21"><span class='ocrx_word' id='word_1_59' title='bbox 143 1495 321 1571; x_wconf 86' lang='lat' dir='ltr'>potestatem</span> <span class='ocrx_word' id='word_1_60' title='bbox 337 1489 511 1551; x_wconf 79' lang='lat' dir='ltr'>directivom</span> <span class='ocrx_word' id='word_1_61' title='bbox 531 1507 600 1570; x_wconf 87' lang='lat' dir='ltr'>quae</span> <span class='ocrx_word' id='word_1_62' title='bbox 620 1490 744 1552; x_wconf 89' lang='lat' dir='ltr'>monitis</span> <span class='ocrx_word' id='word_1_63' title='bbox 761 1495 791 1552; x_wconf 86' lang='lat' dir='ltr'>et</span> <span class='ocrx_word' id='word_1_64' title='bbox 810 1490 1000 1553; x_wconf 83' lang='lat' dir='ltr'>suasionibus</span> <span class='ocrx_word' id='word_1_65' title='bbox 1014 1489 1117 1552; x_wconf 87' lang='lat' dir='ltr'>fideles</span> 
     </span>
     <span class='ocr_line' id='line_1_10' title="bbox 137 1578 1117 1660; baseline 0.003 -21"><span class='ocrx_word' id='word_1_66' title='bbox 137 1585 246 1657; x_wconf 80' lang='lat' dir='ltr'>regat3</span> <span class='ocrx_word' id='word_1_67' title='bbox 262 1584 439 1660; x_wconf 88' lang='lat' dir='ltr'>potestatem</span> <span class='ocrx_word' id='word_1_68' title='bbox 452 1578 524 1640; x_wconf 86' lang='lat' dir='ltr'>verd</span> <span class='ocrx_word' id='word_1_69' title='bbox 534 1578 744 1659; x_wconf 77' lang='lat' dir='ltr'>legislativum,</span> <span class='ocrx_word' id='word_1_70' title='bbox 759 1581 928 1660; x_wconf 73' lang='lat' dir='ltr'>prasertim</span> <span class='ocrx_word' id='word_1_71' title='bbox 942 1579 1021 1640; x_wconf 90' lang='lat' dir='ltr'>circa</span> <span class='ocrx_word' id='word_1_72' title='bbox 1033 1585 1117 1642; x_wconf 90' lang='lat' dir='ltr'>actus</span> 
     </span>
     <span class='ocr_line' id='line_1_11' title="bbox 143 1666 1114 1749; baseline -0.002 -19"><span class='ocrx_word' id='word_1_73' title='bbox 143 1674 284 1730; x_wconf 84' lang='lat' dir='ltr'>externos</span> <span class='ocrx_word' id='word_1_74' title='bbox 297 1667 554 1749; x_wconf 85' lang='lat' dir='ltr'>qualescumque,</span> <span class='ocrx_word' id='word_1_75' title='bbox 570 1667 609 1728; x_wconf 89' lang='lat' dir='ltr'>ita</span> <span class='ocrx_word' id='word_1_76' title='bbox 623 1667 752 1748; x_wconf 76' lang='lat' dir='ltr'>principi</span> <span class='ocrx_word' id='word_1_77' title='bbox 771 1667 906 1729; x_wconf 77' lang='lat' dir='ltr'>saeculari</span> <span class='ocrx_word' id='word_1_78' title='bbox 925 1666 1114 1746; x_wconf 78' lang='lat' dir='ltr'>adjudicant,</span> 
     </span>
     <span class='ocr_line' id='line_1_12' title="bbox 137 1755 1116 1836; baseline 0.001 -18"><span class='ocrx_word' id='word_1_79' title='bbox 137 1764 176 1818; x_wconf 71' lang='lat' dir='ltr'>&#39;ut</span> <span class='ocrx_word' id='word_1_80' title='bbox 194 1756 234 1819; x_wconf 89' lang='lat' dir='ltr'>ab</span> <span class='ocrx_word' id='word_1_81' title='bbox 254 1756 390 1818; x_wconf 75' lang='lat' dir='ltr'>Ecclesia</span> <span class='ocrx_word' id='word_1_82' title='bbox 412 1755 545 1818; x_wconf 80' lang='lat' dir='ltr'>exerceri</span> <span class='ocrx_word' id='word_1_83' title='bbox 567 1755 756 1836; x_wconf 89' lang='lat' dir='ltr'>nequiverit,</span> <span class='ocrx_word' id='word_1_84' title='bbox 781 1756 838 1817; x_wconf 92' lang='lat' dir='ltr'>nisi</span> <span class='ocrx_word' id='word_1_85' title='bbox 861 1756 1116 1819; x_wconf 85' lang='lat' dir='ltr'>consentientibus</span> 
     </span>
     <span class='ocr_line' id='line_1_13' title="bbox 135 1843 1115 1928; baseline 0 -21"><span class='ocrx_word' id='word_1_86' title='bbox 135 1845 281 1908; x_wconf 86' lang='lat' dir='ltr'>civilibus</span> <span class='ocrx_word' id='word_1_87' title='bbox 293 1843 457 1926; x_wconf 80' lang='lat' dir='ltr'>guberniis.</span> <span class='ocrx_word' id='word_1_88' title='bbox 470 1845 514 1905; x_wconf 90' lang='lat' dir='ltr'>lta</span> <span class='ocrx_word' id='word_1_89' title='bbox 530 1846 665 1906; x_wconf 89' lang='lat' dir='ltr'>sentiunt</span> <span class='ocrx_word' id='word_1_90' title='bbox 678 1845 815 1926; x_wconf 90' lang='lat' dir='ltr'>plerique</span> <span class='ocrx_word' id='word_1_91' title='bbox 829 1851 1026 1928; x_wconf 82' lang='lat' dir='ltr'>protestantes</span> <span class='ocrx_word' id='word_1_92' title='bbox 1040 1865 1115 1926; x_wconf 86' lang='lat' dir='ltr'>prae·</span> 
     </span>
     <span class='ocr_line' id='line_1_14' title="bbox 134 1933 1115 2015; baseline 0 -19"><span class='ocrx_word' id='word_1_93' title='bbox 134 1933 247 1996; x_wconf 85' lang='lat' dir='ltr'>sertim</span> <span class='ocrx_word' id='word_1_94' title='bbox 261 1933 435 2015; x_wconf 84' lang='lat' dir='ltr'>Anglicani,</span> <span class='ocrx_word' id='word_1_95' title='bbox 452 1933 632 1996; x_wconf 89' lang='lat' dir='ltr'>schismatici</span> <span class='ocrx_word' id='word_1_96' title='bbox 646 1933 783 1996; x_wconf 89' lang='lat' dir='ltr'>hodierni</span> <span class='ocrx_word' id='word_1_97' title='bbox 799 1933 879 2015; x_wconf 91' lang='lat' dir='ltr'>apud</span> <span class='ocrx_word' id='word_1_98' title='bbox 891 1935 1014 2012; x_wconf 84' lang='lat' dir='ltr'>llussos,</span> <span class='ocrx_word' id='word_1_99' title='bbox 1031 1936 1115 1996; x_wconf 91' lang='lat' dir='ltr'>multi</span> 
     </span>
     <span class='ocr_line' id='line_1_15' title="bbox 136 2022 1113 2103; baseline 0 -18"><span class='ocrx_word' id='word_1_100' title='bbox 136 2023 294 2086; x_wconf 88' lang='lat' dir='ltr'>curiarum</span> <span class='ocrx_word' id='word_1_101' title='bbox 316 2022 509 2084; x_wconf 89' lang='lat' dir='ltr'>saecularium</span> <span class='ocrx_word' id='word_1_102' title='bbox 531 2022 561 2083; x_wconf 95' lang='lat' dir='ltr'>in</span> <span class='ocrx_word' id='word_1_103' title='bbox 584 2023 678 2084; x_wconf 80' lang='lat' dir='ltr'>Gallia</span> <span class='ocrx_word' id='word_1_104' title='bbox 698 2022 831 2086; x_wconf 86' lang='lat' dir='ltr'>advocati</span> <span class='ocrx_word' id='word_1_105' title='bbox 854 2029 883 2084; x_wconf 89' lang='lat' dir='ltr'>et</span> <span class='ocrx_word' id='word_1_106' title='bbox 904 2024 1113 2103; x_wconf 58' lang='lat' dir='ltr'>magistratum</span> 
     </span>
     <span class='ocr_line' id='line_1_16' title="bbox 136 2111 1116 2192; baseline 0.003 -20"><span class='ocrx_word' id='word_1_107' title='bbox 136 2113 204 2174; x_wconf 81' lang='lat' dir='ltr'>imo</span> <span class='ocrx_word' id='word_1_108' title='bbox 225 2111 363 2173; x_wconf 93' lang='lat' dir='ltr'>nonnulli</span> <span class='ocrx_word' id='word_1_109' title='bbox 389 2111 491 2173; x_wconf 91' lang='lat' dir='ltr'>clerici</span> <span class='ocrx_word' id='word_1_110' title='bbox 519 2111 616 2192; x_wconf 83' lang='lat' dir='ltr'>ignari</span> <span class='ocrx_word' id='word_1_111' title='bbox 639 2111 686 2174; x_wconf 92' lang='lat' dir='ltr'>vel</span> <span class='ocrx_word' id='word_1_112' title='bbox 708 2112 876 2192; x_wconf 85' lang='lat' dir='ltr'>depravatae</span> <span class='ocrx_word' id='word_1_113' title='bbox 897 2112 1052 2174; x_wconf 89' lang='lat' dir='ltr'>doctrinae.</span> <span class='ocrx_word' id='word_1_114' title='bbox 1073 2113 1116 2176; x_wconf 88' lang='lat' dir='ltr'>lta</span> 
     </span>
     <span class='ocr_line' id='line_1_17' title="bbox 133 2199 1116 2282; baseline 0.003 -22"><span class='ocrx_word' id='word_1_115' title='bbox 133 2199 427 2280; x_wconf 78' lang='lat' dir='ltr'>pariter..lusephitae</span> <span class='ocrx_word' id='word_1_116' title='bbox 442 2200 473 2261; x_wconf 91' lang='lat' dir='ltr'>in</span> <span class='ocrx_word' id='word_1_117' title='bbox 487 2200 663 2279; x_wconf 76' lang='lat' dir='ltr'>Germania,</span> <span class='ocrx_word' id='word_1_118' title='bbox 678 2207 708 2262; x_wconf 90' lang='lat' dir='ltr'>et</span> <span class='ocrx_word' id='word_1_119' title='bbox 722 2201 770 2262; x_wconf 89' lang='lat' dir='ltr'>alii</span> <span class='ocrx_word' id='word_1_120' title='bbox 787 2201 872 2262; x_wconf 88' lang='lat' dir='ltr'>multi</span> <span class='ocrx_word' id='word_1_121' title='bbox 888 2202 918 2262; x_wconf 94' lang='lat' dir='ltr'>in</span> <span class='ocrx_word' id='word_1_122' title='bbox 933 2201 1077 2282; x_wconf 74' lang='lat' dir='ltr'>Hispania</span> <span class='ocrx_word' id='word_1_123' title='bbox 1087 2210 1116 2263; x_wconf 89' lang='lat' dir='ltr'>et</span> 
     </span>
     <span class='ocr_line' id='line_1_18' title="bbox 140 2288 1116 2369; baseline 0.003 -20"><span class='ocrx_word' id='word_1_124' title='bbox 140 2289 303 2351; x_wconf 68' lang='lat' dir='ltr'>Lusitania</span> <span class='ocrx_word' id='word_1_125' title='bbox 329 2289 446 2350; x_wconf 84' lang='lat' dir='ltr'>Exhinc</span> <span class='ocrx_word' id='word_1_126' title='bbox 469 2288 643 2369; x_wconf 87' lang='lat' dir='ltr'>prodierunt</span> <span class='ocrx_word' id='word_1_127' title='bbox 669 2289 796 2352; x_wconf 87' lang='lat' dir='ltr'>celebris</span> <span class='ocrx_word' id='word_1_128' title='bbox 820 2291 998 2352; x_wconf 89' lang='lat' dir='ltr'>Constitutio</span> <span class='ocrx_word' id='word_1_129' title='bbox 1023 2290 1116 2352; x_wconf 89' lang='lat' dir='ltr'>civilis</span> 
     </span>
     <span class='ocr_line' id='line_1_19' title="bbox 131 2375 1111 2458; baseline 0 -18"><span class='ocrx_word' id='word_1_130' title='bbox 131 2375 216 2440; x_wconf 74' lang='lat' dir='ltr'>(llari</span> <span class='ocrx_word' id='word_1_131' title='bbox 237 2377 396 2458; x_wconf 77' lang='lat' dir='ltr'>gallicani,</span> <span class='ocrx_word' id='word_1_132' title='bbox 414 2395 496 2439; x_wconf 90' lang='lat' dir='ltr'>annu</span> <span class='ocrx_word' id='word_1_133' title='bbox 518 2381 614 2451; x_wconf 80' lang='lat' dir='ltr'>l&#39;ltll,</span> <span class='ocrx_word' id='word_1_134' title='bbox 639 2382 669 2438; x_wconf 89' lang='lat' dir='ltr'>ct</span> <span class='ocrx_word' id='word_1_135' title='bbox 690 2377 798 2457; x_wconf 84' lang='lat' dir='ltr'>synodi</span> <span class='ocrx_word' id='word_1_136' title='bbox 820 2379 1009 2440; x_wconf 72' lang='lat' dir='ltr'>pistoriensis</span> <span class='ocrx_word' id='word_1_137' title='bbox 1029 2383 1111 2457; x_wconf 89' lang='lat' dir='ltr'>acta,</span> 
     </span>
     <span class='ocr_line' id='line_1_20' title="bbox 132 2470 324 2529; baseline 0.005 -1"><span class='ocrx_word' id='word_1_138' title='bbox 132 2483 221 2529; x_wconf 93' lang='lat' dir='ltr'>anno</span> <span class='ocrx_word' id='word_1_139' title='bbox 237 2470 324 2529; x_wconf 79' lang='lat' dir='ltr'>trac.</span> 
     </span>
    </p>
   </div>
   <div class='ocr_carea' id='block_1_5' title="bbox 127 2564 1114 3181">
    <p class='ocr_par' dir='ltr' id='par_1_5' title="bbox 127 2564 1114 3181">
     <span class='ocr_line' id='line_1_21' title="bbox 177 2564 1114 2645; baseline 0.005 -18"><span class='ocrx_word' id='word_1_140' title='bbox 177 2564 326 2642; x_wconf 85' lang='lat' dir='ltr'>Quidam,</span> <span class='ocrx_word' id='word_1_141' title='bbox 340 2568 470 2645; x_wconf 86' lang='lat' dir='ltr'>systema</span> <span class='ocrx_word' id='word_1_142' title='bbox 484 2564 721 2628; x_wconf 86' lang='lat' dir='ltr'>democraticum</span> <span class='ocrx_word' id='word_1_143' title='bbox 736 2567 766 2628; x_wconf 93' lang='lat' dir='ltr'>in</span> <span class='ocrx_word' id='word_1_144' title='bbox 789 2567 955 2630; x_wconf 83' lang='lat' dir='ltr'>Ecclesiam</span> <span class='ocrx_word' id='word_1_145' title='bbox 970 2567 1114 2632; x_wconf 90' lang='lat' dir='ltr'>inducere</span> 
     </span>
     <span class='ocr_line' id='line_1_22' title="bbox 127 2652 1114 2739; baseline 0.005 -24"><span class='ocrx_word' id='word_1_146' title='bbox 127 2653 284 2732; x_wconf 72' lang='lat' dir='ltr'>uolentes,</span> <span class='ocrx_word' id='word_1_147' title='bbox 297 2652 428 2716; x_wconf 79' lang='lat' dir='ltr'>docuere</span> <span class='ocrx_word' id='word_1_148' title='bbox 444 2653 593 2716; x_wconf 87' lang='lat' dir='ltr'>Christum</span> <span class='ocrx_word' id='word_1_149' title='bbox 609 2655 693 2736; x_wconf 87' lang='lat' dir='ltr'>priirs</span> <span class='ocrx_word' id='word_1_150' title='bbox 707 2654 825 2719; x_wconf 89' lang='lat' dir='ltr'>dedisse</span> <span class='ocrx_word' id='word_1_151' title='bbox 839 2662 1015 2738; x_wconf 85' lang='lat' dir='ltr'>potestatem</span> <span class='ocrx_word' id='word_1_152' title='bbox 1028 2658 1114 2739; x_wconf 80' lang='lat' dir='ltr'>legis-</span> 
     </span>
     <span class='ocr_line' id='line_1_23' title="bbox 130 2741 1112 2826; baseline 0.006 -24"><span class='ocrx_word' id='word_1_153' title='bbox 130 2742 258 2804; x_wconf 81' lang='lat' dir='ltr'>lativum</span> <span class='ocrx_word' id='word_1_154' title='bbox 271 2742 481 2805; x_wconf 88' lang='lat' dir='ltr'>communitati</span> <span class='ocrx_word' id='word_1_155' title='bbox 496 2741 630 2804; x_wconf 84' lang='lat' dir='ltr'>fidolium</span> <span class='ocrx_word' id='word_1_156' title='bbox 643 2792 651 2818; x_wconf 94' lang='lat'>,</span> <span class='ocrx_word' id='word_1_157' title='bbox 666 2744 704 2805; x_wconf 92' lang='lat' dir='ltr'>ab</span> <span class='ocrx_word' id='word_1_158' title='bbox 718 2744 791 2826; x_wconf 89' lang='lat' dir='ltr'>ipsis</span> <span class='ocrx_word' id='word_1_159' title='bbox 804 2744 913 2808; x_wconf 88' lang='lat' dir='ltr'>deinde</span> <span class='ocrx_word' id='word_1_160' title='bbox 927 2746 1112 2826; x_wconf 85' lang='lat' dir='ltr'>transferen-</span> 
     </span>
     <span class='ocr_line' id='line_1_24' title="bbox 130 2831 1112 2913; baseline 0.007 -21"><span class='ocrx_word' id='word_1_161' title='bbox 130 2831 208 2893; x_wconf 86' lang='lat' dir='ltr'>dam</span> <span class='ocrx_word' id='word_1_162' title='bbox 222 2833 254 2892; x_wconf 93' lang='lat' dir='ltr'>in</span> <span class='ocrx_word' id='word_1_163' title='bbox 266 2831 381 2913; x_wconf 91' lang='lat' dir='ltr'>primos</span> <span class='ocrx_word' id='word_1_164' title='bbox 395 2837 542 2912; x_wconf 88' lang='lat' dir='ltr'>pastores,</span> <span class='ocrx_word' id='word_1_165' title='bbox 558 2833 609 2912; x_wconf 92' lang='lat' dir='ltr'>qui</span> <span class='ocrx_word' id='word_1_166' title='bbox 626 2832 750 2895; x_wconf 91' lang='lat' dir='ltr'>nomine</span> <span class='ocrx_word' id='word_1_167' title='bbox 762 2835 853 2896; x_wconf 92' lang='lat' dir='ltr'>totius</span> <span class='ocrx_word' id='word_1_168' title='bbox 867 2835 1009 2898; x_wconf 80' lang='lat' dir='ltr'>llcclesiae</span> <span class='ocrx_word' id='word_1_169' title='bbox 1023 2855 1112 2898; x_wconf 82' lang='lat' dir='ltr'>euer-</span> 
     </span>
     <span class='ocr_line' id='line_1_25' title="bbox 132 2919 1110 3002; baseline 0.005 -19"><span class='ocrx_word' id='word_1_170' title='bbox 132 2926 252 2984; x_wconf 88' lang='lat' dir='ltr'>cerent.</span> <span class='ocrx_word' id='word_1_171' title='bbox 273 2923 314 2982; x_wconf 84' lang='lat' dir='ltr'>lth</span> <span class='ocrx_word' id='word_1_172' title='bbox 337 2921 486 3002; x_wconf 86' lang='lat' dir='ltr'>Marsylus</span> <span class='ocrx_word' id='word_1_173' title='bbox 508 2919 687 2997; x_wconf 78' lang='lat' dir='ltr'>Patavium,</span> <span class='ocrx_word' id='word_1_174' title='bbox 709 2922 875 2999; x_wconf 88' lang='lat' dir='ltr'>Luthcrus‚</span> <span class='ocrx_word' id='word_1_175' title='bbox 901 2925 1018 2987; x_wconf 88' lang='lat' dir='ltr'>Marcus</span> <span class='ocrx_word' id='word_1_176' title='bbox 1040 2928 1110 2988; x_wconf 87' lang='lat' dir='ltr'>Ant.</span> 
     </span>
     <span class='ocr_line' id='line_1_26' title="bbox 132 3009 1112 3091; baseline 0.007 -21"><span class='ocrx_word' id='word_1_177' title='bbox 132 3011 180 3072; x_wconf 78' lang='lat' dir='ltr'>lle</span> <span class='ocrx_word' id='word_1_178' title='bbox 198 3010 356 3086; x_wconf 91' lang='lat' dir='ltr'>Dominis,</span> <span class='ocrx_word' id='word_1_179' title='bbox 376 3009 551 3084; x_wconf 85' lang='lat' dir='ltr'>Richerius,</span> <span class='ocrx_word' id='word_1_180' title='bbox 571 3009 720 3091; x_wconf 90' lang='lat' dir='ltr'>multique</span> <span class='ocrx_word' id='word_1_181' title='bbox 738 3013 915 3076; x_wconf 85' lang='lat' dir='ltr'>lansenistae</span> <span class='ocrx_word' id='word_1_182' title='bbox 930 3019 959 3075; x_wconf 90' lang='lat' dir='ltr'>et</span> <span class='ocrx_word' id='word_1_183' title='bbox 977 3031 1049 3075; x_wconf 90' lang='lat' dir='ltr'>cum</span> <span class='ocrx_word' id='word_1_184' title='bbox 1069 3015 1112 3078; x_wconf 88' lang='lat' dir='ltr'>eis</span> 
     </span>
     <span class='ocr_line' id='line_1_27' title="bbox 130 3099 483 3181; baseline -0.006 -21"><span class='ocrx_word' id='word_1_185' title='bbox 130 3099 271 3181; x_wconf 77' lang='lat' dir='ltr'>synodus</span> <span class='ocrx_word' id='word_1_186' title='bbox 284 3099 483 3160; x_wconf 87' lang='lat' dir='ltr'>Pistoriensis.</span> 
     </span>
    </p>
   </div>
   <div class='ocr_carea' id='block_1_6' title="bbox 127 3197 1112 3720">
    <p class='ocr_par' dir='ltr' id='par_1_6' title="bbox 127 3197 1112 3720">
     <span class='ocr_line' id='line_1_28' title="bbox 175 3197 1109 3281; baseline 0.001 -20"><span class='ocrx_word' id='word_1_187' title='bbox 175 3199 254 3261; x_wconf 89' lang='lat' dir='ltr'>Sunt</span> <span class='ocrx_word' id='word_1_188' title='bbox 266 3197 388 3258; x_wconf 89' lang='lat' dir='ltr'>tandem</span> <span class='ocrx_word' id='word_1_189' title='bbox 401 3243 409 3272; x_wconf 95' lang='lat'>,</span> <span class='ocrx_word' id='word_1_190' title='bbox 423 3197 476 3278; x_wconf 89' lang='lat' dir='ltr'>qui</span> <span class='ocrx_word' id='word_1_191' title='bbox 490 3197 683 3278; x_wconf 66' lang='lat' dir='ltr'>Recolistoeb</span> <span class='ocrx_word' id='word_1_192' title='bbox 702 3197 822 3260; x_wconf 85' lang='lat' dir='ltr'>Cardia.</span> <span class='ocrx_word' id='word_1_193' title='bbox 842 3200 942 3281; x_wconf 84' lang='lat' dir='ltr'>chha</span> <span class='ocrx_word' id='word_1_194' title='bbox 955 3207 1109 3280; x_wconf 90' lang='lat' dir='ltr'>vocantur,</span> 
     </span>
     <span class='ocr_line' id='line_1_29' title="bbox 135 3285 1112 3371; baseline 0.004 -23"><span class='ocrx_word' id='word_1_195' title='bbox 135 3287 172 3351; x_wconf 85' lang='lat' dir='ltr'>ed</span> <span class='ocrx_word' id='word_1_196' title='bbox 186 3286 270 3370; x_wconf 87' lang='lat' dir='ltr'>qudd</span> <span class='ocrx_word' id='word_1_197' title='bbox 283 3285 411 3348; x_wconf 90' lang='lat' dir='ltr'>nimiinn</span> <span class='ocrx_word' id='word_1_198' title='bbox 422 3285 544 3369; x_wconf 82' lang='lat' dir='ltr'>regibus</span> <span class='ocrx_word' id='word_1_199' title='bbox 555 3293 585 3348; x_wconf 91' lang='lat' dir='ltr'>et</span> <span class='ocrx_word' id='word_1_200' title='bbox 597 3287 674 3350; x_wconf 87' lang='lat' dir='ltr'>civili</span> <span class='ocrx_word' id='word_1_201' title='bbox 689 3287 826 3368; x_wconf 91' lang='lat' dir='ltr'>potestati</span> <span class='ocrx_word' id='word_1_202' title='bbox 840 3287 968 3366; x_wconf 87' lang='lat' dir='ltr'>faveant,</span> <span class='ocrx_word' id='word_1_203' title='bbox 979 3290 1112 3371; x_wconf 68' lang='lat' dir='ltr'>quijmt</span> 
     </span>
     <span class='ocr_line' id='line_1_30' title="bbox 127 3373 1110 3458; baseline 0.005 -22"><span class='ocrx_word' id='word_1_204' title='bbox 127 3376 193 3438; x_wconf 83' lang='lat' dir='ltr'>bus</span> <span class='ocrx_word' id='word_1_205' title='bbox 206 3374 349 3437; x_wconf 78' lang='lat' dir='ltr'>Ecclesiae</span> <span class='ocrx_word' id='word_1_206' title='bbox 362 3375 403 3435; x_wconf 87' lang='lat' dir='ltr'>ith</span> <span class='ocrx_word' id='word_1_207' title='bbox 417 3373 598 3450; x_wconf 87' lang='lat' dir='ltr'>detrahunt,</span> <span class='ocrx_word' id='word_1_208' title='bbox 612 3381 645 3437; x_wconf 92' lang='lat' dir='ltr'>ut</span> <span class='ocrx_word' id='word_1_209' title='bbox 659 3393 724 3452; x_wconf 89' lang='lat' dir='ltr'>res,</span> <span class='ocrx_word' id='word_1_210' title='bbox 741 3377 765 3436; x_wconf 94' lang='lat' dir='ltr'>si</span> <span class='ocrx_word' id='word_1_211' title='bbox 785 3394 847 3437; x_wconf 93' lang='lat' dir='ltr'>nou</span> <span class='ocrx_word' id='word_1_212' title='bbox 869 3379 1059 3458; x_wconf 88' lang='lat' dir='ltr'>spirituales,</span> <span class='ocrx_word' id='word_1_213' title='bbox 1081 3386 1110 3442; x_wconf 88' lang='lat' dir='ltr'>at</span> 
     </span>
     <span class='ocr_line' id='line_1_31' title="bbox 128 3461 1110 3547; baseline 0.005 -21"><span class='ocrx_word' id='word_1_214' title='bbox 128 3467 216 3526; x_wconf 81' lang='lat' dir='ltr'>certe</span> <span class='ocrx_word' id='word_1_215' title='bbox 230 3463 436 3546; x_wconf 91' lang='lat' dir='ltr'>spiritualibus</span> <span class='ocrx_word' id='word_1_216' title='bbox 449 3461 591 3540; x_wconf 81' lang='lat' dir='ltr'>adnexas,</span> <span class='ocrx_word' id='word_1_217' title='bbox 600 3471 629 3524; x_wconf 87' lang='lat' dir='ltr'>at</span> <span class='ocrx_word' id='word_1_218' title='bbox 642 3469 736 3524; x_wconf 86' lang='lat' dir='ltr'>totam</span> <span class='ocrx_word' id='word_1_219' title='bbox 751 3463 942 3547; x_wconf 88' lang='lat' dir='ltr'>disciplinam</span> <span class='ocrx_word' id='word_1_220' title='bbox 954 3474 1110 3531; x_wconf 82' lang='lat' dir='ltr'>externam</span> 
     </span>
     <span class='ocr_line' id='line_1_32' title="bbox 128 3550 1108 3636; baseline 0.003 -24"><span class='ocrx_word' id='word_1_221' title='bbox 128 3552 234 3615; x_wconf 80' lang='lat' dir='ltr'>eidem</span> <span class='ocrx_word' id='word_1_222' title='bbox 261 3552 338 3614; x_wconf 89' lang='lat' dir='ltr'>civili</span> <span class='ocrx_word' id='word_1_223' title='bbox 366 3551 504 3634; x_wconf 89' lang='lat' dir='ltr'>potestati</span> <span class='ocrx_word' id='word_1_224' title='bbox 532 3550 706 3632; x_wconf 85' lang='lat' dir='ltr'>subjiciunt.</span> <span class='ocrx_word' id='word_1_225' title='bbox 738 3551 827 3632; x_wconf 79' lang='lat' dir='ltr'>(last.</span> <span class='ocrx_word' id='word_1_226' title='bbox 851 3555 937 3632; x_wconf 80' lang='lat' dir='ltr'>juris</span> <span class='ocrx_word' id='word_1_227' title='bbox 964 3556 1108 3636; x_wconf 78' lang='lat' dir='ltr'>publici,</span> 
     </span>
     <span class='ocr_line' id='line_1_33' title="bbox 130 3642 356 3720; baseline -0.009 -16"><span class='ocrx_word' id='word_1_228' title='bbox 130 3659 167 3720; x_wconf 87' lang='lat' dir='ltr'>p.</span> <span class='ocrx_word' id='word_1_229' title='bbox 189 3645 265 3714; x_wconf 81' lang='lat' dir='ltr'>rac,</span> <span class='ocrx_word' id='word_1_230' title='bbox 282 3642 356 3714; x_wconf 81' lang='lat' dir='ltr'>etc.)</span> 
     </span>
    </p>
   </div>
   <div class='ocr_carea' id='block_1_7' title="bbox 127 3736 1107 3888">
    <p class='ocr_par' dir='ltr' id='par_1_7' title="bbox 127 3736 1107 3888">
     <span class='ocr_line' id='line_1_34' title="bbox 175 3736 1107 3820; baseline 0.003 -21"><span class='ocrx_word' id='word_1_231' title='bbox 175 3737 282 3800; x_wconf 72' lang='lat' dir='ltr'>conat</span> <span class='ocrx_word' id='word_1_232' title='bbox 296 3737 351 3798; x_wconf 79' lang='lat' dir='ltr'>hos</span> <span class='ocrx_word' id='word_1_233' title='bbox 364 3753 471 3798; x_wconf 86' lang='lat' dir='ltr'>omues</span> <span class='ocrx_word' id='word_1_234' title='bbox 486 3736 650 3799; x_wconf 87' lang='lat' dir='ltr'>statuendae</span> <span class='ocrx_word' id='word_1_235' title='bbox 664 3744 735 3798; x_wconf 91' lang='lat' dir='ltr'>sunt</span> <span class='ocrx_word' id='word_1_236' title='bbox 749 3739 969 3818; x_wconf 88' lang='lat' dir='ltr'>propositiones</span> <span class='ocrx_word' id='word_1_237' title='bbox 983 3759 1107 3820; x_wconf 87' lang='lat' dir='ltr'>sequen·</span> 
     </span>
     <span class='ocr_line' id='line_1_35' title="bbox 127 3832 741 3888; baseline 0.007 -3"><span class='ocrx_word' id='word_1_238' title='bbox 127 3832 199 3888; x_wconf 68' lang='lat' dir='ltr'>tes:</span> <span class='ocrx_word' id='word_1_239' title='bbox 739 3859 741 3866; x_wconf 53' lang='lat'>1</span> 
     </span>
    </p>
   </div>
   <div class='ocr_carea' id='block_1_8' title="bbox 0 0 1312 4228">
    <p class='ocr_par' dir='ltr' id='par_1_8' title="bbox 0 0 1312 4228">
     <span class='ocr_line' id='line_1_36' title="bbox 0 0 1312 4228; baseline 0 2"><span class='ocrx_word' id='word_1_240' title='bbox 0 0 1312 4228; x_wconf 95' lang='lat' dir='ltr'> </span> 
     </span>
    </p>
   </div>
  </div>
 </body>
</html>
