2562 4224
196 275 252 326 111
458 228 719 322 ’ἐίῆἑῶἶῖιῆε
739 259 888 316 dancmar.

199 403 214 438 a
234 378 285 441 lib.
297 381 325 446 3,
344 385 364 438 1.
381 381 411 452 8,
428 387 461 437 ιιο
475 379 526 446 10,
539 371 669 436 decrerit
680 369 762 450 qudd
776 368 994 434 dismembrare
1009 391 1075 436 non
1087 375 1177 438 liceat

79 535 81 540 ,
198 490 213 526 c
234 467 252 528 b
266 465 406 547 parochia
420 465 476 526 sita
489 469 572 524 extra
587 477 691 522 muros
705 457 830 519 civitatis
843 463 957 538 partem
972 461 1175 540 parochiano·

199 579 213 615 o
235 572 304 616 rum
318 552 516 616 habitantium
526 551 557 612 in
572 549 700 618 civitate,
716 545 773 608 sub
787 553 931 626 praetextu
947 548 1030 628 qudd
1042 550 1102 612 iilis
1117 570 1181 618 nou

200 665 215 702 c
235 641 324 704 detur
341 641 438 705 aditus
457 641 495 704 dc
510 643 617 710 nocte,
633 635 685 698 sed
706 640 750 697 est
764 633 976 698 constituenda
997 633 1174 720 cappella..)

201 733 316 794 «intra
346 731 555 801 civitatem...;
581 743 643 808 quo
665 743 738 786 casu
765 731 864 785 rector
888 725 1062 804 persolvere
1088 728 1179 794 debet

201 844 215 879 ι
237 820 408 882 mercedem
421 816 533 881 vicario
547 815 623 877 ob...
640 812 890 894 impedimentum
904 813 1059 894 deputato.
1085 839 1102 873 o

236 910 350 971 lterum
363 906 500 970 consulta
513 903 619 966 eadem
633 901 832 982 Congregatio
850 919 858 961 ι
879 903 996 978 «An,
1011 904 1132 984 quibus
1149 906 1180 968 in

202 1020 215 1057 ι
237 998 356 1060 casibus
378 1015 414 1058 ex
437 994 557 1056 decreto
580 991 704 1053 Concilii
727 993 811 1066 (sess.
835 991 893 1066 et,
917 1009 985 1071 cap.
1007 992 1054 1072 4),
1082 999 1183 1074 potest

202 1108 217 1145 a
238 1087 405 1165 Episcopus
425 1101 517 1146 novas
537 1081 694 1162 parochias
715 1079 845 1160 erigere,
865 1078 959 1160 possit
973 1079 1087 1158 etiam,
1113 1083 1180 1146 toco

204 1199 219 1234 o
239 1173 397 1236 erectionis
410 1170 570 1240 faciendae,
585 1175 698 1231 certam
720 1173 836 1248 partem
854 1167 959 1248 populi
981 1186 1128 1248 separare
1143 1171 1181 1234 ah

109 1300 113 1308 ·
206 1287 219 1324 a
240 1263 363 1343 antiqua
377 1260 533 1342 parochia,
551 1263 582 1320 et
595 1258 679 1320 atteri
691 1255 890 1319 commodiori
904 1256 1073 1337 appiacare,
1091 1261 1119 1322 si
1136 1263 1181 1322 vet

206 1350 367 1430 «exiguus
390 1367 534 1411 numerus
560 1347 685 1428 popuii,
708 1345 755 1408 vet
783 1345 905 1425 inopia,
931 1345 978 1407 vel
1002 1347 1061 1408 alia
1087 1367 1180 1412 causa

206 1464 220 1498 a
241 1438 385 1520 impediat
403 1437 478 1518 erigi
493 1453 601 1498 novarm
614 1433 812 1516 parochiam?
834 1435 1024 1514 Responsum
1047 1443 1096 1498 est
1120 1456 1182 1501 non

206 1551 221 1586 a
241 1545 329 1609 posse
340 1545 377 1588 ex
389 1525 510 1588 decreto
523 1523 685 1587 Concita.»
702 1527 744 1585 lta
766 1525 913 1602 regnan,
931 1523 962 1584 in
979 1542 1048 1604 cap.
1066 1526 1122 1588 Ad
1133 1546 1182 1589 cu-

202 1616 359 1687 da'cnticm,
385 1623 416 1678 et
438 1615 478 1676 ita
500 1613 632 1695 reperies
653 1612 854 1675 communiter
876 1614 894 1674 a
922 1615 986 1674 DD.
1012 1613 1180 1687 traditum,

202 1706 300 1786 inquit
314 1708 350 1766 D.
371 1705 486 1779 Bouix,
503 1704 546 1764 De
567 1702 718 1770 Parocdo,
742 1720 773 1782 p.
794 1705 862 1764 aot.
886 1703 924 1761 ut
944 1700 1021 1763 ratio
1045 1709 1094 1764 est
1113 1704 1184 1786 quia

201 1793 427 1855 dismembratio
440 1791 575 1854 ecclesiae
590 1809 651 1852 non
668 1797 713 1852 est
729 1790 811 1852 licita
824 1789 974 1871 Episcopo
989 1789 1048 1852 nisi
1061 1793 1101 1853 ea
1112 1811 1182 1854 con·

117 1875 118 1878 '
202 1882 316 1944 ditione
329 1888 361 1942 ut
375 1899 451 1942 nova
466 1879 607 1961 parochia
619 1879 760 1958 erigatur.

242 1973 320 2034 Usus
332 1975 434 2030 tamen
448 1967 617 2030 contrarius
629 1968 745 2029 videtur
760 1967 930 2045 invaluisse,
947 1967 1054 2030 saltem
1064 1969 1099 2030 in
1114 1971 1183 2051 plu-

204 2059 286 2120 ribus
303 2057 405 2120 Galliae
419 2057 608 2119 dioecesibus.
627 2060 673 2117 An
695 2057 764 2118 verb
779 2055 953 2136 hujusmodi
968 2074 1043 2120 usuc
1057 2057 1099 2120 sit
1113 2061 1185 2140 tegi-

205 2149 314 2220 timus,
333 2165 393 2208 non
408 2146 556 2208 audemus
570 2145 779 2228 pronuntiare.

242 2239 312 2298 aab.
330 2237 427 2308 Quaeri
442 2235 491 2297 hic
504 2235 601 2297 obiter
614 2239 712 2314 potest
723 2251 762 2295 an
777 2233 929 2315 praescribi
940 2234 1058 2299 valeant
1069 2236 1184 2302 limites

207 2325 417 2410 parochiarum
432 2328 463 2386 et
474 2321 680 2386 dioecesiumi
1104 2355 1111 2360 —

242 2415 414 2496 Respondet
438 2413 572 2494 negative
596 2414 669 2474 Luc.
695 2411 827 2473 Ferraris
848 2412 889 2491 (v⁰
916 2411 1087 2496 (scampah,
1108 2415 1129 2497 ξ
1152 2422 1179 2490 t.

204 2514 238 2566 n⁰
250 2506 300 2585 ta)
314 2523 321 2564 :
337 2527 352 2562 (ι
366 2501 538 2565 Dummodo
556 2505 683 2576 constet,
696 2500 805 2583 inquit,
819 2501 893 2564 tales
907 2501 984 2563 tines
998 2503 1094 2568 fuisse
1113 2507 1183 2586 legi·

207 2615 222 2652 a
241 2593 314 2654 tima
324 2590 496 2652 auctoritate
510 2589 648 2670 praefixos
659 2596 690 2650 et
701 2589 887 2651 constitutos.
902 2591 1085 2668 Communis,
1096 2599 1181 2658 textu

207 2703 223 2740 a
243 2697 384 2762 expresso
397 2677 428 2738 in
440 2696 506 2757 cap.
523 2677 623 2760 Super
634 2695 667 2739 eo
675 2682 705 2752 1,
723 2677 767 2740 De
780 2679 943 2752 Paroedis;
958 2699 1025 2762 cap.
1043 2682 1183 2758 Quicum·

208 2793 223 2830 c
242 2787 298 2851 que
309 2773 339 2840 1,
356 2785 446 2829 causa
460 2769 509 2838 16,
525 2785 556 2848 q.
572 2771 602 2838 3,
619 2766 671 2828 ubi
686 2766 777 2846 hujus
789 2767 864 2829 ratio
877 2767 1012 2831 redditur·
1030 2771 1182 2856 :Napra-

207 2882 222 2916 (ι
243 2857 409 2919 vinciacum
430 2855 552 2918 termini
573 2854 795 2936 confundantur
813 2874 826 2918 .·
847 2861 878 2918 et
896 2857 1086 2923 concordant
1110 2881 1180 2944 cap.

208 2970 222 3006 a
243 2945 325 3010 Licet
339 2948 370 3019 5,
395 2962 463 3026 cap.
482 2945 564 3008 luter
584 2953 756 3006 memoratos
775 2947 810 3022 6,
831 2964 899 3026 cap.
918 2946 1049 3009 Dz'lectio
1072 2957 1125 3012 tuo
1149 2958 1180 3026 ’1,

207 3059 222 3094 «
243 3036 309 3098 ead.
332 3051 421 3097 causa
445 3037 494 3111 16,
514 3052 545 3116 q.
564 3035 596 3096 3.
613 3035 643 3095 Si
667 3040 848 3095 autemnon
871 3041 986 3097 constet
1008 3037 1084 3098 tales
1102 3038 1183 3103 fines

207 3149 220 3184 c
242 3125 332 3187 fuisse
352 3123 485 3205 legitima
501 3122 676 3185 auctoritate
688 3122 828 3203 praefixos
842 3130 872 3185 et
890 3124 1089 3200 constitutos,
1105 3133 1181 3191 tunc

206 3237 221 3273 s
243 3213 378 3296 procedit
388 3218 418 3274 et
426 3212 505 3274 valet
514 3210 708 3292 praescriptio.
721 3210 1181 3294 Abhas,Engel..,Reiffenst.,

206 3327 221 3361 a
243 3305 286 3366 De
299 3301 446 3374 dediciis,
468 3301 519 3362 tib.
539 3304 570 3375 2,
594 3300 721 3372 Decret,
744 3299 788 3361 tit.
805 3305 856 3379 26,
877 3300 943 3382 §Q
961 3311 996 3362 n⁰
1012 3305 1067 3379 10,
1083 3309 1117 3367 et
1129 3307 1181 3368 alii

207 3415 221 3452 a
246 3393 368 3472 passim.
392 3413 407 3449 n
434 3389 508 3450 Vide
531 3388 622 3450 etiam
648 3387 861 3465 Reiffenstuel,
886 3387 975 3466 inid,
1003 3389 1042 3452 „a
1063 3397 1176 3456 tto-ta.

206 3485 343 3542 Attamen
366 3481 397 3542 S.
424 3479 456 3540 C.
480 3479 585 3554 Cone,
611 3495 682 3538 cum
707 3478 922 3558 approbatione
945 3479 1096 3545 Clamant.
1121 3485 1179 3560 XI,

202 3568 376 3640 declaravit,
396 3567 445 3628 die
459 3569 497 3629 11
502 3567 573 3646 Jou.
589 3568 683 3640 1711,
699 3583 786 3646 posse
800 3569 915 3648 acquiri
932 3570 949 3630 a
963 3567 1099 3632 Praelatis
1112 3573 1181 3634 not

205 3658 264 3719 lius
276 3657 459 3718 territorium
471 3663 637 3736 separatum
650 3671 720 3715 curn
731 3655 938 3732 jurisdictione
951 3657 983 3718 iu
997 3675 1033 3719 eo
1048 3677 1105 3738 per
1116 3660 1179 3723 cla-

202 3763 270 3806 rum
291 3750 321 3805 et
340 3742 542 3822 undequaque
563 3742 727 3804 subsistens
748 3746 946 3822 apostolicum
964 3746 1181 3827 privilegium,
