2616 4228
463 305 556 350 carus
577 307 759 350 Pacuuianus.
1057 292 1097 352 3'1'

132 431 146 460 s
168 401 337 476 stel'rnnce,
349 402 498 464 ossentdle's
510 421 568 483 ραν
577 403 786 484 lopertnission
798 402 838 462 du
848 401 916 464 Boi.
924 450 929 462 .
937 449 956 471 .,
964 411 1014 464 ont
1023 421 1098 464 nna·

132 514 146 548 u
169 490 329 552 alienenteat
347 510 473 552 reconna
486 501 513 552 et
530 491 662 561 dictord,
679 493 893 554 reconnaissent
913 499 939 552 et
952 491 1101 552 declarent

133 602 147 635 u
169 577 262 661 pn'c'ls
275 589 339 640 sont
348 580 456 661 oblipe's
468 601 527 662 ραν
536 581 601 644 lenc
611 581 712 642 devoir
722 589 750 641 et
761 581 921 642 conscience
931 581 949 641 d
959 580 1099 653 ceceooc'r,

133 694 147 724 o
170 687 278 728 conante
299 668 334 728 de
355 669 417 750 fait
438 670 478 730 ils
500 677 550 731 ont
565 689 633 748 cecc
648 679 677 732 et
689 670 832 748 cepoioent
846 669 917 731 tuttt
931 669 1049 732 Concile
1067 669 1100 731 o'e

135 779 149 814 a
172 755 290 824 Trente,
308 766 335 816 et
349 767 521 838 promettent
538 759 573 820 de
587 758 739 820 l’obseccec
756 766 860 820 amant
877 759 966 840 qu'ils
980 766 1100 838 peccent

136 867 150 904 a
168 863 230 924 ραν
249 845 328 906 leurs
341 846 486 926 fonctions
498 855 527 910 et
541 847 671 910 natocite
686 847 853 930 spt‘rc‘tnelle
867 855 896 910 et
906 847 1060 928 pastorale..
1084 872 1100 908 ι

172 988 186 1004 .
206 946 286 1008 Huic
304 947 425 1010 decreto
446 947 668 1028 suscripserunt
681 951 717 1010 51
734 949 797 1010 tam
814 947 986 1012 cardinales
1005 952 1096 1032 quatu
1212 1023 1221 1032 ,

129 1053 144 1090 a
168 1034 392 1117 archicpiscopi
405 1042 434 1098 et
447 1037 625 1117 Episcopi...
639 1041 720 1098 c128
734 1036 783 1098 alii
798 1037 988 1101 ecclesiastici
1001 1039 1097 1120 depu-

128 1142 144 1180 u
166 1123 229 1184 tati.
245 1146 261 1182 u
280 1123 429 1204 (Billuart,
440 1124 476 1186 de
487 1125 591 1206 Bepnl.
608 1124 706 1200 Fidei,
720 1125 791 1188 diss.
806 1131 840 1202 5,
855 1131 910 1187 art.
926 1131 957 1201 5,
972 1147 1000 1207 p.
1016 1131 1098 1211 toa.)

166 1211 335 1276 Duodecies
344 1215 433 1291 ,jamia
448 1233 519 1294 rege
532 1214 680 1294 petierant
691 1214 830 1294 Episcopi
846 1215 984 1294 gallicani
996 1235 1097 1302 recep-

125 1299 240 1360 tionem
259 1300 382 1364 Consilii
405 1302 487 1366 Trid.
504 1321 558 1383 per
576 1303 776 1383 gubernium,
799 1321 855 1364 nec
875 1304 1010 1366 obtinere
1029 1325 1097 1368 eam

125 1395 297 1469 potuerant.
320 1391 368 1454 Sic
389 1392 419 1453 ln
443 1392 572 1453 comitiis
594 1393 665 1452 anni
688 1391 977 1472 1578,10qusbatur
997 1401 1097 1456 orator

124 1477 203 1538 Cleri
228 1481 352 1542 Arnaud
378 1480 416 1542 de
439 1483 551 1542 Pontac
577 1480 744 1560 Episcopus
765 1480 982 1543 valentinensis
996 1502 1034 1543 :a
1056 1485 1096 1545 Le

127 1590 143 1626 u
165 1568 266 1648 clerge'
279 1587 297 1630 a
310 1569 403 1630 chaisi
418 1569 456 1632 de
470 1576 569 1631 tontes
581 1569 623 1630 les
635 1569 733 1648 regles
747 1567 785 1629 de
800 1569 993 1632 reformation
1007 1571 1097 1634 celles

128 1679 143 1714 u
165 1657 218 1738 qui
232 1663 287 1718 ont
299 1659 347 1720 ete'
360 1657 471 1720 dicte'es
485 1665 515 1719 et
528 1658 636 1720 e'crites
649 1675 703 1738 par
717 1657 744 1716 le
758 1657 955 1738 Sciat-Esprit
968 1677 1007 1720 au
1020 1661 1095 1724 saint
1213 1685 1215 1689 ·

127 1768 143 1804 u
164 1753 195 1808 et
208 1747 357 1809 universel
372 1747 493 1810 Concile
507 1747 545 1808 de
564 1749 674 1808 Trente
685 1793 693 1820 ,
706 1765 794 1836 ponec
806 1746 897 1828 qo’ils
915 1755 980 1808 sont
1002 1748 1057 1810 lc'e's
1067 1759 1096 1812 et

127 1857 143 1893 u
163 1837 306 1897 nstrec'nts
319 1855 379 1897 nnc
393 1836 448 1898 lois
458 1836 539 1897 ainsi
551 1836 638 1916 faites
653 1853 707 1915 par
721 1835 839 1916 l'Eglise
853 1835 1032 1923 universelle
1044 1857 1096 1904 sur

126 1946 143 1982 u
164 1925 254 2004 peine
267 1925 359 1987 d'ctre
368 1922 462 1987 ‘tenus
475 1943 552 2006 pour
565 1924 784 2006 sclismntt'qnes
798 1943 897 1986 envers
910 1923 1041 2006 l'Eplise
1051 1947 1096 1989 ca·

126 2035 142 2072 a
164 2013 332 2095 tlzolc'qne...
345 2021 375 2077 et
387 2014 560 2076 d’enccurir
571 2031 678 2078 envers
692 2014 767 2076 Dieu
781 2013 939 2076 anathema
951 2023 980 2076 et
993 2018 1098 2098 perpe-

126 2103 256 2165 «tuelle
280 2103 493 2166 damnation...
518 2103 540 2164 ll
567 2103 670 2184 pleure
692 2109 723 2164 et
750 2103 880 2164 lamente
905 2121 940 2165 ce
964 2106 1096 2168 mauvais

125 2213 142 2256 o
163 2192 278 2254 eonseil
288 2193 325 2254 de
338 2211 415 2255 ceux
426 2192 559 2273 quivous
568 2211 608 2254 en
618 2197 671 2253 ont
680 2191 801 2254 divellis
809 2191 963 2272 Jusqu‘ici.
975 2213 990 2252 u
1004 2194 1097 2256 Porrd

122 2281 300 2363 hujusmodi
316 2281 490 2363 denegatio,
512 2281 570 2342 nisi
591 2280 707 2342 dicatur
724 2281 933 2343 auctoritatem
957 2281 1096 2344 Ecclesiae
1181 2355 1185 2358 ,

122 2388 205 2432 essse
218 2370 454 2454 submittendam
468 2369 548 2433 civili
562 2369 712 2450 potestati,
728 2369 861 2450 legitime
875 2369 1021 2450 impedire
1035 2389 1097 2432 non

122 2459 215 2522 valuit
226 2459 442 2538 obligationem
456 2458 579 2522 Concilii
595 2458 626 2520 in
642 2457 745 2520 Gallia.
766 2457 896 2532 rAinsi,
912 2457 1046 2538 quoique
1059 2459 1098 2522 de

125 2571 141 2608 u
160 2548 230 2624 tait,
253 2547 352 2630 inquit
370 2547 464 2610 Bouix
483 2546 532 2625 (du
551 2545 639 2610 Conc.
650 2565 751 2628 prou,
765 2550 798 2608 4⁸
812 2546 921 2627 partie,
942 2545 1030 2628 cbap.
1045 2552 1095 2626 ab,

63 2713 70 2724 ⁸
125 2661 141 2698 a
162 2659 194 2720 p.
206 2637 435 2718 507),certains
447 2636 564 2699 decrets
573 2635 612 2698 de
625 2637 654 2698 la
664 2635 822 2718 discipline
833 2635 872 2698 de
882 2639 991 2700 Tsente
1001 2637 1099 2700 soient

124 2750 141 2787 a
161 2727 282 2790 lumbes
301 2745 340 2788 en
359 2725 525 2788 desuetude
545 2744 584 2788 en
605 2727 736 2803 Franco,
758 2744 799 2788 ou
822 2727 922 2786 meme
943 2725 994 2807 n’y
1017 2727 1099 2790 aient

124 2839 142 2877 a
159 2816 270 2896 jamnis
290 2815 337 2878 ete
355 2817 413 2877 mis
434 2833 473 2876 en
494 2815 653 2896 pratique,
678 2832 798 2878 comme
812 2814 876 2876 cela
890 2819 937 2876 est
949 2814 1045 2878 arrive'
1058 2835 1098 2878 en

122 2929 139 2966 a
161 2905 294 2968 d'autres
304 2922 391 2986 pays,
405 2904 447 2966 cb
461 2903 489 2964 la
503 2903 689 2984 publication
704 2903 745 2964 du
759 2903 876 2966 concile
890 2921 907 2964 a
919 2903 966 2966 e'te'
979 2901 1064 2983 faite,
1077 2906 1096 2968 il

121 3020 137 3056 a
161 2995 307 3056 demeure
329 2991 547 3055 incontestable
575 3009 635 3072 que
656 2991 804 3056 l’autoritd
830 2991 1056 3074 ecclesiastique
1080 3013 1097 3056 a

119 3109 135 3144 a
160 3083 338 3146 reellement
351 3088 381 3143 at
394 3080 676 3162 authentiquement
689 3099 761 3156 recu
776 3099 812 3144 ce
832 3081 948 3144 concile
962 3088 991 3144 et
1004 3087 1098 3163 quant

120 3197 136 3235 a
160 3192 199 3236 au
213 3172 324 3254 dogma
338 3177 368 3233 et
381 3176 477 3253 quant
494 3169 552 3232 dle
565 3169 741 3252 discipline,
756 3188 826 3233 sans
840 3170 869 3231 la
889 3170 1028 3233 moindce
1041 3189 1097 3233 res

119 3286 134 3319 n
159 3261 332 3324 trieben.»
358 3259 424 3323 llid.
448 3261 539 3321 etiam¹
562 3259 650 3320 Card.
678 3259 823 3337 Gousset,
847 3259 1030 3340 Ecpositioo
1050 3259 1098 3326 dtr

113 3351 287 3432 principes,
302 3359 360 3412 eto.
378 3346 436 3430 (n⁰¹
447 3348 608 3430 tos-tta).
712 3399 714 3409 .

160 3445 211 3503 dl.
234 3440 312 3501 Nota
325 3437 425 3520 qudd,
440 3443 510 3499 aute
530 3455 650 3517 semper
664 3435 828 3516 lugendam
842 3436 1098 3517 perturbationem

118 3533 209 3605 tntis,
225 3527 350 3608 epochis
375 3525 534 3608 periodicis
559 3525 672 3586 fiebant
699 3524 731 3586 in
759 3523 854 3588 Gallia
875 3525 952 3590 Cleri
977 3529 1098 3591 comitis

116 3617 314 3692 (assemblees
336 3615 380 3680 du
401 3616 533 3697 clerge),
557 3613 598 3676 cd
619 3631 688 3696 quas
705 3614 1012 3680 assentationum
1026 3617 1097 3679 certi

119 3706 260 3788 Episcopi
281 3705 414 3786 deputati
435 3703 595 3784 bsingulis
608 3701 770 3784 provinciis
784 3703 1012 3782 ecclesiasticis,
1032 3711 1097 3766 tum

117 3795 292 3881 sacerdotes
313 3793 449 3874 deputati
470 3811 507 3856 ex
529 3792 616 3854 Claro
637 3790 763 3854 secundi
785 3791 899 3859 ordinis
922 3793 1099 3922 earumdem
