2616 4228
416 310 417 314 ,
491 275 577 318 aaran
598 274 715 336 narnus.
1052 269 1094 320 tto
1126 265 1135 274 “

115 398 132 435 a
153 374 331 436 missionem
357 391 412 454 por
434 391 527 454 quam
550 371 578 434 ei
598 371 791 457 assignentur
814 372 940 452 subditi,
964 375 996 434 iu
1014 391 1108 454 quos*

117 485 133 524 a
154 462 317 543 imperium
333 469 510 524 exerceat.»

155 568 295 630 Alterum
316 573 418 628 autem
438 573 506 628 est:
527 567 585 628 «si
607 566 677 647 quis
699 565 808 628 dixerit
829 567 1012 647 Episcopos,
1037 567 1091 647 qui

120 659 334 718 «auctoritate
361 655 489 716 Romani
515 654 669 716 Pontificis
695 664 912 732 assumuntur,
940 673 1001 716 non
1027 673 1091 716 esse

120 769 135 804 a
156 745 308 825 legitimos
321 752 351 806 et
362 762 446 806 veros
460 743 637 824 Episcopus
651 742 704 805 sed
720 742 899 821 figmentum
910 742 1093 816 humanum,

121 834 319 896 «anathema
342 833 388 895 sit.
414 854 430 892 r
456 832 544 896 Unde
571 831 649 895 idem
678 831 845 893 Concilium
872 831 940 913 (it,
968 849 1034 910 cap.
1060 830 1092 911 t)

115 921 222 984 statuit
249 941 256 982 :
287 943 302 980 a
321 923 381 983 Eos
403 921 456 1002 qui
477 919 690 982 tantummodo
710 921 727 982 a
749 919 862 1001 populo
882 928 935 982 aut
960 917 1096 980 saeculari

122 1034 138 1068 a
158 1017 318 1092 potestate,
334 1028 370 1071 ac
383 1009 560 1090 magistratu
579 1010 671 1072 locati
685 1016 716 1071 et
729 1009 856 1071 instituti
873 1008 988 1070 adhaec
1001 1007 1097 1070 ecclc·

123 1123 138 1158 ιι
159 1099 280 1160 siastica
299 1097 464 1160 ministeria
482 1097 651 1160 exercenda
665 1097 842 1174 ascendunt,
858 1105 887 1159 et
900 1098 952 1178 qui
971 1115 1007 1158 ea
1021 1114 1095 1176 pro·

123 1210 138 1246 a
160 1187 227 1268 pria
249 1187 413 1248 temeritate
433 1185 489 1247 sibi
507 1193 643 1260 sumunt,
659 1204 766 1249 omnes
785 1204 847 1248 uon
869 1185 1011 1248 Ecclesiae
1035 1184 1094 1244 rni-

124 1299 139 1334 a
161 1277 292 1348 nistros,
309 1275 361 1336 sed
376 1274 463 1336 ‘sures
477 1281 506 1336 et
520 1275 651 1336 latrones
665 1293 719 1356 per
736 1275 849 1337 ostium
868 1293 931 1336 non
946 1275 1099 1354 ingressos

124 1389 139 1424 a
160 1365 319 1426 habendos
333 1383 408 1426 esse.
425 1385 441 1420 n

163 1458 248 1532 155(
265 1467 385 1538 Quaerit.
410 1470 520 1531 Utrum
541 1468 683 1532 Ecclesiae
704 1468 795 1530 tribui
816 1471 911 1548 possit
929 1469 1100 1548 jurisdictio

122 1559 247 1641 proprie
260 1558 340 1618 dicta
352 1555 369 1616 ‘l

161 1662 318 1740 Negarunt
331 1657 467 1738 quidem,
481 1665 512 1720 et
525 1658 617 1720 etiam
634 1675 716 1720 nunc
729 1665 842 1737 negant
856 1658 957 1738 plures
968 1657 1096 1738 Jurispe-
1184 1731 1188 1734 ,

122 1749 173 1810 riti
188 1748 357 1822 saeculares,
371 1747 408 1807 ed
423 1745 507 1826 quod
518 1745 688 1827 jurisdictio
703 1747 824 1828 proprie
835 1746 914 1807 dicta
930 1747 1101 1808 necessario

123 1836 260 1899 includat
262 1837 314 1916 jus
322 1835 508 1895 coercitionis
517 1842 658 1911 cateruae,
665 1835 750 1914 juxta
758 1836 856 1916 legem
865 1835 1103 1915 Car'jmisdictio

124 1925 155 1987 ff.
165 1924 476 1996 delurisdr'ct.Porrc,
487 1923 639 2003 inquiunt,
648 1923 846 1986 Ecclesiahoc
849 1923 903 2005 jus
912 1925 1098 1985 coercitionis

125 2033 189 2076 non
205 2013 348 2094 possidet.
366 2011 424 2073 Sed
439 2011 651 2073 affirmandum
665 2015 746 2074 certe
760 2021 824 2089 est3
842 2030 913 2074 nam
927 2013 982 2074 etsi
998 2013 1102 2075 Eccle-

124 2103 170 2165 sia
188 2120 251 2164 non
267 2101 373 2162 habeat
380 2101 435 2181 jos
447 2100 633 2161 coercitionis
644 2102 687 2164 sic
701 2101 885 2163 intellectum
900 2102 982 2182 quod
993 2101 1098 2163 habeat

125 2197 306 2274 potestatem
333 2191 362 2252 vi
388 2189 634 2270 apprehendendi
663 2209 718 2270 per
744 2191 872 2271 seipsam
899 2210 1025 2272 corpora
1053 2192 1099 2252 vel

124 2281 219 2356 bona,
234 2297 296 2340 non
311 2277 379 2340 ideo
393 2285 495 2340 tamen
510 2279 551 2339 itti
567 2279 677 2340 desunt
696 2279 796 2341 media
816 2281 943 2358 cogendi
965 2280 1104 2341 subditos·

124 2368 165 2431 ad
178 2367 452 2448 obtemperandum
470 2386 478 2427 ι
495 2368 561 2428 illos
579 2369 662 2428 enim
683 2374 780 2448 potest
800 2386 909 2448 cogere
929 2387 980 2448 per
1002 2369 1098 2448 priva-

124 2458 243 2520 tionem
259 2458 407 2517 bonorum
422 2456 635 2537 spiritualium,
652 2455 832 2537 denegando
846 2464 1033 2518 sacramenta
1047 2465 1104 2520 aut.

124 2547 314 2628 sepulturam
334 2545 587 2623 ecclesiasticam,
603 2545 761 2627 spoliando
780 2545 933 2606 beneticiis
951 2553 981 2606 et
995 2545 1100 2608 officiis

124 2636 337 2699 ecclesiasticis
351 2681 358 2705 .
374 2633 462 2696 variis
482 2634 618 2696 censuris
640 2634 816 2714 plectendo,
836 2641 893 2696 etc.
918 2634 1005 2714 Unde
1028 2635 1101 2696 dicit

127 2724 302 2806 Apostolus,
317 2726 336 2784 2
354 2721 391 2784 ad
413 2723 494 2798 Cor,
514 2741 581 2804 cap.
605 2727 654 2800 tc,
673 2742 701 2784 v.
724 2727 742 2785 6
763 2742 771 2785 :
797 2725 864 2784 alu
887 2732 1028 2804 promptu
1045 2724 1100 2785 lra-

129 2814 268 2876 abentcs
283 2812 386 2874 ulcisci
402 2830 525 2874 omnem
541 2811 776 2874 inobedientiam
797 2833 813 2872 o
828 2832 837 2890 ;
852 2820 883 2874 et
896 2817 915 2873 2
929 2813 967 2873 ad
982 2813 1104 2891 Thess,

125 2922 195 2985 cap.
218 2905 249 2980 3,
273 2921 303 2964 v.
330 2905 396 2962 tt:
422 2903 484 2964 asi
507 2901 576 2983 quis
598 2919 659 2963 non
683 2901 785 2964 obedit
806 2901 896 2962 verbo
920 2911 1023 2964 nostro
1048 2921 1101 2984 per

133 3015 146 3053 ι
167 2991 346 3073 epistolam,
368 2989 451 3052 hunc
465 2997 565 3052 notate
579 2997 609 3053 et
623 3008 662 3052 ne
677 2990 933 3052 commisceamini
952 3010 1022 3053 cum
1037 2992 1100 3068 itto,

131 3103 146 3140 ι
169 3089 204 3143 ut
218 3077 432 3141 contundatur.
448 3100 464 3138 n
486 3079 626 3141 Facultas
640 3079 819 3160 Theologioa
830 3080 1005 3140 Parisionsis
1019 3078 1101 3140 dam·

129 3169 211 3232 navit
224 3177 259 3229 at
277 3168 444 3229 tereticam
462 3168 699 3250 propositionem
720 3172 790 3229 Ant.
813 3167 851 3230 de
869 3168 1017 3242 Dominis,
1033 3186 1101 3247 quae

127 3256 298 3338 denegabat
325 3259 465 3319 Ecclesiae
490 3276 587 3318 ceram
606 3256 867 3340 jurisdictionem,
896 3257 949 3316 lroc
974 3264 1014 3316 est
1042 3255 1106 3338 vim

126 3347 288 3408 condicam
310 3355 341 3407 et
356 3347 573 3426 subjectionem
594 3355 766 3422 externam3
786 3352 816 3406 et
839 3345 922 3406 Bulla
946 3345 1105 3406 Auctorem·

125 3433 212 3517 fidei,
226 3444 260 3496 n⁰
279 3440 309 3507 t,
326 3434 383 3497 hoc
401 3435 481 3497 idem
499 3435 621 3498 damnat
635 3442 668 3497 ut
683 3434 824 3496 inducens
837 3433 871 3494 in
883 3442 1007 3516 systema
1024 3432 1106 3496 alitis

127 3523 302 3586 danmatam
315 3533 349 3585 at
361 3525 530 3586 haereticum
540 3533 560 3586 ¹.

160 3741 168 3768 ¹
182 3737 211 3788 lu
228 3736 329 3804 Syllabo
349 3737 385 3788 Pii
405 3737 436 3789 tlt
448 3737 594 3805 reprobatur
608 3755 708 3806 propos.
722 3739 768 3803 tt,
785 3739 822 3792 sic
837 3739 950 3796 habens:
965 3759 975 3786 ι
994 3737 1104 3789 Ecclesia
