2526 4210
499 296 585 340 taran
606 259 723 341 iiiam.
776 265 798 277 ⁸
1040 289 1098 348 287

115 391 223 470 iuquit
247 390 359 454 Bened.
380 391 458 465 XIV,
486 392 692 474 desponde,
718 393 770 454 lib.
795 397 850 470 la,
870 413 936 476 cap.
960 398 994 473 8,
1013 407 1048 458 n⁰
1067 402 1098 460 8.

161 481 233 540 111.
250 479 373 549 Quaerit.
387 481 434 541 dn
445 481 680 543 Constitutiones
694 481 998 562 Synodalescondere
1008 486 1101 564 possit

118 567 291 649 Episcopus
300 568 414 649 absque
426 587 577 632 consensu
586 569 631 632 vel
641 570 768 632 consilio
777 571 904 651 Capituli
912 571 1101 635 t-observa

120 661 194 716 ante
205 656 435 737 responsionem
449 657 531 739 quod
542 658 775 721 Constitutiones
783 658 948 740 synodales
957 668 1027 723 sunt
1043 663 1102 724 illae

119 762 194 825 quae
208 745 314 807 saltem
328 744 359 806 in
377 746 500 827 Synodo
515 747 766 828 promulgantur3
785 747 843 809 hoc
864 755 1030 829 praenotato
1048 771 1054 810 :

164 836 255 915 Resp.
279 836 310 896 1ο
332 835 446 916 Regula
468 835 616 915 generalis
639 842 685 898 est
710 855 797 915 posse
819 837 867 898 edi
889 837 935 899 vel
957 837 1104 918 publicari

119 923 361 986 Constitutiones
374 922 405 986 in
420 925 543 1006 Synodo
557 925 671 1006 absque
684 945 821 986 consensu
834 925 983 1007 Capituli:
1000 925 1031 986 id
1048 925 1105 989 tuit
1133 995 1136 1002 ⁴

121 1009 239 1090 pluries
251 1009 386 1074 decisum
401 1013 418 1072 3
433 1013 464 1075 S.
481 1012 629 1094 Congreg.
647 1013 782 1075 Concilii.
1135 1065 1138 1097 ,

165 1099 234 1161 Duo
247 1118 335 1164 casus
348 1100 551 1182 excipiuntur.
571 1101 692 1164 Primus
712 1109 756 1164 est
776 1101 801 1164 si
824 1102 950 1182 qnaestio
968 1108 1046 1164 esset
1066 1104 1105 1166 de

123 1186 162 1248 iis
177 1187 374 1270 materiispro
388 1189 499 1271 quibus
511 1207 680 1252 consensus
697 1191 823 1272 Capituli
838 1191 979 1271 expresse
997 1192 1015 1252 a
1035 1193 1105 1270 jure
1136 1201 1138 1270 ζ

123 1276 308 1356 requiritur,
333 1297 362 1342 v.
387 1299 431 1360 g,
453 1278 477 1341 si
505 1277 544 1341 de
566 1279 748 1343 alienatione
762 1297 864 1342 rerum
882 1285 913 1341 et
932 1279 1048 1358 iuriam
1065 1282 1103 1343 ad

125 1364 277 1428 Ecclesias
291 1366 573 1449 pertinentiumvel
586 1368 624 1432 de
636 1371 786 1432 erectione
797 1387 882 1430 novae
892 1368 1045 1431 Parochiae
1054 1375 1104 1432 aut

125 1454 286 1534 Dignitatis
301 1463 353 1518 aut
370 1455 593 1534 Canonicattls,
619 1457 664 1519 vel
688 1458 726 1519 de
749 1458 881 1531 unione,
902 1456 1105 1534 disjunctione

121 1549 180 1604 aut
194 1545 405 1624 suppressione
421 1544 638 1607 beneficiorum
652 1551 804 1627 ageretur,
815 1552 867 1606 aut
881 1544 918 1605 dc
933 1545 970 1604 iis
984 1563 1052 1626 quae
1067 1547 1104 1606 ad

121 1631 255 1712 Capituli
268 1633 412 1696 interesse
426 1633 594 1714 specialiter
608 1641 637 1695 et
651 1633 822 1695 notabiliter
835 1636 982 1714 spectant.

172 1721 330 1786 Secundus
343 1741 431 1786 casus
444 1730 490 1784 est
503 1722 528 1783 si
542 1721 683 1784 existeret
696 1721 829 1804 legitima
842 1720 1029 1784 consuetudo
1048 1739 1105 1783 ex-

123 1809 269 1894 quirendi
281 1812 408 1894 Capituli
418 1827 614 1876 consensum.
623 1813 666 1873 lta
679 1811 815 1872 decisum
825 1813 842 1871 t
852 1811 883 1872 S.
893 1810 986 1888 Cong.
998 1811 1103 1888 Cone,

126 1900 160 1962 id
172 1903 262 1963 causa
276 1901 435 1982 Burgensi,
446 1907 480 1963 ut
492 1899 593 1961 videre
607 1907 651 1961 est
665 1919 713 1980 ap.
733 1899 844 1961 Bened.
861 1899 943 1976 xlv,
958 1897 999 1960 ue
1012 1896 1102 1981 Syn,

126 1989 182 2050 lib.
200 1991 249 2066 13,
264 2008 330 2070 cap.
344 1993 373 2065 1,
390 1999 422 2050 n⁰
437 1994 467 2052 9.

171 2081 261 2160 Resp.
286 2083 318 2142 2⁰
341 2080 455 2160 Regula
475 2081 565 2142 etiam
580 2078 807 2160 generalised,
830 2096 891 2138 non
908 2075 1005 2138 valere
1025 2078 1104 2138 Con-

122 2167 489 2250 stitutionesSynodales,
507 2169 564 2230 nisi
590 2168 772 2248 Episcopum
797 2165 924 2246 Capituli
949 2164 1105 2225 consilium

121 2255 276 2338 exquirat,
290 2257 429 2339 quamvis
438 2257 510 2318 illud
524 2257 609 2338 sequi
625 2273 687 2317 non
702 2261 849 2316 teneatur.
861 2254 925 2314 Hoc
939 2259 1106 2316 constater

121 2351 204 2409 Can.
220 2347 403 2430 Episcopus,
418 2347 487 2407 dist.
510 2351 565 2421 31,
585 2352 615 2406 et
637 2363 703 2423 cap.
731 2341 811 2406 otim
829 2344 887 2415 l'l,
911 2341 956 2402 lle
975 2341 1104 2404 Parata:

125 2460 147 2497 c
171 2435 203 2498 Si
218 2437 403 2518 Episcopus,
419 2435 590 2496 inconsulto
603 2431 751 2512 Capitale,
768 2446 859 2492 novas
870 2428 1106 2491 Constitutiones

124 2549 146 2586 c
170 2523 297 2585 ediderit
310 2572 319 2606 ,Ι
333 2530 423 2603 atque
433 2523 464 2584 in
481 2522 603 2603 Synodo
618 2518 869 2602 promulgaverit,
886 2517 944 2579 illae
958 2517 1104 2598 profecto,

128 2637 146 2675 α
170 2621 273 2695 utpote
291 2613 465 2674 deficientes
479 2614 497 2673 a
510 2613 617 2673 norma
637 2611 654 2670 3
669 2609 737 2688 jure
753 2606 942 2688 praescripta,
964 2605 1106 2670 firmitate

124 2727 145 2764 n
170 2703 315 2764 carebunt
321 2723 330 2780 3
347 2701 485 2782 quamvis
499 2701 524 2762 si
535 2699 623 2780 justae
637 2703 668 2760 et
680 2695 870 2759 rationabiles
879 2694 1107 2776 deprehendan-

128 2817 146 2854 a
170 2801 236 2866 tur,
252 2793 350 2853 sanari
366 2795 479 2871 queant
492 2791 510 2851 a
524 2791 555 2852 S.
573 2789 683 2870 Congr.
698 2785 834 2849 Concilii.
854 2807 871 2844 a
889 2783 1004 2847 Bened.
1025 2787 1105 2865 XlV,

121 2883 181 2945 lib.
199 2883 254 2955 13,
270 2899 336 2960 cap.
351 2885 379 2953 t,
396 2888 430 2940 n·
444 2883 492 2941 16.

172 2975 195 3032 Α
211 2969 398 3051 praeoedente
410 2967 528 3049 regula,
540 2967 735 3047 excipiendus
751 2971 796 3028 est
809 2982 897 3027 casus
912 2981 975 3044 quo
993 2963 1108 3044 vigeret

122 3059 318 3124 consuetudo
333 3057 465 3137 legitime
475 3055 648 3137 prescripta
658 3102 666 3132 ,
678 3062 711 3116 ut
725 3052 893 3134 Episcopus
908 3053 1022 3131 absque
1042 3053 1106 3114 ullo

126 3147 260 3230 Capituli
282 3147 409 3208 consilio
433 3144 599 3225 synodales
626 3141 861 3204 Constitutiones
883 3139 973 3200 edere
1000 3140 1103 3219 possit.

126 3239 207 3301 Vide
221 3236 334 3298 Bened.
351 3233 438 3310 XIV,
454 3234 498 3295 Dr
510 3231 602 3313 Sym,
617 3231 743 3303 diceres„
760 3229 811 3290 lib.
829 3230 884 3304 13,
899 3246 965 3308 cap.
986 3232 1015 3301 1,
1027 3237 1061 3288 n⁰
1073 3233 1104 3307 8,

124 3328 183 3392 ubi
198 3326 305 3406 allegat
319 3342 384 3405 cap.
400 3323 449 3385 lio
463 3318 794 3401 praecellensque
806 3317 885 3398 fiunt
891 3335 901 3390 3
915 3323 944 3376 et
957 3335 1024 3397 cap.
1036 3317 1106 3379 Non

124 3425 181 3491 cst,
195 3415 241 3479 De
255 3411 482 3488 Consuetudine,
497 3413 528 3472 in
542 3414 586 3473 6⁰.
599 3411 635 3470 Et
645 3408 711 3471 haee
721 3405 910 3471 consuetudo
920 3423 982 3466 non
991 3423 1107 3469 consu·

124 3507 211 3570 lendi
229 3503 400 3584 Capitulum
418 3503 455 3564 Ia
465 3498 621 3582 plurimis,
639 3496 702 3579 seri
717 3495 824 3576 ubique
847 3492 983 3569 latetur,
1006 3494 1107 3577 inquit

127 3595 264 3660 Ferraris
278 3592 320 3674 (10
332 3591 520 3673 Capitulum,
534 3594 589 3650 art.
607 3592 638 3663 2,
656 3585 693 3646 n¹⁵
708 3583 828 3666 28-30).
849 3604 865 3641 r
884 3584 949 3655 Oui
973 3583 1106 3665 legitime

130 3709 149 3745 ι(
169 3691 327 3760 exstante,
351 3700 413 3742 non
435 3678 565 3759 amplius
583 3675 746 3756 requiritur
765 3674 858 3755 ipsius
876 3673 1003 3756 Capituli
1027 3693 1106 3735 con-

129 3800 149 3836 «
168 3791 288 3838 sensus
303 3793 318 3831 n
332 3773 441 3834 Praeter
455 3768 536 3829 dieta
548 3765 623 3842 juris
636 3763 776 3842 capitula,
792 3764 923 3824 Ferraria
935 3764 1007 3824 citat
1019 3763 1100 3823 insu.

1052 3869 1065 3903 ’.1
