2548 4216
168 349 227 408 4111)
443 353 594 402 staurari
615 355 697 404 ruars
718 354 856 402 1111111111

170 457 200 518 in
215 457 327 538 quibus
344 463 479 519 remanet
497 455 640 535 obligatio
657 473 713 536 pro
728 455 841 536 populo
854 457 982 518 Sacrum
997 456 1157 523 faciendi?

208 543 696 627 11111111111111,111Ε111111111
714 545 807 624 supra
826 545 938 618 relata,
961 565 1033 625 quae
1052 549 1154 610 deter-

170 634 324 696 minantur
338 635 370 695 in
385 634 521 714 catalogo
535 633 694 694 Fastorum
708 631 822 695 Urbani
837 631 919 703 Vlli,
946 633 1051 698 addita
1073 639 1154 699 Con·

170 723 534 806 captionislmmaoulalae
554 720 734 797 Festivilale,
755 739 824 801 quae
840 727 942 802 postea
964 723 1157 792 1111111111111Ι

173 813 210 880 lll
223 811 278 875 suit
294 813 466 893 praescripta
478 830 486 886 ;
498 809 656 872 videlicet:
674 809 811 872 «Natalis
830 810 968 888 Domini,
984 813 1155 878 Circumci-

176 923 191 958 1
212 901 324 976 sionis,
341 899 558 982 Ephiphaniae,
573 897 727 960 Paschatis
740 915 811 960 cum
824 899 943 961 duabus
956 899 1070 964 diebus
1081 907 1153 965 sub·

176 1012 191 1044 1
211 988 427 1071 sequentibus,
444 986 649 1060 ascensionis,
666 988 855 1048 Pentecostes
869 1005 939 1049 cum
955 987 1079 1054 duabus
1093 993 1156 1055 die·

177 1100 191 1135 1
213 1077 269 1139 bus
284 1076 548 1158 subsequentibus,
563 1074 725 1149 Trinitatis,
742 1075 883 1155 Corporis
892 1077 1028 1156 Domini,
1045 1083 1156 1144 lovea

177 1165 302 1226 ationis
327 1167 444 1228 Sanctae
469 1165 589 1235 Crucis,
613 1163 851 1238 Purificationis,
878 1166 1154 1250 Annuntiationis,

178 1275 192 1310 1
215 1252 772 1334 assumptionis,NatiuitatisB.Mariae
784 1251 1154 1337 Virginis,Dedicationis,

178 1363 193 1397 1
212 1341 244 1403 S.
260 1342 424 1419 Michaelis,
437 1341 601 1404 Natiuitatis
611 1342 641 1403 S.
654 1340 779 1402 loannis
794 1341 944 1421 Baptistae,
960 1345 1014 1406 SS.
1031 1345 1114 1410 Petri
1126 1358 1156 1412 11

178 1453 193 1486 u
213 1431 315 1505 Pauli,
332 1432 363 1493 S.
378 1431 524 1506 Andreae,
540 1432 571 1492 S.
588 1429 714 1505 Jaccbi,
736 1431 767 1491 S.
790 1428 932 1508 loannis,
952 1433 983 1494 S.
1005 1434 1154 1514 Thomae,

177 1541 193 1577 «
213 1519 266 1582 SS.
291 1519 417 1601 Philippi
438 1528 467 1582 et
487 1519 612 1594 iacobi,
628 1521 659 1580 S.
677 1517 907 1594 Bartholomaei,
938 1521 970 1583 S.
998 1523 1154 1602 Matthaei,

178 1631 192 1665 a
213 1610 267 1672 SS.
292 1609 424 1671 Simonis
436 1615 465 1670 et
476 1607 582 1682 Judae,
600 1609 628 1670 S.
648 1605 799 1682 Matthiae,
815 1611 846 1668 S.
861 1608 1018 1688 Stephani,
1033 1614 1089 1677 SS.
1104 1619 1156 1678 In.

178 1720 192 1752 u
214 1699 407 1773 nocentium,
427 1699 458 1760 S.
479 1697 652 1774 Laurentii,
675 1696 705 1758 S.
728 1695 885 1776 Syluestri.
902 1699 933 1758 S.
956 1700 1104 1782 losephi,
1121 1708 1154 1769 S.

179 1808 193 1843 a
215 1789 323 1862 hnnae,
333 1787 477 1848 Omnium
493 1787 560 1860 SS,
572 1787 692 1847 Festum
703 1784 795 1847 unius
808 1785 825 1846 1
840 1787 1002 1867 praecipuis
1015 1792 1157 1857 Patronis

179 1897 193 1932 1
213 1877 362 1955 cujusque
387 1875 512 1938 civitatis
533 1879 585 1936 aut
607 1873 667 1936 loci
688 1894 719 1950 η
746 1880 776 1935 11
799 1872 923 1954 insuper
946 1893 1058 1940 omnes
1080 1883 1157 1945 alias

176 1963 349 2025 Dominicas
362 1965 444 2025 anni.

193 2073 199 2084 ’
214 2051 270 2114 Per
286 2054 407 2115 Festum
421 2055 620 2115 Patronorum
640 2051 817 2132 intelligitur
834 2053 1040 2117 Patronorum
1061 2060 1158 2124 totius

175 2141 271 2222 regni,
286 2142 333 2204 v'el
348 2144 438 2205 lolius
452 2142 591 2204 dioecesis
604 2149 656 2203 aut
668 2140 805 2216 civitatis,
817 2141 869 2222 qui
881 2139 1006 2205 luerunt
1017 2144 1158 2228 legitime
1234 2187 1239 2194 ·

173 2232 340 2310 assumpti,
368 2250 477 2312 nempe
497 2249 551 2312 per
571 2230 749 2292 electionem
770 2231 786 2290 a
807 2231 921 2310 populo
944 2230 1057 2295 iactam
1079 2256 1156 2300 cum

174 2335 298 2381 assensu
308 2315 662 2400 Sedishpostolicae.Non
673 2316 953 2398 intelligiturautem
962 2339 1018 2401 par
1027 2323 1156 2388 Festum

174 2409 373 2470 Patronorum
388 2410 511 2471 Festum
525 2407 702 2469 'l'itularium
717 2406 993 2488 Eeclesiae,quippe
1009 2429 1072 2474 non
1086 2428 1156 2478 erat
1269 2487 1270 2490 Ἴ

173 2494 211 2556 (11
224 2504 373 2577 praecepto
398 2505 467 2558 ante
481 2514 596 2558 annum
612 2499 701 2573 1802,
717 2494 778 2555 nisi
789 2501 880 2558 esset.
898 2494 1067 2568 Patronus,

213 2586 448 2648 controvertitur
469 2593 571 2648 utrum
594 2585 643 2646 die
665 2585 776 2646 Natalis
798 2585 919 2646 Domini
939 2590 1091 2667 parochus
1106 2602 1154 2659 te.

175 2680 282 2736 nentur
291 2682 351 2736 tres
366 2675 471 2736 missas
482 2674 607 2736 recitare
616 2692 623 2734 :
632 2673 743 2735 Bened.
759 2675 824 2734 xlv
838 2672 895 2750 (De
906 2673 1020 2757 Sacris.
1030 2681 1152 2762 Misco,

175 2762 226 2822 lib.
239 2766 268 2836 3,
284 2781 350 2842 cap.
366 2767 441 2837 9,111
454 2762 486 2845 a)
502 2761 654 2824 adhaerere
667 2759 783 2824 videtur
794 2763 950 2824 sententiae
963 2765 1130 2835 affirmanti
1142 2795 1152 2850 3

174 2850 226 2912 sed
241 2850 322 2912 addit
333 2851 405 2912 nihil
416 2851 454 2912 ab
467 2851 600 2913 Ecclesia
608 2857 639 2912 et
648 2850 746 2912 Sacris
757 2850 1048 2930 congregationibus
1057 2857 1155 2926 luisse

173 2940 309 3003 decisum
319 2940 419 3020 quoad
428 2939 643 3018 obligationem
655 2939 720 3000 illas
733 2945 793 3000 tres
807 2939 914 3000 missas
926 2944 1040 3022 populo
1051 2953 1151 3031 appli·

173 3030 278 3104 carrdi3
294 3027 374 3091 unde
393 3045 430 3090 eo
452 3027 500 3090 die
522 3045 583 3089 non
606 3044 651 3089 est
673 3026 814 3107 obligatio
839 3027 1010 3108 applicandi
1035 3041 1153 3121 populo

175 3119 229 3179 nisi
245 3135 336 3178 unam
351 3116 486 3180 missam.

213 3208 266 3267 Die
279 3206 352 3268 verb
361 3205 662 3270 commemorationis
673 3205 811 3267 omnium
822 3206 1053 3284 Defunctorum,
1067 3235 1150 3296 paro

174 3294 248 3355 chus
261 3312 322 3355 non
336 3299 455 3355 tenetur
467 3293 635 3375 specialiter
649 3293 770 3355 missam
784 3294 935 3376 applicare
950 3317 1006 3379 pro
1020 3301 1149 3371 defunc.

173 3383 210 3444 tis
224 3383 383 3463 parochiae.
428 3411 430 3414 ·

212 3475 281 3531 545.
305 3473 424 3542 Quaerit.
442 3475 473 3532 3⁰
489 3473 534 3530 ho
550 3469 671 3550 parochi
690 3489 744 3552 per
762 3474 876 3556 seipsos
887 3481 1052 3544 teneantur
1064 3487 1146 3550 cele·

174 3556 260 3618 brare
275 3559 397 3620 missam
413 3577 468 3639 pro
482 3559 596 3639 populo
608 3559 625 3620 'l

213 3646 379 3724 Respondit
397 3646 505 3708 alliam.
529 3648 560 3708 S.
580 3648 611 3709 C.
635 3648 762 3724 Gonoil,
780 3655 818 3714 111
838 3659 913 3736 sept.
935 3660 1012 3720 aaut
1030 3679 1038 3722 :
1059 3663 1144 3726 exci-

175 3731 286 3832 piendo
304 3740 404 3794 tamen
418 3752 516 3795 cusum
529 3753 606 3796 verte
620 3737 797 3801 necessitatis
810 3749 838 3802 11
855 3761 1045 3813 concurrente
1060 3751 1147 3816 nausa*

166 3819 323 3878 1111111111.
