2590 4214
203 289 262 348 roa
481 293 735 350 susurrationis
755 291 904 339 canonici.

244 392 360 456 Dicitur
374 396 406 453 ἓ·
420 391 462 454 ad
471 399 593 453 mortem
606 399 659 453 aut
667 391 910 454 mutilationem:
923 411 986 460 non
999 393 1086 456 enim
1099 392 1190 455 suffi-

204 489 286 548 ceret
295 480 462 543 verberatio
473 480 564 542 etiam
579 497 676 559 usque
689 479 727 540 ad
737 481 931 560 sanguinem.

246 570 364 633 Dicitur
387 572 421 632 3⁰
438 567 505 644 Oui
531 576 727 650 cooperantur
754 586 763 631 ε
790 568 973 650 irregulares
994 569 1082 633 enirn
1110 570 1190 633 liunt

206 657 381 739 omnesqui
396 656 434 718 ad
451 656 631 718 sententiam
648 655 806 736 sanguinis
819 664 1028 731 concurrunt,
1047 660 1188 740 nempe:

247 751 279 810 l⁰
299 746 422 810 ludices
445 761 613 824 eorumque
638 762 821 817 assessores,
851 752 1040 808 nouantem
1069 746 1189 808 domini

208 835 400 916 temporales,
420 832 511 896 etiam
528 832 742 908 ecclesiastici,
762 833 829 896 aliis
841 835 1071 897 committentes
1081 834 1190 914 huius·

208 919 291 986 modi
310 941 415 986 causes
439 941 447 984 :
471 940 539 1002 cap.
555 921 623 996 ult„
644 920 693 983 Ne
709 921 814 984 cleriei
829 922 876 984 uel
895 922 1041 998 mon.‚in
1057 927 1092 984 6⁰
1104 969 1115 994 ,1
1134 923 1191 985 nisi

209 1014 330 1094 ipsimet
335 1011 478 1091 juberent
491 1017 525 1072 ot
536 1008 630 1088 judex
644 1009 780 1090 aliquem
794 1011 1032 1073 determinatum
1050 1010 1091 1072 ad
1105 1028 1191 1073 mor·

211 1107 270 1163 tem
285 1101 460 1176 damnaret,
475 1098 521 1160 vel
536 1097 714 1160 sententiam
727 1099 852 1180 exsequi
867 1098 1013 1162 iacerent.

251 1193 283 1250 2⁰
303 1192 406 1248 Testes
424 1185 582 1248 voluntarii
602 1204 656 1248 seu
675 1185 770 1248 libera
789 1205 821 1248 se
841 1187 1003 1250 offerentes
1021 1185 1064 1249 ad
1082 1187 1191 1249 testifi-

210 1276 343 1340 candum
356 1281 462 1336 contra
480 1291 584 1348 reum,
606 1274 661 1335 etsi
676 1279 881 1353 protestentur
898 1293 1010 1337 senon
1030 1275 1192 1338 intendere

211 1365 391 1428 sententiam
405 1361 571 1443 sanguinis.
586 1361 617 1424 Si
632 1363 705 1424 verli
717 1363 813 1425 coacti
827 1363 888 1424 sint
903 1363 941 1424 ad
954 1362 1121 1424 ferendum
1134 1371 1193 1426 tes

212 1454 373 1517 timonium
389 1452 492 1532 (prout
505 1451 537 1513 in
550 1450 642 1512 Gallia
659 1450 722 1511 lieri
736 1451 841 1530 solet),
857 1459 1044 1514 excusantur
1057 1451 1099 1512 ab
1110 1452 1191 1514 irre·
1283 1487 1284 1492 κ

213 1541 388 1622 gularitate3
396 1539 513 1618 iudices
526 1539 598 1600 vero
610 1547 639 1600 et
653 1539 702 1599 alii
718 1539 847 1600 ministri
856 1539 980 1621 justitiae
994 1558 1059 1600 non
1074 1539 1192 1602 haben·
1285 1561 1286 1564 ¹

213 1639 261 1694 tur
281 1636 315 1692 ut
333 1628 531 1702 eoacti,ai1m
553 1628 659 1688 saltem
674 1627 841 1690 voluntarie
855 1627 991 1690 officium
1010 1647 1106 1690 suum
1120 1647 1192 1691 sus·

211 1725 369 1799 ceperunt.

253 1811 285 1869 3·
306 1810 381 1868 Item
402 1804 580 1885 irregulares
595 1803 672 1866 liunt
691 1809 881 1866 accusatores
897 1805 945 1866 vel
959 1803 1195 1867 denuntiatores

213 1903 349 1977 petentes
367 1894 547 1968 vindictam,
563 1892 588 1954 si
608 1898 715 1974 agatur
734 1891 774 1954 de
788 1892 916 1954 crimine
929 1891 1026 1973 digno
1041 1894 1194 1954 sententia
1289 1882 1290 1908 ¹

215 1984 381 2064 sangoinis.
403 1986 436 2044 ln
458 1981 551 2042 Gallia
573 1991 674 2042 autern
698 1979 832 2042 officium
861 1981 1045 2044 accusatoris
1072 1982 1195 2064 impleri
1290 1982 1291 2000 ¹

216 2071 321 2153 nequit
334 2071 391 2134 nisi
406 2073 423 2133 a
439 2070 636 2132 Procuratore
656 2069 778 2150 publico
797 2067 864 2150 (seu
878 2070 1057 2151 Imperiali).
1085 2071 1193 2133 Clerici

217 2168 317 2223 autem
341 2162 372 2222 in
396 2159 487 2222 sacris
509 2167 561 2222 aut
590 2156 780 2236 beneficiati,
803 2157 828 2220 si
854 2165 997 2220 accusent
1026 2159 1096 2220 sine
1110 2159 1196 2240 justi

216 2253 328 2326 caust;
345 2255 396 2311 aut
410 2249 448 2323 si,
463 2266 534 2310 cum
549 2249 638 2310 causi
649 2245 824 2322 sufficienti,
835 2254 978 2308 accusent
993 2246 1060 2308 sine
1075 2257 1195 2328 protes·

215 2339 328 2401 tatione
351 2337 433 2419 qudd
461 2355 524 2398 non
551 2335 709 2396 intendunt
731 2352 853 2415 poenam
878 2335 1053 2414 sanguinis,
1084 2342 1197 2416 praeter

217 2427 466 2508 irregularitatem
480 2443 572 2506 quam
584 2423 760 2498 incurrunt,
775 2428 902 2504 peccant
915 2423 1096 2486 mortaliter.

257 2515 381 2577 Minime
391 2522 493 2576 tamen
508 2512 680 2593 irregularis
694 2511 822 2573 efficitur
836 2518 1004 2588 accusator,
1021 2511 1084 2574 sive
1099 2512 1198 2577 laicus

217 2605 279 2666 sive
291 2603 430 2680 clericus,
445 2602 496 2683 qui
514 2607 636 2663 accusat
649 2600 686 2660 ad
701 2601 937 2682 praecavendum
950 2607 1004 2663 aut
1020 2604 1196 2665 resarcien-

217 2691 291 2754 dum
306 2693 464 2773 proprium
480 2691 646 2768 damnum,
661 2687 737 2750 lacta
750 2689 873 2768 praelata
888 2689 1123 2770 protestatione,
1140 2692 1196 2754 elsi

217 2779 282 2841 haec
296 2781 411 2841 sincere
424 2797 485 2840 non
501 2779 597 2851 lieret,
610 2777 701 2838 modd
714 2784 783 2837 ante
798 2776 979 2838 sententiam
994 2776 1046 2838 liat
1056 2778 1092 2839 G.
1107 2777 1197 2844 Pra-

221 2868 300 2944 latis‚
312 2869 355 2930 De
369 2866 521 2944 homicid,
533 2867 563 2928 in
574 2871 617 2928 6⁰.
629 2864 808 2945 Hujusmodi
824 2865 997 2945 protestatio
1011 2866 1198 2948 suffragatur

219 2966 337 3028 tantum
359 2966 390 3025 in
407 2965 498 3026 causa
517 2963 658 3044 propria,
678 2978 740 3020 non
759 2959 947 3035 alienorum,
963 2959 1021 3021 nisi
1037 2961 1102 3023 sint
1121 2983 1197 3044 pro-

218 3055 324 3136 pinqui
338 3071 435 3133 usque
449 3050 488 3113 ad
505 3060 647 3132 quartum
661 3048 811 3130 gradum,
826 3048 872 3110 rel
890 3049 948 3110 nisi
959 3048 998 3110 sit
1016 3067 1110 3112 causa
1124 3071 1196 3133 pro·

217 3145 292 3225 priae
304 3142 449 3204 ecclesiae.

257 3235 332 3293 item
351 3229 533 3309 irregulares
553 3228 653 3290 fiunt:
682 3227 817 3288 notarius
836 3226 1019 3290 sententiam
1032 3227 1175 3292 scribens

218 3321 299 3403 quod
311 3327 412 3382 tamen
427 3321 444 3380 ὲ
459 3317 642 3399 quibusdam
656 3322 785 3396 negatur
793 3334 803 3390 ;
832 3314 961 3376 ministri
971 3326 1195 3398 exsequentes;

218 3408 338 3472 lictores
353 3426 441 3470 reum
454 3404 747 3486 comprehendentes
762 3450 771 3479 ‚
788 3411 846 3465 etc.
859 3405 901 3478 (S.
918 3401 1042 3483 Liguor.
1057 3451 1067 3481 ‚
1085 3405 1139 3468 lib.
1156 3412 1196 3484 Ἰ,

219 3497 397 3576 ιΜ61).-
411 3498 458 3556 An
478 3495 554 3557 verd
565 3494 663 3574 jurati
674 3491 718 3572 (in
731 3491 838 3572 Gallia)
854 3491 928 3552 fiant
942 3487 1128 3572 irregulares
1140 3495 1199 3558 dis

217 3591 340 3662 putatur
355 3600 365 3643 r
386 3583 439 3644 sed
454 3584 525 3644 cum
534 3582 638 3664 jurati
650 3597 688 3641 ex
701 3587 757 3642 art.
773 3584 845 3658 396,
857 3578 935 3643 Code
948 3579 1122 3647 drasam.
1136 3585 1197 3646 ατ·-

218 3668 357 3742 steincile,
373 3675 526 3749 nequeant
537 3687 570 3730 se
585 3668 757 3742 abstinere,
775 3667 814 3729 de
824 3668 860 3730 iis
870 3676 914 3730 est
930 3670 1194 3749 pronuntiandum

217 3757 296 3817 sicut
309 3753 348 3815 de
362 3756 497 3816 testibus.
1146 3761 1149 3768 '
