2548 4216
194 272 254 331 360
466 280 618 324 urununrx
639 279 722 324 runis
743 277 891 324 cxnoxror.

233 382 361 457 Exhinc,
375 383 459 461 juxta
471 380 565 442 Bouix
580 379 679 460 (itta,
695 399 726 460 p.
745 378 959 460 laetaremini
972 381 1172 460 potestparo·

193 472 291 536 chus:
313 470 488 551 «Legitima
508 467 668 550 deputatus
688 467 724 530 ad
746 469 993 543 ministrandum,
1004 485 1043 528 ex
1059 468 1173 550 obliga·

199 561 314 622 «tione
337 565 367 620 et
384 557 508 640 proprio
532 557 679 634 nomine,
704 557 834 622 verbum
847 557 903 620 Dei
929 562 958 618 et
985 564 1175 620 sacramenta

199 669 215 709 ι
236 654 319 710 certo
337 647 580 708 dioecesanorum
603 663 749 722 numero,
778 645 832 726 qui
846 645 886 706 ab
907 643 1015 707 eodem
1044 643 1176 707 vicissim

201 759 217 797 a
238 755 322 806 sacra
349 735 483 816 recipere
505 734 695 817 aliquatenus
715 739 889 797 teneantur.
907 755 922 792 a
942 734 1032 797 Unde
1062 752 1101 796 eo
1116 735 1177 816 ipso

197 826 278 906 ,quod
291 825 360 907 quis
372 823 539 886 instituitur
553 821 719 905 parochus,
736 823 827 885 habet
837 821 1085 904 iurisdictionem
1100 821 1178 886 ordi·

198 915 313 978 nariam
336 915 367 975 in
382 913 447 976 loro
461 913 580 974 interno
594 915 625 973 et
638 916 737 992 potest
752 911 906 976 absolvere
920 911 946 972 si
962 909 1002 972 sit
1024 911 1178 974 sacerdos.

198 1005 240 1066 lta
255 1021 373 1065 omnes.

239 1095 303 1153 Vox
322 1097 421 1152 autem
445 1089 596 1172 purorlioe
615 1089 729 1172 duplici
749 1108 839 1153 sensu
857 1089 1005 1170 accipitur
1021 1107 1031 1150 a
1057 1091 1107 1152 vel
1131 1109 1181 1170 pro

199 1177 385 1259 designanda
394 1180 479 1240 sacra
491 1177 571 1252 aede,
595 1182 624 1240 et
635 1177 679 1240 sic
692 1183 737 1240 est
757 1178 878 1242 ecclesio
893 1178 943 1240 cui
958 1175 1131 1260 adscriptus
1144 1185 1181 1240 ert

200 1275 296 1330 certus
305 1265 463 1348 popularet
476 1275 586 1328 rectore
602 1265 732 1346 ejusdem
749 1267 876 1330 eeclesiae
891 1275 1034 1347 tuaquom
1052 1266 1182 1348 parocho

201 1355 367 1430 euraudus3
381 1355 428 1416 vel
443 1373 497 1436 pro
512 1353 711 1436 significanda
720 1355 973 1437 parochianorum
988 1355 1180 1430 collectione,

201 1453 230 1508 et
247 1447 278 1506 in
298 1443 356 1506 hoc
370 1461 476 1518 sensu,
494 1452 535 1505 est
554 1451 634 1504 certo
648 1441 778 1506 diaecesis
791 1442 959 1506 incolarum
974 1462 1050 1524 puro
1064 1490 1075 1514 ,
1091 1443 1182 1506 otiari

204 1533 341 1614 tunqudm
349 1529 476 1615 parocho
489 1531 627 1614 subjectu.

243 1623 320 1684 Cura
343 1621 514 1684 animarum
533 1619 581 1682 vcl
599 1627 647 1682 est
666 1621 803 1702 superior
818 1625 849 1682 et
860 1622 967 1702 plena,
983 1623 1086 1702 qualis
1101 1641 1182 1686 como

203 1710 276 1792 petit
293 1712 325 1773 S.
343 1708 482 1771 Pontifici
498 1707 708 1791 etEpisoopis,
723 1716 752 1772 et
767 1709 812 1772 sic
824 1709 914 1771 etiam
929 1710 1061 1774 includit
1080 1718 1181 1792 potes·

203 1803 294 1860 tatem
315 1797 346 1858 in
366 1797 431 1859 loro
445 1803 570 1860 externo
584 1817 592 1874 ;
608 1797 655 1859 vel
668 1803 713 1859 cst
735 1797 856 1860 inferior
878 1805 908 1859 et
923 1799 1077 1880 partialis,
1100 1807 1131 1862 et
1143 1798 1180 1868 sic

205 1904 266 1948 non
276 1885 448 1948 extenditur
462 1885 546 1948 adea
559 1891 710 1968 quaesunt
724 1885 780 1949 lori
794 1887 931 1964 externi,
950 1886 1002 1948 sed
1018 1887 1058 1948 ad
1072 1907 1111 1950 ea
1120 1907 1182 1970 quea

205 1971 260 2035 lori
274 1973 384 2036 interni
399 1983 469 2036 sunt
483 1974 688 2054 restringitur3
704 1975 760 2037 ista
781 1975 927 2039 duntaxat
940 1975 1083 2056 parochis
1099 1995 1182 2038 com·

205 2063 289 2144 petit.
306 2063 519 2127 Verumtamen
540 2062 664 2144 quando
681 2062 720 2126 do
739 2064 814 2126 curt
838 2063 1013 2126 animarum
1032 2063 1067 2124 lit
1086 2085 1183 2128 sermo

206 2151 319 2234 absque
335 2151 436 2214 addito
452 2197 461 2230 ,
476 2151 681 2215 communiter
693 2151 725 2214 in
735 2151 794 2216 hoc
803 2152 961 2234 posteriori
974 2171 1070 2216 sensu
1088 2156 1184 2236 potitis

206 2240 352 2321 accipitur
363 2241 456 2318 quam
466 2239 498 2302 in
515 2239 619 2321 priori.

246 2331 323 2392 Cura
344 2327 516 2392 animarum
530 2327 673 2412 dividitur
686 2329 785 2393 adhuc
805 2329 838 2392 in
852 2327 1035 2394 habitualem
1048 2337 1078 2394 et
1090 2342 1185 2397 ocare

207 2417 283 2482 tem:
300 2417 350 2479 illa
364 2416 473 2480 dicitur
488 2434 594 2480 curam
608 2416 754 2480 duntaxat
773 2417 956 2489 habitualem
974 2419 1112 2500 habero,
1135 2423 1186 2505 qui

207 2526 273 2571 eam
289 2524 351 2568 non
364 2523 519 2582 exercens,
533 2522 591 2568 nec
601 2505 692 2568 etiam
702 2506 804 2568 valens
817 2524 971 2583 exercere,
980 2507 1072 2571 debet
1087 2517 1186 2574 tamen

207 2594 363 2675 providere
377 2600 410 2656 ut
431 2593 593 2675 paralium
614 2599 809 2671 exerceatur,
832 2600 923 2676 prout
944 2597 1047 2658 evenit
1063 2601 1187 2680 quando

208 2682 343 2764 Capitulo
359 2700 476 2744 annexa
488 2688 532 2744 est
546 2700 619 2744 cura
639 2682 823 2746 ratimarum.
836 2683 994 2746 Actuolem
1007 2688 1082 2748 vero
1099 2687 1187 2751 habet

209 2772 260 2851 qui
275 2770 313 2831 de
327 2769 405 2833 lacto
426 2788 495 2832 eam
509 2769 669 2833 exercendi
687 2769 738 2852 jus
756 2771 899 2854 possidet.
919 2773 996 2835 Cura
1023 2772 1187 2839 habitualis

209 2876 270 2920 non
285 2857 396 2920 sufficit
415 2863 449 2920 ut
469 2857 537 2938 quis
560 2877 646 2921 verus
658 2857 775 2922 dicatur
791 2858 964 2942 parochus:
992 2864 1110 2947 quippe
1134 2885 1187 2929 nec

209 2945 299 3008 etiam
322 2947 372 3026 ius
392 2945 510 3008 conlert
530 2943 760 3011 administrandi
779 2966 848 3031 quea
871 2954 943 3012 sunt
962 2954 1134 3016 necessaria
1151 2955 1188 3016 ad

209 3035 348 3100 salutem.
369 3035 594 3116 «Exploratum
608 3035 722 3116 injure
735 3041 817 3101 est...
838 3036 913 3100 dum
931 3040 1060 3120 erigitur
1079 3043 1189 3106 vicaria

214 3130 418 3206 «perpetua,
442 3122 627 3186 habitualem
653 3141 759 3188 curam
786 3126 918 3188 residere
945 3129 1074 3208 quidem
1096 3151 1189 3213 penes

214 3236 229 3276 e
249 3213 439 3294 Capitulum,
454 3217 485 3275 at
507 3212 655 3275 actualem
672 3212 734 3276 sive
746 3211 825 3276 illius
839 3215 1019 3280 exercitium
1032 3220 1187 3290 transferri

215 3300 425 3364 oomnimode
451 3299 482 3362 in
498 3299 650 3362 Vicarium
671 3308 863 3383 perpetuum.
893 3304 972 3368 Hinc
995 3306 1083 3370 nullo
1099 3309 1190 3372 modo

215 3396 346 3470 «potest
373 3387 567 3470 principalis,
591 3394 692 3470 spreto
718 3389 861 3470 vicario,
883 3409 918 3457 se
944 3393 1087 3475 ingerere
1108 3415 1190 3462 curae

216 3497 231 3536 e
251 3478 433 3540 animarum.
448 3497 464 3537 a
481 3475 639 3558 (Thesaur.
655 3493 714 3542 res.
727 3479 759 3541 S.
780 3481 875 3562 Cong.
891 3479 945 3558 d,
961 3488 984 3547 t.
1007 3487 1062 3562 80,
1080 3506 1111 3568 p.
1135 3491 1188 3550 161

213 3569 240 3624 et
249 3563 333 3644 262.)

252 3649 367 3713 Sufficit
389 3651 461 3714 vero
480 3668 553 3714 cura
574 3653 714 3731 actualia,
730 3657 784 3718 etsi
799 3656 878 3720 hanc
893 3661 1053 3741 possidens
1079 3665 1192 3728 Vr'eon'i

215 3737 328 3799 uomina
342 3749 548 3820 nuncupetur,
562 3742 633 3804 edm
645 3744 695 3822 ius
709 3743 818 3808 habeat
831 3765 869 3809 ex
887 3748 1053 3816 officiosae
1069 3774 1105 3818 aa
1118 3773 1192 3838 prae·
