2562 4224
221 240 276 286 litt
490 235 640 278 sccundus
660 235 745 282 suuis
764 233 913 284 emolliet.

223 358 238 395 ι
258 340 368 408 ments,
381 349 463 394 vases
473 333 570 393 sacres
584 338 614 394 et
627 338 727 394 autres
740 332 837 410 objets
849 335 1078 404 necessairesau
1089 341 1170 416 culte,
1249 352 1250 359 ’

224 446 239 484 ι
259 441 299 486 ou
313 420 423 502 qu’elle
436 439 454 482 a
465 419 517 482 des
531 438 702 483 ressources
717 438 795 500 pour
808 440 828 502 y
841 425 983 503 pourroir
996 426 1035 489 de
1049 430 1175 506 suite3-

224 533 240 571 ι
259 511 354 572 —Les
363 507 615 572 observationsdu
625 509 737 571 conseil
752 509 919 591 municipnl
929 513 1005 575 etde
1016 515 1044 577 la
1056 515 1175 600 fabrique

224 620 240 658 c
259 598 297 662 de
311 599 339 660 la
353 597 484 679 paroisse
497 595 572 658 dont
586 597 604 658 il
620 598 706 678 s'agit
719 597 757 658 dc
777 597 918 661 detacher
936 601 964 664 le
977 604 1120 669 territoire
1133 607 1174 688 qui

225 709 240 747 r
259 687 323 749 doit
335 687 447 748 former
459 685 486 748 la
499 686 746 766 circonscription
758 685 797 748 de
809 687 837 747 lc
852 691 993 754 nouvelle
1007 696 1173 758 succursalc.

259 778 291 836 3⁰
318 763 502 856 rL'dveque
515 784 545 836 et
557 773 586 836 le
599 774 696 836 Prelet
706 773 844 838 donnent
857 775 924 840 leur
938 780 1024 872 cvis',
1039 789 1069 844 et
1079 783 1106 844 le
1118 803 1176 866 gou·

224 871 435 928 ‹vernement
457 881 650 942 pronomen
674 865 813 926 Attamen
839 865 952 930 «u’est
974 869 1114 952 l'Eveque
1134 872 1176 953 qui

225 976 240 1015 ι
260 954 381 1016 contere
395 953 423 1014 le
437 953 520 1026 titre,
536 969 625 1032 parce
640 971 699 1034 quc
714 953 866 1016 l'erection
880 963 925 1018 est
939 976 981 1020 un
992 965 1058 1022 acte
1071 961 1107 1024 de
1117 961 1169 1043 juri

224 1061 240 1100 r
259 1041 372 1103 diction
386 1040 638 1103 essentiellement
652 1040 816 1122 spirituclle
830 1063 861 1106 u.

261 1129 364 1202 Quoad
378 1128 569 1192 lornralitates
582 1147 638 1210 pro
651 1131 803 1193 erectione
819 1133 1008 1214 capellarum
1031 1145 1061 1201 ct
1089 1141 1176 1201 Anne·

222 1236 347 1292 aarum,
361 1219 433 1281 cirm
450 1217 545 1280 rarius
557 1217 729 1298 huiusmodi
743 1221 909 1285 erectiones
923 1226 940 1286 a
955 1227 1109 1292 Gubernio
1120 1248 1178 1310 pos·

222 1307 373 1383 tulentur,
397 1307 577 1369 remittimus
587 1306 626 1368 ad
640 1307 781 1369 eumdem
803 1310 923 1374 Dieulin
949 1313 1050 1394 (totu,
1066 1337 1095 1398 p.
1113 1321 1176 1380 810-

222 1395 305 1476 tlt).
328 1395 403 1458 Vide
422 1396 512 1458 etiam
532 1396 595 1458 DD.
622 1397 701 1458 Affre
722 1415 731 1458 ε
758 1397 857 1460 Tacite
873 1401 910 1464 de
931 1403 1179 1468 l'cdminr‘ctratr'ou

224 1483 403 1566 temporisne,
419 1504 448 1565 p.
462 1489 516 1563 ld,
529 1490 600 1561 etc,
616 1489 648 1544 l·
657 1485 902 1552 e'dit.—Evidens
911 1497 956 1554 est
966 1495 1048 1574 quod
1060 1496 1179 1558 Ecclesia

114 1621 118 1624 .
222 1573 301 1635 velut
314 1573 485 1636 essentiales
500 1591 561 1635 non
577 1573 682 1634 habeat
700 1573 838 1654 praelatus
852 1577 1056 1646 formalitates.
1080 1583 1181 1647 Suflicit

222 1663 592 1742 quddtlubcrniumsuum
603 1661 734 1742 praebeat
742 1681 898 1728 assensum
908 1671 1180 1754 quomodocumque

223 1750 307 1813 illum
323 1757 441 1831 praestet
451 1754 475 1813 ¹.

260 1842 330 1902 220.
354 1838 476 1911 Ouaerit.
490 1841 522 1901 2⁰
530 1841 635 1903 Utrum
650 1841 791 1920 parochia
805 1843 892 1921 qu'us
907 1848 1014 1909 Rector
1027 1855 1072 1912 est
1085 1851 1182 1913 amovi·

224 1925 290 1988 hilis
305 1927 397 2008 possit
409 1945 445 1989 ex
460 1926 524 1989 solt
535 1928 709 1990 auctoritate
724 1930 875 2012 Episcopi,
891 1933 956 1996 sine
970 1935 1093 2001 alterius
1106 1939 1181 2000 inter·

224 2020 314 2076 ventu
326 2061 334 2092 ,
348 2015 456 2078 mutari
469 2014 501 2076 in
515 2015 686 2097 parochiam
703 2017 790 2099 cujus
804 2023 913 2084 Rector
927 2021 1127 2090 inamovlbilis
1139 2027 1180 2101 sit,

192 2169 194 2175 ,
211 2104 253 2164 'ct
263 2103 328 2166 vice
342 2105 436 2167 verse.

262 2195 351 2274 Resp.
376 2195 407 2256 l·
429 2195 463 2255 ln
489 2194 583 2257 Galia
605 2195 686 2258 certe
709 2196 929 2277 requiritur'ad
944 2201 1104 2268 hocetiam
1117 2223 1181 2268 con-

224 2299 329 2344 sensus
343 2283 497 2346 Gubernii.
521 2283 552 2346 Si
572 2283 644 2345 vero
657 2285 783 2364 quaestio
799 2288 987 2368 expendatur
998 2310 1035 2356 ex
1049 2295 1113 2357 solo
1123 2295 1182 2378 juro

224 2372 388 2434 canonico:
406 2373 482 2434 «Est
496 2372 610 2454 regula,
621 2373 717 2454 inquit
731 2373 826 2436 Bouix
841 2375 898 2457 (De
909 2379 1055 2462 Peracto,
1064 2403 1095 2464 p.
1106 2383 1180 2466 tuo),

228 2479 243 2516 a
262 2459 343 2540 apud
376 2460 568 2542 Jurisperitos
599 2467 739 2540 recepta,
774 2464 835 2524 non
861 2483 948 2546 posse
976 2468 1182 2535 beneficiorum
1248 2467 1249 2478 ’

228 2569 243 2606 <r
264 2554 422 2624 naturam,
438 2566 604 2628 eorumque
626 2548 706 2629 leges
729 2549 969 2618 fundamentales
985 2557 1023 2619 ab
1044 2560 1182 2642 Episcopo

228 2657 244 2694 c
264 2635 436 2712 immulari;
457 2636 510 2698 sed
521 2637 558 2698 ad
574 2635 632 2698 hoc
643 2637 833 2702 Pontificiam
847 2643 958 2723 requiri
972 2649 1180 2712 auctoritatem.
1248 2695 1249 2698 η

229 2744 245 2782 r
264 2723 350 2786 Unde
361 2723 541 2786 beneficium
553 2725 632 2806 quod
644 2727 737 2788 semel
747 2733 891 2810 tanquam
904 2735 1046 2798 manuale
1057 2745 1182 2801 erectum

229 2833 245 2871 r
263 2818 327 2885 est,
348 2813 410 2892 jam
432 2813 586 2894 nequiter
601 2814 748 2876 Ordinarii
761 2817 881 2881 decreto
895 2828 1075 2904 perpetuum
1099 2827 1181 2899 lieri,

230 2918 321 2962 rnec
337 2901 400 2963 vice
423 2904 517 2964 verse.
538 2924 553 2961 a
578 2904 621 2964 Ita
644 2904 733 2965 etiarn
756 2913 859 2967 auctor
881 2909 1090 2976 Analertorum
1105 2913 1181 2995 juris

258 3079 264 3104 ¹
279 3073 347 3124 Circa
359 3072 543 3124 formalitatesai
561 3075 615 3140 lege
628 3074 693 3124 cirili
710 3075 735 3124 in
745 3075 820 3127 Gallia
832 3081 994 3146 prescriptus,
1012 3100 1056 3149 pro
1068 3087 1183 3138 erectione

226 3144 404 3209 parochiarum,
413 3142 447 3194 sic
457 3143 532 3194 habet
543 3144 606 3196 idem
617 3145 664 3195 llll.
675 3145 747 3204 Allre,
759 3146 802 3205 il„
816 3161 839 3211 p.
850 3147 896 3198 38:
909 3167 919 3196 ι
932 3151 969 3202 Un
977 3159 1043 3206 arrtt
1051 3155 1083 3206 du
1093 3155 1182 3208 Conscil

225 3203 304 3268 d'tltar
314 3215 374 3266 dull
390 3229 453 3264 mars
470 3215 658 3266 tortuositas
674 3231 722 3281 que
738 3216 873 3268 l'omission
888 3220 920 3270 de
935 3225 1142 3291 quelques-unes,
1155 3243 1182 3278 ou

226 3289 304 3336 niune
313 3286 343 3337 dc
358 3293 439 3336 tontes
448 3285 485 3336 les
503 3286 638 3337 formalites
654 3301 703 3352 que
713 3301 775 3337 nous
791 3303 883 3340 venons
895 3291 1041 3360 d‘indiquer,
1053 3313 1082 3349 na
1091 3298 1184 3364 pouveit

224 3356 342 3407 invalider
353 3355 488 3407 l’erection'
499 3356 573 3408 d'uno
589 3357 730 3408 succursale
747 3357 805 3408 laite
817 3374 859 3424 par
870 3360 1033 3418 Ordonnance
1047 3367 1080 3418 du
1092 3369 1143 3430 roi;
1154 3382 1183 3420 on

226 3441 257 3478 ηρ
268 3432 341 3492 peut,
354 3442 397 3492 par
412 3427 580 3492 consequent.
599 3427 727 3492 l'attaquer
746 3428 835 3480 derant
853 3431 877 3482 le
896 3432 992 3486 Conscil
1010 3427 1090 3489 dllur
1106 3453 1148 3505 par
1162 3438 1182 3488 lt

226 3497 279 3549 roie
291 3497 468 3558 contentieuse,
479 3497 580 3548 attendu
593 3514 641 3564 que
653 3499 711 3549 e’est
723 3515 756 3548 un
768 3507 822 3550 acte
835 3503 865 3552 de
876 3504 1021 3568 juridiction
1032 3509 1182 3573 gracicuse.»

226 3569 301 3620 Sccds
318 3569 349 3620 de
360 3568 548 3621 formalitatibus
560 3568 574 3619 d
585 3569 641 3634 jure
659 3570 778 3620 canonico
796 3573 950 3639 praescriptis,
969 3592 1071 3642 quarum
1088 3580 1183 3632 omissio

226 3647 308 3704 posset
327 3640 478 3704 probabilius
495 3641 623 3691 annullare
639 3641 788 3692 erectionem
805 3650 848 3692 aut
863 3644 1114 3705 dismembrationeru.
1131 3651 1185 3704 Vide

226 3711 311 3769 uouix,
326 3712 353 3760 de
366 3711 486 3770 Pcruclrc,
503 3726 526 3774 p.
540 3711 595 3772 265,
608 3717 633 3761 ct
646 3710 672 3762 S.
687 3710 751 3778 lig,
765 3711 807 3762 lib.
820 3715 843 3775 t,
857 3727 885 3763 nr
897 3717 951 3778 l8l,
961 3725 1014 3770 not.
1029 3732 1050 3772 v.
