2562 4224
176 258 232 316 l88
443 256 592 306 aiuncurt
615 253 697 298 runis
719 247 866 312 carorrcr.

177 343 1148 437 Ercuenetscint-Germur'n-en-Layeerectaexistunt‚itemque

178 459 283 520 domus
294 474 361 536 quac
372 452 461 533 vulgd
475 445 640 530 appellatur
655 440 782 516 Ouinze-
792 435 904 517 Vinpts.

215 563 272 624 Per
285 561 343 621 hoc
356 564 457 620 tamen
472 555 566 613 Breve
584 546 659 609 nihil
673 545 841 606 detractum
862 539 918 603 tuit
929 537 1048 619 juribus
1061 556 1148 619 paru

177 648 320 723 chorum,
336 645 414 708 iniis
432 660 501 724 quaa
516 634 708 700 matrimonia
721 647 889 711 eorumque
903 627 1150 689 denuntiationes

175 738 350 818 respiciunt,
362 733 517 796 necetiam
527 723 626 808 quoad
641 721 787 784 funeralia
802 717 1031 799 Capitularium,
1047 715 1151 776 Praesi-

180 827 269 899 dum,
286 824 527 905 capellanorum,
542 811 795 883 moderntricum,
815 807 1030 880 alumnorum,
1043 804 1150 865 minis-

181 920 306 983 trorum,
324 920 381 973 etc.

218 1018 328 1080 lisdem
347 1015 395 1077 die
412 1018 442 1076 et
455 1029 551 1084 anno,
568 1010 599 1070 S.
615 1002 751 1067 Pontifex
766 1000 838 1062 Pius
857 1001 897 1060 lX
911 998 1040 1060 alterum
1057 1000 1153 1060 Breve

182 1107 252 1182 Once
264 1105 393 1180 supremi·
401 1100 566 1184 principes,
580 1101 650 1168 etc.‚
663 1091 758 1154 edidit
770 1137 777 1167 ,
789 1107 850 1168 quo
864 1087 992 1148 instituit
1004 1085 1154 1166 Majorem

184 1195 381 1276 Copeltoniom
417 1189 469 1271 (lc
497 1183 613 1252 Grande
641 1177 862 1258 Aumdnerie),
882 1175 909 1236 vi
939 1175 1027 1253 cujus
1045 1193 1156 1236 omnes

182 1282 330 1364 imperiali
362 1278 470 1340 sacello
501 1271 627 1346 addicti,
659 1265 773 1329 familia
797 1263 959 1344 imperialis
985 1281 1156 1344 omnesque

182 1388 318 1452 personae
337 1366 435 1430 eidem
450 1371 517 1426 actu
538 1357 730 1422 inservientes
744 1353 789 1414 vel
803 1351 948 1426 addictae,
966 1351 1157 1432 ubicumque

181 1461 345 1540 Imperator
364 1457 489 1535 ejusque
512 1446 674 1530 imperialis
687 1443 756 1505 aule
771 1446 923 1512 versatur,
946 1457 1068 1501 necnon
1087 1459 1157 1520 per-

183 1565 265 1609 sonae
276 1563 382 1606 omnes
400 1542 547 1621 cujusque
563 1533 696 1609 ordiniS,
711 1529 892 1592 conditionis
907 1546 942 1589 ac
959 1528 1050 1589 sexus
1064 1575 1072 1602 ,
1088 1547 1158 1608 quae

182 1635 294 1716 degunt
307 1636 336 1694 in
352 1629 467 1714 palatiis
482 1623 702 1706 imperialibus,
720 1620 780 1680 sive
794 1617 953 1678 Parisiensi
970 1616 1031 1676 sive
1047 1619 1157 1678 Versa·

183 1723 267 1785 liensi
275 1744 283 1796 3
298 1722 345 1783 vel
360 1721 584 1780 commorantur
598 1707 808 1780 Sciat-Claud,
824 1704 1065 1778 Fontct'nehleun,
1079 1707 1154 1765 Corn

181 1811 300 1893 piepne,
310 1804 520 1877 contuntur
530 1801 575 1862 vel
586 1801 616 1860 in
632 1802 735 1860 castris
746 1793 964 1874 imperialibus:
978 1795 1051 1867 Pau,
1063 1793 1157 1854 Bior-

183 1889 260 1970 ritz,
286 1896 488 1974 Strosdourp,
510 1890 711 1967 subjiciuntur
735 1886 883 1963 Supremo
910 1881 1159 1962 Eleemosynario

186 1986 282 2068 quoad
293 2003 397 2046 curam
412 1979 589 2064 pastoralem
602 1981 631 2036 et
643 1973 777 2054 regimen
788 1989 823 2031 ac
836 1969 1071 2031 celebrationem
1086 1970 1159 2032 divi·

187 2091 292 2141 norum
307 2072 488 2145 ciliciorum,
504 2073 534 2128 et
547 2061 693 2125 sacerdoti
706 2059 744 2120 ab
759 2057 823 2138 ipso
838 2055 1012 2137 approbato.

223 2183 292 2242 320.
316 2178 436 2252 Quaerit.
453 2177 486 2238 3ο
505 2175 650 2246 Quaenam
665 2167 725 2228 sint
744 2163 951 2244 exemptiones
968 2163 1072 2244 quoad
1091 2165 1159 2245 jura

187 2267 390 2354 parochialia?

223 2377 312 2456 Resp.
321 2376 395 2435 Cum
407 2365 648 2450 nequeamushlc
658 2379 707 2424 eas
715 2375 1021 2437 omnesenurnerare,
1032 2361 1158 2424 sufficiat

185 2470 343 2526 annotare:
356 2463 458 2522 l⁰Non
469 2457 584 2520 tautbm
594 2449 723 2530 religiosi
735 2447 870 2529 professi,
882 2447 933 2507 sed
945 2447 1158 2530 novitiietpos-

185 2551 313 2614 tulantes
324 2551 496 2610 eximuntur
509 2547 525 2606 a
536 2539 744 2623 jurisdictione
758 2534 936 2616 parochiali:
951 2535 1155 2601 imberGonc.

185 2638 264 2702 rrid.
284 2638 369 2719 (sess.
385 2641 440 2712 bl,
456 2653 520 2716 cap.
539 2634 599 2710 ll),
614 2626 718 2690 famuli
731 2625 782 2706 qui
797 2623 910 2704 degunt
930 2625 1013 2684 iutro
1033 2635 1116 2708 septo
1130 2634 1159 2690 et

185 2735 253 2790 ectu
274 2725 439 2786 inserviunt
460 2719 622 2795 conventui,
643 2719 784 2796 possunt,
810 2713 841 2772 in
861 2711 986 2773 ecclesia
1004 2720 1058 2774 aut
1082 2732 1158 2777 con-

185 2823 276 2878 ventu
296 2813 498 2894 regularium,
519 2803 765 2872 communionem
787 2799 979 2880 paschalem,
1003 2801 1157 2881 viaticum,

185 2908 350 2967 extremam
370 2900 543 2963 unctionem
557 2891 702 2974 recipere.
718 2889 816 2970 Exigit
828 2887 953 2968 quidem
969 2891 999 2950 S.
1018 2891 1160 2970 Synodus

186 2987 266 3074 quod
289 2990 392 3053 famuli
411 2989 511 3051 vivant
529 2984 582 3047 sud
607 2978 791 3062 repulcrium
820 2976 1003 3052 obedienticl3
1030 2980 1101 3056 sed,
1123 2999 1158 3042 ex

180 3081 322 3164 pluribus
342 3073 592 3154 declarationibus
614 3072 645 3134 S.
668 3069 777 3148 Congu.
803 3066 913 3143 Cone,
935 3067 1036 3147 colligi
1062 3075 1159 3148 potest

188 3168 266 3251 quod
279 3167 321 3230 sic
336 3167 431 3228 vivere
444 3167 623 3228 censeantur
638 3157 690 3240 qui
704 3165 771 3218 actu
786 3155 949 3218 conventui
961 3155 1156 3234 deserviunt;

185 3256 256 3320 item
276 3273 382 3318 omnes
405 3251 513 3329 oblati,
534 3249 636 3312 donati
660 3265 713 3308 seu
731 3243 872 3320 tertiarii,
898 3244 949 3325 qui
973 3244 1052 3306 intra
1075 3249 1158 3326 septe

185 3345 355 3408 monasterii
370 3345 606 3406 commorantur.
627 3334 685 3398 Sed
700 3334 757 3396 boc
779 3332 934 3413 privilegio
948 3350 1010 3394 non
1025 3333 1156 3414 gaudent

185 3432 305 3496 edvenae
315 3431 367 3509 qui
382 3432 413 3491 in
424 3425 605 3495 monasterio
617 3424 821 3495 infirmantur,
833 3439 870 3481 ex
884 3420 1005 3483 decreto
1016 3423 1046 3482 S.
1060 3423 1152 3503 Cong.

185 3518 289 3594 Cone,
315 3523 352 3582 l'l
377 3524 452 3598 sept.
478 3519 573 3585 16703
597 3521 626 3575 et
648 3513 673 3573 si
697 3510 736 3572 ibi
760 3507 925 3583 decedant,
950 3525 1012 3570 non
1037 3509 1152 3592 sepeliri

186 3608 296 3670 debent
309 3606 341 3666 in
356 3622 463 3666 eorum
477 3602 620 3667 ecclesiis.

223 3721 330 3800 Neque
343 3716 484 3782 censendi
500 3721 569 3776 sunt
580 3715 712 3774 babitare
724 3709 800 3770 intra
810 3715 894 3790 septa
908 3715 937 3771 et
951 3709 1091 3788 domum,
1105 3709 1153 3792 qui
