2562 4224
181 224 223 278 sti
459 223 609 269 mensura
631 221 714 266 runis
735 219 884 264 annosior.

184 340 252 393 tans
266 329 316 390 hio
329 328 414 389 lorus
430 376 437 395 ‚
454 333 485 387 ut
502 324 704 386 verisimiliter
718 323 822 384 notitia
837 341 898 382 non
913 323 1045 402 potuerit
1057 323 1163 386 venire

187 421 224 482 ad
246 419 346 480 locum
370 416 421 477 ulii
441 423 525 475 actus
547 419 684 492 peractus
703 411 758 472 fuit
772 408 895 490 (Sanch.
911 457 918 483 ,
937 410 977 472 a.
998 458 1006 486 ,
1026 421 1058 471 n⁰
1072 415 1166 490 tl)...

187 508 252 571 lmd
264 505 379 567 etiamsi
397 505 530 563 notorius
545 501 649 562 luisset
663 500 736 561 olim
749 499 780 560 in
796 499 863 560 loco
877 499 928 560 ubi
943 508 1083 579 peractus
1099 499 1166 579 tuit,

187 595 345 656 sitantum
359 593 505 670 temporis
518 590 648 670 spatium
663 587 878 649 intercessisset
892 595 926 648 ut
937 587 999 668 jam
1014 589 1053 648 ab
1067 588 1168 650 homi·

191 701 266 745 num
279 680 424 742 memoria
440 681 540 758 lapsus
550 683 639 752 esset,
654 676 816 738 taliserror
827 675 999 738 communis
1014 676 1169 740 suflieiens

189 778 269 832 esset
283 769 454 846 (sanction,
472 767 527 837 tt„
543 778 576 826 n⁰
591 766 651 844 to).

232 863 301 922 185.
324 861 413 920 Juxta
428 855 607 916 sententiam
616 852 861 934 probabiliorem,
873 859 978 914 contra
988 855 1169 934 Fagnanum

189 948 318 1021 etalios,
335 946 444 1007 sullicit
457 963 540 1004 error
552 942 735 1018 communis,
751 942 840 1002 etiam
854 952 989 1022 respectu
1006 945 1170 1006 scientium

192 1035 298 1096 vitium
308 1034 397 1106 tituli,
413 1032 485 1112 quia
495 1032 577 1113 leges
591 1050 652 1092 non
667 1029 858 1092 considerant
869 1049 937 1111 quae
952 1032 982 1092 in
997 1033 1170 1112 particulari

189 1141 266 1184 casu
279 1121 476 1201 contingunt,
489 1121 542 1180 sed
551 1120 754 1181 communiter
766 1119 931 1180 accidentia
946 1121 1069 1195 (Sanolr.
1081 1169 1089 1198 ,
1102 1122 1141 1182 it.
1162 1169 1170 1197 ,

195 1220 228 1272 n⁰
243 1213 302 1286 m).
317 1215 474 1283 Attamen,
491 1210 586 1290 inquit
602 1209 681 1270 idem
696 1214 800 1270 auctor
813 1207 862 1290 (ηο
875 1210 927 1289 ts)
941 1211 1006 1284 ,sic
1021 1220 1105 1290 gesta
1119 1229 1171 1272 ro·

194 1299 349 1360 tractanda
362 1306 429 1359 sunt
445 1299 476 1358 in
491 1297 596 1360 odium
609 1297 688 1370 illius
702 1297 824 1358 scientis
840 1344 848 1374 ,
870 1297 993 1378 quando
1014 1299 1080 1379 ipsc
1095 1299 1172 1360 deli·

194 1389 263 1470 quit
275 1387 415 1448 adeundo
430 1388 518 1447 talem
531 1386 677 1466 judicem.
692 1386 758 1446 Imd
776 1385 801 1446 si
821 1387 1008 1466 agereturde
1030 1387 1172 1449 tribunali

195 1476 380 1557 poenitentiae
394 1523 402 1552 ,
417 1475 566 1537 consessio
580 1483 658 1536 esset
671 1475 753 1535 nulla
766 1473 886 1536 defectu
899 1475 1109 1556 dispositionis
1123 1495 1174 1538 re·

197 1565 314 1646 quisitae
330 1585 338 1640 ;
353 1583 441 1626 secus
454 1565 478 1626 si
495 1583 556 1626 non
571 1571 649 1625 esset
664 1563 797 1644 inculpa
812 1563 961 1643 poenitens
975 1565 1019 1626 sic
1034 1584 1068 1626 se
1082 1564 1174 1627 confi·

114 1677 116 1680 ¹
195 1653 288 1716 tendo
306 1671 367 1715 non
392 1653 536 1733 ignorans
557 1651 775 1715 confessarium
795 1670 897 1714 carere
915 1653 1050 1732 legitimo
1075 1654 1173 1716 titulo.

200 1741 245 1802 nd
260 1742 349 1803 talem
362 1743 445 1804 enim
458 1741 674 1802 confessarium
689 1759 845 1802 recurrere
861 1740 1023 1822 aliquando
1035 1744 1064 1804 ci
1082 1743 1174 1820 licet,

195 1831 322 1911 quando
351 1831 461 1908 nempe
478 1837 523 1890 est
543 1847 616 1890 suus
630 1829 803 1910 parochus,
828 1836 858 1891 et
885 1849 947 1891 non
969 1831 1060 1891 habet
1082 1832 1176 1894 alium

197 1918 248 1980 cui
268 1919 361 1998 possit
381 1917 539 1996 conliteri,
560 1917 733 2000 absolvique
750 1918 877 2000 indiget.
907 1921 949 1980 lta
964 1919 1076 1982 Sancti.
1094 1921 1148 2002 (ib.
1166 1969 1175 1996 ,

200 2009 236 2067 n⁰
248 2007 316 2088 to).

240 2098 307 2158 186.
331 2095 446 2156 Dicitur
462 2100 516 2156 5⁰:
544 2095 608 2177 ejus
631 2103 747 2158 naturae
769 2097 809 2156 sit
831 2095 937 2158 vitium
962 2097 1013 2157 cni
1039 2099 1179 2160 Ecclesia

199 2183 311 2246 mederi
319 2185 420 2267 possit.
437 2184 589 2264 Quidquid
605 2185 755 2246 senserint
769 2186 908 2246 nonnulli
921 2187 937 2246 a
948 2186 1083 2248 Sanchez
1099 2189 1177 2250 citati

202 2272 270 2354 (ila,
287 2283 320 2334 n⁰
333 2275 402 2349 al),
427 2291 510 2334 error
529 2272 701 2334 communis
723 2291 785 2334 non
804 2274 918 2352 praebet
939 2274 1177 2352 jurisdictionem

202 2360 258 2423 nisi
271 2359 337 2442 ‘ejus
354 2367 469 2422 naturae
487 2361 524 2421 sit
533 2360 639 2422 vitium
649 2360 726 2421 tituli
744 2407 751 2436 ‚
767 2362 815 2422 cui
831 2361 963 2422 Ecclesia
979 2363 1094 2424 mederi
1110 2383 1179 2446 pos-

200 2451 240 2512 sit
254 2470 262 2524 ;
276 2451 367 2530 porro
382 2469 443 2510 non
460 2456 556 2528 potest
564 2449 678 2510 mederi
688 2449 760 2510 vitio
770 2449 1059 2527 jurisnaturalisaut
1073 2453 1177 2515 divini.

202 2537 288 2600 Unde
303 2538 426 2598 rationis
441 2556 499 2598 usu
514 2555 632 2614 carens,
648 2536 841 2618 quantumvis
852 2557 934 2600 sanae
949 2542 1061 2601 mentis
1075 2542 1180 2604 existi·

203 2632 318 2701 metur,
334 2626 400 2704 ejus
414 2634 480 2686 acta
494 2633 582 2687 erunt
596 2625 699 2702 irrita;
716 2625 739 2688 si
755 2627 882 2688 audiens
895 2627 1104 2692 consessiones
1121 2651 1181 2695 uon

199 2715 241 2776 sit
253 2713 392 2776 sacerdos
407 2761 415 2789 ,
431 2714 580 2775 absolutio
593 2716 649 2776 erit
674 2731 795 2795 semper
809 2715 892 2777 nulla
909 2735 918 2792 ;
940 2725 969 2778 et
993 2739 1009 2776 r
1031 2721 1181 2784 contrario

170 2883 173 2891 Ι
203 2827 216 2862 r
242 2803 362 2881 opinio,
379 2801 420 2862 ait
434 2801 568 2864 Sonchez
582 2802 655 2884 (id,
672 2813 705 2862 n⁰
718 2802 789 2884 at),
803 2811 849 2865 est
865 2823 988 2885 prorsus
1011 2807 1030 2868 a
1057 2810 1181 2873 veritate

203 2914 216 2950 r
242 2891 341 2951 aliena
357 2893 377 2951 ¹.
394 2912 410 2948 n

243 2983 310 3042 t87.
335 2979 448 3041 Dicitur
460 2984 494 3041 6⁰
509 3000 516 3041 :
530 2980 635 3046 titulos
654 2981 697 3042 sit
710 2980 811 3042 saltem
820 2981 976 3044 coloratus.
1002 3007 1016 3044 (ι
1032 2986 1117 3050 Bene
1129 2988 1182 3052 ad·

201 3092 216 3126 ⁴:
241 3069 329 3131 vertit
340 3070 484 3146 Sanctior,
503 3069 643 3151 inquitS.
657 3069 782 3151 Liguor.
797 3067 862 3152 (lib.
874 3076 904 3149 6,
914 3082 947 3132 n⁰
962 3077 1045 3153 572),
1056 3077 1177 3158 quod...

234 3297 242 3324 ¹
262 3309 272 3338 ι
290 3289 366 3340 lason
385 3289 471 3350 infert,
488 3288 518 3338 de
535 3288 551 3338 l.
571 3289 713 3348 Barbaricas,
733 3292 760 3338 n⁰
771 3289 810 3350 dl,
825 3290 907 3341 valere
924 3297 992 3356 gesta
1007 3308 1050 3356 per
1065 3296 1183 3349 feminam

203 3375 316 3410 terrore
332 3359 458 3410 communi
482 3359 513 3408 ad
534 3375 658 3409 summum
685 3359 859 3410 Pontificatum
883 3371 1044 3427 proveetam3
1066 3373 1092 3417 et
1112 3370 1185 3422 refert

206 3449 216 3475 ι
235 3430 370 3480 Baldum...
383 3447 390 3488 ς
409 3431 452 3479 sed
464 3431 554 3479 Baletus
565 3446 615 3480 non
629 3431 661 3481 ita
674 3431 823 3495 generaliter
835 3431 962 3498 loquitur:
976 3437 1010 3484 ait
1022 3437 1091 3488 enim
1104 3441 1184 3494 valere

206 3505 301 3566 «gesta
319 3501 497 3564 temporaliter,
515 3516 566 3552 non
585 3507 669 3553 autern
688 3502 851 3568 spiritualiter
868 3521 911 3569 per
924 3506 1070 3559 Pontilioem
1083 3511 1184 3580 ineligi-

206 3589 216 3617 ι
235 3571 318 3620 bitom.
341 3589 350 3616 s
368 3570 459 3620 Sanc-li.
474 3573 525 3632 (tn,
543 3584 572 3620 no
586 3573 635 3637 ill,
653 3573 696 3639 qui
713 3574 782 3623 addit
795 3576 833 3634 (no
850 3576 906 3641 ⁶28J:
926 3597 936 3622 ι
956 3577 1009 3626 Non
1028 3596 1184 3637 essenorum

206 3659 218 3683 ι
233 3641 298 3720 qnml
316 3642 422 3690 assernit
437 3641 542 3693 lason...
558 3645 614 3694 crim
633 3645 723 3695 lentina
739 3645 796 3710 juro
812 3647 894 3695 durno
912 3648 943 3696 sit
961 3649 1067 3700 incanum
1078 3654 1185 3706 Pontifi-

208 3729 220 3756 4
237 3721 314 3758 catus.
330 3729 340 3756 ι
367 3743 370 3748 ·
