2548 4216
441 275 669 342 nrosnrnruus.
988 266 1050 324 aba

82 387 179 432 corum
191 389 315 451 corpora
327 381 394 455 post
408 380 536 437 mortem
549 374 670 436 luerunt
684 372 827 436 insoluta.
843 379 918 438 Itern
933 377 1042 442 instru-

82 464 174 521 menta
188 479 344 540 poenarum
358 471 386 525 et
399 462 677 538 mortificationum,
693 466 722 522 et
735 461 920 541 huiusmodi.
1062 525 1063 532 ,

115 549 229 610 Certum
252 556 297 610 est
319 551 471 632 Reliquias
493 551 608 612 noviter
629 550 784 626 inventas,
809 559 859 614 aut
882 555 1043 633 productas

82 653 135 698 non
150 655 234 718 posse
246 638 302 700 coli
318 639 403 702 cultu
417 639 550 722 publico,
570 638 626 700 nisi
642 639 725 718 priirs
738 639 870 720 legitime
880 660 1034 724 recognos-

81 731 177 787 cantur
197 731 226 787 ot
248 729 463 808 approbantur.
489 729 611 790 Constat
628 745 664 787 ox
687 745 754 808 cap.
782 727 854 790 Crini
877 749 914 790 ec
931 750 982 806 eo,
999 734 1045 794 bc

82 811 170 894 licliq.
182 825 321 889 cenerot.;
333 821 404 892 etc,
413 823 441 878 et
451 815 772 891 Conc.'lrident.‚scss.
783 821 833 890 25,
846 817 1045 898 belunenen,

81 907 144 976 etc,
153 903 201 964 ubi
212 906 350 966 statuitur
362 923 370 966 ε
382 905 504 978 «Nulla
513 902 788 966 etiomodmz'ttenclu
799 906 947 968 mc'rorula
955 928 1045 976 nouo„

85 1011 98 1046 n
116 1009 163 1052 nec
175 1011 263 1054 nouos
278 993 428 1074 Reliquias
442 991 639 1076 recipiendos,
657 991 718 1053 nisi
729 1005 941 1074 rccopnosccntc
955 1007 981 1059 ct
994 1017 1044 1079 np-

84 1091 98 1135 n
113 1080 247 1159 probante
261 1082 420 1164 Episcopo.
436 1105 452 1141 n

115 1167 196 1230 Cultu
209 1176 310 1231 autent
323 1170 438 1250 privato
454 1171 511 1232 coli
525 1174 653 1252 possunt
666 1170 812 1251 Reliqn-iae
826 1191 1040 1256 quecumque,

82 1271 135 1316 non
156 1256 251 1318 solino
268 1258 518 1320 Canonizatorurn
532 1263 585 1321 aut
602 1259 860 1336 beatificatorum,
876 1263 927 1323 sed
952 1264 1044 1325 etiarn

81 1357 143 1403 cum
157 1341 235 1406 lami
249 1347 414 1408 sanctitatis
427 1346 650 1422 defunctorum,
664 1349 800 1428 quamvis
814 1367 869 1410 nec
881 1351 1044 1431 recognitae

83 1447 133 1494 nec
145 1435 315 1514 approbatae
331 1433 451 1496 luerint.
468 1437 511 1496 lta
524 1435 738 1497 communiter.

116 1523 182 1585 l36.
205 1523 328 1596 Quaerit.
349 1527 380 1584 l⁰
395 1525 419 1584 A
434 1542 495 1604 quo
509 1521 684 1603 recognosci
698 1529 726 1584 et
740 1523 898 1604 approbari
914 1523 1041 1586 debeant
1091 1583 1094 1588 Α

83 1607 218 1690 Reliquiae
229 1617 264 1674 ut
277 1611 399 1693 publico
413 1612 495 1673 cultu
509 1611 668 1673 colantur?

117 1699 202 1780 Resp.
216 1700 270 1762 Vel
281 1700 329 1780 agi
339 1700 377 1762 de
386 1699 531 1780 Reliquiis
540 1698 676 1762 nonduin
687 1699 938 1779 Beatilrcatorum‚
950 1703 994 1764 vel
1005 1703 1046 1764 dc

83 1781 317 1850 beatificatorum
331 1795 382 1850 aut
397 1789 645 1850 Canonizalorum
661 1807 670 1850 ε

118 1878 148 1936 l⁰
159 1877 327 1958 Episcopus
341 1895 402 1939 non
412 1883 510 1959 potest
523 1877 700 1958 approhare,
714 1875 861 1940 inordina
875 1880 912 1940 ad
926 1880 1042 1942 culluni

85 1961 248 2042 publicum,
269 1963 421 2046 Reliquias
444 1965 657 2028 defunctorum
680 1983 751 2027 cum
774 1966 852 2028 fama
866 1971 1040 2043 sanctitatis,

83 2051 131 2112 secl
143 2054 277 2116 nondum
289 2053 530 2115 Beotiircatorunr
543 2075 552 2131 ;
565 2054 622 2116 hoc
636 2055 715 2117 enim
727 2063 893 2118 reservatur
906 2061 1046 2119 [lornano

87 2137 231 2220 Pontifici,
246 2161 283 2204 ex
298 2161 363 2224 cap.
376 2143 439 2221 jam
452 2141 551 2220 citato,
566 2143 640 2206 Cum
652 2163 690 2205 ec
703 2163 747 2221 co,
759 2143 803 2205 De
815 2146 974 2226 Reliquus,
991 2147 1044 2206 ubi

87 2225 207 2292 dicitur:
223 2253 237 2291 n
252 2230 392 2294 Inventas
406 2231 443 2293 de
459 2249 536 2293 novo
549 2231 701 2312 Reliquias
717 2250 807 2293 nemo
822 2233 940 2312 publice
952 2252 1042 2294 vene-

88 2337 102 2374 n
120 2320 175 2380 rari
190 2325 369 2401 praesumat,
385 2318 441 2380 nisi
454 2319 540 2400 prilcs
561 2318 736 2380 auctoritate
749 2319 875 2380 Romani
889 2321 1047 2400 Pontificio

89 2407 176 2468 osint
198 2407 370 2491 approbator
386 2429 416 2470 n.
436 2411 498 2470 Neo
515 2406 611 2470 obstat
631 2406 785 2469 decretum
805 2426 894 2486 supra
918 2408 1045 2472 relatum

86 2493 189 2558 Concil.
204 2496 300 2571 Trio„
317 2495 399 2576 quod
415 2495 617 2558 corninuniler
631 2495 804 2576 intelligitur
821 2495 859 2558 de
878 2497 950 2558 solis
971 2498 1046 2559 ileli-

85 2582 156 2662 quiis
168 2585 273 2648 saltem
286 2584 530 2647 Bealiticatornrn
545 2583 658 2644 noviter
672 2583 810 2646 inventis.

121 2676 152 2733 2⁰
164 2675 192 2737 Si
208 2674 335 2756 quaestio
355 2672 392 2734 sit
410 2673 448 2734 de
469 2673 718 2757 canonizatorum
737 2674 784 2735 nel
807 2673 1046 2738 Beatifiontoruin

86 2757 231 2842 Reliquis,
254 2781 315 2824 non
334 2763 454 2824 tanturn
473 2760 567 2842 Papa,
584 2760 635 2822 sed
653 2763 743 2822 etiarn
763 2762 903 2844 Episcopi
921 2774 1046 2845 possunt

86 2844 144 2910 illas
166 2869 381 2932 recognoscere
404 2858 435 2913 et
455 2849 620 2931 approbare
637 2859 777 2913 :constat
796 2870 833 2914 ex
852 2859 936 2915 textu
956 2871 1047 2934 supra

87 2934 168 3001 citato
180 2940 293 3002 Concil.
305 2939 388 3003 Trid.

120 3025 180 3088 Etsi
195 3029 211 3090 a
226 3027 306 3109 Papa
317 3026 462 3108 Reliquiae
476 3027 586 3090 luerint
599 3029 780 3110 approbatae,
797 3037 898 3090 tamen
911 3029 949 3090 ab
959 3030 1045 3108 Epis·

86 3127 155 3194 copo
165 3115 262 3179 adbuc
276 3125 346 3179 sunt
359 3117 623 3196 recognoscendae,
636 3136 696 3179 non
710 3117 833 3198 quidem
850 3126 883 3179 ut
896 3115 998 3178 denuo
1009 3118 1048 3177 ab

88 3198 146 3281 ipso
169 3205 383 3287 approbentur,
399 3204 452 3266 sed
472 3205 571 3266 solum
592 3212 626 3269 ut
647 3204 743 3266 videat
766 3223 804 3266 an
823 3206 924 3266 reverit
943 3207 1046 3266 Romae

88 3285 190 3354 luerint
210 3292 393 3376 approbata,
409 3299 440 3354 el
455 3293 563 3355 vitetur
576 3293 669 3356 lraus.
686 3293 735 3355 Sic
748 3293 877 3356 decrevit
894 3292 993 3353 Sixtus
1008 3295 1045 3367 V,

87 3373 205 3445 Constit.
222 3383 380 3454 Dominus,
400 3388 430 3443 et
444 3381 475 3444 S.
492 3382 604 3462 Congr.
624 3383 697 3458 nin,
710 3386 747 3444 t9
759 3389 818 3444 oct.
836 3385 930 3456 luen
947 3387 976 3442 et
989 3380 1046 3442 hoc
1130 3377 1134 3385 “

88 3466 170 3531 etiam
183 3489 239 3553 pro
252 3471 397 3552 Reliquiis
412 3471 597 3552 exponendis
612 3470 642 3532 in
657 3471 790 3532 ecclesiis
803 3469 997 3551 regularium,
1013 3481 1046 3532 ut

87 3551 136 3617 luit
145 3557 279 3622 decisum
291 3560 323 3622 in
337 3567 398 3622 una
415 3559 521 3621 Vc’terb.
537 3563 576 3620 26
589 3559 655 3638 jun.
671 3563 758 3621 tour.

124 3645 168 3707 ld
184 3647 242 3710 hoc
260 3655 361 3711 autem
380 3656 413 3711 ut
428 3648 595 3729 Episcopus
608 3648 664 3709 rite
683 3648 828 3730 approbet
846 3648 970 3728 alicujus
982 3649 1044 3725 jann

90 3729 257 3797 Cononizon'
286 3746 339 3796 cuc
371 3735 543 3816 Beolificnti
572 3735 724 3818 Reliquias
755 3738 868 3801 noviter
897 3739 1043 3808 inventas,
