2616 4228
139 223 186 281 58.
411 228 562 274 rasuram
582 228 665 273 runis
686 226 835 272 canonici.

144 359 157 392 a
180 335 284 408 tiliois,
307 332 360 394 sed
380 337 458 392 stare
482 349 535 412 per
558 331 691 413 seipsum
713 328 848 389 firmum.
875 331 907 388 2⁰
923 327 1027 392 Talem
1051 351 1123 398 essa

144 449 157 479 a
181 423 264 485 istius
275 421 353 502 juris
366 419 442 496 vini,
459 426 566 480 utnon
583 420 676 499 possit
691 420 705 480 t
721 418 803 496 Papa
817 415 976 480 infirmari.
991 422 1025 480 3⁰
1038 424 1121 486 Huic

144 537 158 568 a
178 511 237 588 jari
263 509 356 570 mulla
377 515 589 570 annexuerunt
617 525 684 589 qnae
713 524 775 567 non
798 509 887 584 jura,
916 506 969 566 sed
998 508 1122 588 injuriae

145 625 158 657 a
181 619 251 680 erga
265 597 431 660 Ecclesiam
445 597 620 677 reputandae
633 601 713 658 sunt.
730 600 762 655 4⁰
779 593 905 656 ...Falsd
919 595 1034 675 opinati
1049 607 1126 661 sunt·

146 712 160 746 a
180 688 217 749 ad
235 689 285 766 jus
304 686 485 767 gallicanum
509 685 659 764 pertinere
681 690 810 766 quatuor
832 683 974 745 articulos
993 685 1124 751 famosae

146 801 160 834 a
180 773 390 838 declarationis
404 775 476 835 anni
493 777 580 836 1682.
603 774 696 834 Porrb
710 773 775 834 haec
789 779 920 852 quatuor
935 775 951 834 a
967 778 1049 836 rectb
1068 795 1124 839 no-
1165 830 1170 835 .

146 887 160 923 a
182 865 263 926 tione
273 863 349 942 Juris
364 861 503 943 gallicani
517 862 700 924 removenda
714 865 786 924 sunt
800 864 822 922 ¹.
839 881 854 920 a

182 973 322 1035 Primam
332 970 457 1051 quidem
465 991 471 1030 :
480 969 550 1052 quia
560 970 679 1032 nullum
687 971 737 1050 jus
749 968 880 1050 legitime
890 968 1035 1052 derogare
1044 973 1125 1036 valet

142 1062 201 1141 juri
225 1059 397 1132 communi,
415 1059 480 1120 sine
503 1076 674 1136 consensu,
697 1059 802 1121 saltem
822 1059 912 1120 tacito
934 1067 985 1122 aut
1010 1061 1123 1142 legali,

124 1215 125 1220 ,
144 1153 174 1214 S.
192 1147 357 1211 Pontificis.
375 1147 542 1209 Secundam
556 1166 678 1229 qnoque
696 1167 705 1209 ι
727 1147 819 1209 modb
832 1146 915 1208 enim
929 1149 1126 1228 probavimus

145 1241 176 1302 S.
192 1237 370 1300 Pontificem
380 1255 467 1317 posse
477 1236 692 1318 quodcumque
701 1237 750 1316 jus
758 1236 874 1298 irritare
883 1237 974 1297 etiam
989 1239 1124 1301 Concor·

144 1327 222 1390 datis
234 1328 399 1387 firmatum.
420 1327 495 1386 Item
511 1326 633 1386 tertiam
645 1344 658 1388 .·
671 1325 716 1388 sic
730 1325 824 1386 mulla
841 1327 858 1386 a
873 1325 1089 1405 parlamentis,
1106 1331 1125 1390 t

145 1416 269 1497 regibus
281 1461 289 1490 ,
314 1416 330 1475 a
353 1415 433 1476 secta
453 1414 652 1476 lansenistice
665 1419 700 1476 ut
711 1415 760 1494 ius
775 1413 877 1476 Galliae
891 1415 1125 1493 praetendunlur

145 1505 262 1587 absque
274 1502 491 1580 fundamento,
507 1521 575 1584 quae
588 1504 606 1564 b
620 1503 705 1566 Clero
720 1503 810 1564 etiam
825 1501 856 1562 in
870 1502 964 1564 Gallia
983 1504 1126 1582 rejiciun-

112 1658 116 1666 ,
145 1599 204 1657 tur.
233 1592 378 1669 Quartam
396 1591 528 1674 denique
550 1613 557 1652 ε
581 1591 656 1664 Quia
676 1591 723 1655 vel
741 1591 802 1654 veri
817 1597 887 1652 sunt
903 1591 934 1652 in
948 1611 980 1654 se
994 1601 1127 1674 quatuor

146 1682 190 1745 illi
204 1682 338 1755 articuli,
354 1687 383 1742 et
397 1686 470 1744 tunc
482 1699 544 1742 non
559 1681 655 1762 magis
670 1687 739 1743 sunt
748 1681 798 1760 Jus
814 1680 918 1742 Galliae
932 1699 1025 1762 qnam
1039 1691 1128 1746 caele-

147 1788 251 1833 rarum
266 1771 426 1850 gentium3
450 1769 496 1830 vel
519 1769 584 1830 salsi
601 1776 685 1845 sunt,
709 1775 740 1830 et
760 1777 833 1831 tunc
853 1769 941 1832 nullo
962 1770 1055 1832 modo
1075 1774 1128 1852 jus

149 1859 337 1922 Gallicanum
349 1863 401 1920 aut
412 1857 494 1919 aliud
505 1857 556 1936 jus
569 1857 752 1920 constituere
766 1865 902 1939 possunt.

188 1966 276 2032 Unde
294 1965 350 2028 las
368 1963 557 2029 Gallicanam
576 1983 637 2027 non
654 1971 751 2047 polest
764 1965 927 2028 consistere
941 1967 997 2028 nisi
1013 1968 1045 2028 in
1062 1969 1129 2050 qui·

149 2056 279 2119 busdam
292 2053 540 2134 derogationibus
559 2055 619 2132 juri
639 2054 795 2117 communi
810 2054 944 2134 legitime
958 2055 1060 2129 lactis,
1077 2067 1129 2120 aut

150 2143 420 2210 consuetudinibus
445 2149 553 2223 praeter
571 2144 632 2220 jus.
656 2145 690 2204 In
712 2162 772 2224 quo
795 2161 885 2206 sensu
911 2147 992 2206 recte
1011 2145 1132 2209 videtur

151 2251 238 2312 posse
252 2231 392 2294 deliniri:
417 2230 516 2293 Variae
530 2231 610 2314 apud
623 2231 734 2297 Gallico
743 2231 970 2315 E‘rclesiasjuri
980 2237 1132 2298 commoni

151 2322 352 2404 derogationes
374 2329 428 2382 ant
454 2319 673 2382 consuetudines
700 2321 879 2384 anctoritate
902 2321 939 2385 S.
967 2323 1134 2404 Pontifices

150 2411 291 2490 firmator.

192 2517 299 2578 Meritd
313 2517 403 2596 igitur
417 2515 535 2578 excludi
550 2515 661 2578 debent
681 2517 699 2577 a
719 2515 854 2596 legitimo
871 2515 938 2594 jure
958 2517 1131 2598 gallicane,

152 2607 214 2670 sive
228 2604 344 2667 articuli
361 2605 494 2685 organici
510 2610 615 2666 contra
629 2623 706 2686 quos
722 2604 835 2686 pluries
852 2611 1013 2685 protestata
1032 2617 1078 2668 est
1096 2610 1130 2672 S.

153 2694 262 2766 Sedes,
279 2694 340 2755 sive
352 2693 433 2773 leges
447 2695 463 2754 a
479 2698 623 2774 potestate
635 2693 714 2756 civili
728 2700 886 2768 emanata),
903 2695 960 2756 nisi
976 2695 1013 2756 ab
1029 2698 1131 2760 Eccle-

153 2786 196 2848 sia
209 2783 466 2864 approbarentur,
483 2782 545 2845 sive
559 2782 728 2846 decisiones
740 2783 865 2858 Consilii
880 2781 980 2844 Status
1003 2792 1032 2846 et
1052 2785 1133 2848 alio·
1196 2787 1199 2793 '

156 2891 224 2936 rum
240 2871 438 2934 tribunalium
454 2872 655 2934 saecnlarium.
671 2872 812 2944 Quamvis
826 2872 908 2933 enim
926 2873 1010 2940 sileat
1025 2875 1132 2938 Eccle-

154 2965 218 3038 sia,
244 2979 306 3022 non
329 2960 464 3043 sequitur
487 2960 570 3043 qubd
593 2979 643 3024 eas
665 2961 828 3044 approbet,
853 2961 925 3023 cnm
949 2981 1011 3024 non
1039 2967 1136 3045 possit

154 3069 358 3132 supprimere.

140 3313 152 3376 ‘p
214 3295 362 3364 Huiusmodi
376 3304 434 3349 sunt
445 3304 554 3366 quatuor
565 3297 601 3348 illi
611 3296 710 3349 articuli
722 3314 728 3348 r

148 3377 152 3410 l
187 3377 415 3429 assimilantes
428 3393 479 3430 non
489 3379 663 3445 acceperuatb
677 3377 773 3430 Christo
786 3383 933 3444 potestatem
946 3395 1028 3430 rerum
1042 3390 1132 3450 tempo.

160 3449 244 3502 ralium
256 3465 263 3508 ;
276 3449 380 3513 proinde
392 3465 438 3500 nec
456 3449 549 3500 directe
567 3465 613 3500 nec
630 3449 751 3500 indirecte
768 3449 891 3516 principes
909 3454 1032 3503 seculares
1048 3455 1092 3504 ulli
1110 3456 1136 3506 in

159 3519 337 3585 temporalibus
352 3520 520 3587 subjiciantur
532 3521 649 3586 potestati
667 3520 850 3574 ecclesiasticae.
866 3524 894 3572 20
907 3524 1043 3576 Concilium
1056 3541 1132 3590 gene·
1225 3561 1238 3574 .

159 3591 210 3642 rale
225 3597 264 3642 est
278 3607 351 3656 snpra
366 3592 473 3658 Papam,
495 3591 570 3644 etiam
586 3599 653 3642 extra
672 3591 811 3644 schismatis
825 3599 943 3660 tempora.
961 3595 987 3644 3⁰
1003 3597 1136 3650 Poteslalls

159 3663 306 3730 apostolicas
318 3678 378 3714 usus
390 3679 434 3728 per
450 3677 534 3712 sacros
548 3677 657 3714 canones
675 3669 712 3714 est
724 3664 900 3716 moderandus.
914 3667 942 3714 lo
953 3667 1137 3720 lrrelormabilc

160 3750 208 3782 non
223 3741 260 3784 ost
272 3733 391 3796 {adiciam
404 3732 431 3782 S.
446 3730 574 3782 Pantilicis
584 3731 631 3782 nisi
644 3732 760 3783 Ecclesia
775 3749 912 3786 consensus
925 3737 1065 3786 accesserit.
