2562 4224
175 285 234 346 156
373 271 376 276 ’
446 297 598 344 secururs
619 296 701 342 runis
721 293 871 340 aaronica.

174 405 225 461 aut
248 403 351 478 plnres
373 412 481 474 annos,
502 416 563 460 non
587 400 743 459 transeunt
764 394 801 456 ad
822 393 1007 475 Capitulum,
1030 415 1088 458 nec
1110 395 1156 459 ad

175 504 391 562 successorem,
402 493 432 548 et
443 488 482 548 ita
495 487 526 548 in
540 486 624 569 praxi
635 490 780 548 servatur.

216 575 349 646 Revera,
373 574 472 655 quoad
498 574 666 638 facultatem
690 569 883 652 dispensandi
912 570 951 634 ab
977 573 1158 653 Apostolicd

178 662 255 724 Sede
266 662 445 742 delegatam,
461 663 618 744 Episcopis
629 668 679 723 aut
694 678 801 723 eorum
812 658 938 722 Vicariis
952 661 1162 725 Generalibus

179 768 234 830 pro
251 749 457 812 determinatis
473 749 607 826 casibus,
622 748 752 811 dubitari
772 753 896 828 posset:
912 751 943 810 l·
956 754 1061 810 utrum
1077 751 1164 812 tales

178 837 378 918 delegationes
405 838 464 902 sint
490 837 678 919 personalem
706 841 738 897 2⁰
761 841 881 911 utrum,
909 835 1025 897 etiamsi
1051 845 1165 899 essent

180 927 295 1000 reales,
319 933 500 988 censeantur
519 925 690 990 commisse
712 923 839 986 llicariis
861 923 1109 1004 capitularibus:
1131 925 1165 986 id

180 1021 236 1088 est,
257 1021 358 1076 utrum
379 1012 489 1078 Vicarii
507 1013 689 1095 capitulares
710 1012 808 1074 rneari
829 1011 944 1093 possint
963 1029 1168 1076 successores

182 1103 402 1182 Episcoporum
416 1109 467 1164 aut
479 1120 584 1164 eorum
599 1101 784 1163 vicariorum
795 1099 994 1162 Generalium.
1011 1103 1041 1160 ln
1059 1102 1170 1164 Gallia

183 1189 270 1250 multi
286 1197 389 1252 tenent
407 1189 480 1252 tales
497 1189 700 1270 delegationes
714 1207 779 1250 esse
799 1187 910 1261 reales,
927 1199 956 1249 et
970 1189 1170 1266 executioni,

184 1279 310 1341 mortuis
324 1279 490 1360 Episcopis,
506 1296 593 1360 posse
608 1277 742 1339 mandari
757 1275 909 1340 aVicariis
923 1277 1172 1358 capitularibus.

184 1368 225 1428 lta
239 1368 383 1444 Carriere,
399 1368 443 1429 De
459 1366 606 1443 Macrim,
623 1377 657 1426 n⁰
672 1370 765 1441 1’111;
781 1366 933 1446 laqueus,
951 1374 983 1426 n⁰
1000 1368 1070 1441 113,
1087 1370 1168 1448 qui-

184 1453 242 1516 bus
271 1457 420 1517 consentit
451 1455 579 1536 ipsemet
611 1453 755 1529 Sanchez,
784 1453 830 1516 De
859 1453 1012 1529 Matrica,
1040 1453 1096 1516 lib.
1133 1464 1173 1532 8,

183 1541 261 1623 disp.
272 1546 323 1619 27,
339 1553 373 1603 n⁰
385 1545 435 1606 33.
451 1542 542 1604 Aliter
552 1551 651 1604 autem
666 1541 798 1603 sentiunt
809 1541 1046 1616 multiextranei,
1059 1544 1173 1607 varias

184 1629 347 1712 allegantes
368 1631 641 1712 Congregationum
659 1633 864 1691 Romanarum
880 1629 1113 1693 declarationes.
1134 1636 1173 1694 ld

185 1725 217 1782 ut
224 1726 339 1782 certum
352 1719 558 1781 etiamdocere
568 1717 684 1780 videtur
692 1717 805 1780 bened.
814 1719 891 1792 XIV,
902 1715 946 1778 De
953 1717 1043 1798 Spa,
1057 1718 1116 1780 lib.
1136 1727 1177 1800 9,

187 1824 253 1886 cap.
274 1811 308 1878 9,
331 1815 364 1868 n⁰
384 1811 414 1868 3.
440 1806 550 1883 alden,
570 1806 683 1887 inquit,
707 1805 842 1868 Vicarius
860 1805 1034 1886 Capitularis
1047 1812 1177 1890 exequi

189 1915 204 1952 a
227 1895 329 1976 nequit
340 1894 474 1974 praelatas
486 1895 621 1971 Litteras,
632 1893 703 1974 quia
716 1894 779 1956 istae
792 1893 913 1956 directae
926 1901 996 1955 sunt
1007 1894 1176 1978 Episcopo

190 2003 205 2042 a
225 1983 271 2043 rel
285 1981 423 2062 Episcopi
438 1982 717 2056 VicarioGenerali;
733 1988 763 2043 et
776 1981 969 2066 capitularis,
982 1999 1179 2065 quanquam

190 2076 363 2132 «exerceat
383 2072 584 2152 episcopalem
609 2069 870 2150 iurisdictionem,
898 2077 1088 2135 nontamen
1120 2086 1176 2138 est

190 2180 206 2217 a
226 2158 392 2240 Episcopus
406 2166 456 2220 aut
472 2159 606 2221 Vicarlus
620 2158 774 2220 Generalis
784 2157 965 2240 Episcopi.»

227 2248 329 2318 Quoad
351 2247 571 2328 delegationem
589 2246 790 2308 transitoriam
807 2250 825 2309 a
843 2247 923 2327 Papa
941 2245 1049 2309 iactam
1070 2249 1176 2331 Epis·

187 2355 263 2417 copo
276 2355 330 2416 pro
341 2335 442 2416 aliquo
454 2337 574 2416 negotio
585 2335 766 2414 particulari,
780 2336 935 2398 communi
946 2353 1035 2399 sensu
1047 2336 1176 2404 docent

189 2425 352 2486 canonistae
371 2423 452 2485 illam
468 2443 539 2486 aum
559 2426 707 2504 Episcopo
725 2425 881 2503 extingui,
900 2442 957 2486 nec
975 2425 1106 2489 transire
1128 2433 1175 2491 ad

187 2512 378 2594 Capitulum.¹

227 2603 296 2663 287.
319 2599 441 2673 Quaerit.
466 2605 500 2662 2⁰
525 2603 570 2662 bn
590 2606 619 2662 et
643 2607 792 2682 quatenus
814 2609 909 2662 cesset
934 2599 1083 2681 delegatio
1107 2624 1177 2686 per

186 2687 352 2768 delegantis
366 2693 494 2749 monem
509 2695 560 2750 aut
572 2688 667 2769 ipsius
681 2688 847 2768 quamlibet
857 2689 1068 2752 amotionem?

228 2779 318 2858 Resp.
335 2776 389 2838 Vel
403 2775 499 2857 agide
512 2776 846 2852 l01·oc0ntenti0so,vel
861 2775 899 2838 de
909 2777 1039 2856 gratioso
1054 2795 1064 2841 a

228 2873 261 2931 ln
274 2870 371 2952 primo
384 2889 468 2945 casu,
484 2871 599 2951 expirat
610 2870 777 2950 jurisdictio
789 2870 939 2952 delegata,
954 2873 991 2946 si,
1012 2891 1045 2936 re
1059 2874 1176 2945 adhue

189 2959 319 3040 integra,
344 2961 362 3020 e
388 2959 461 3022 viris
483 2958 609 3021 excedat
625 2959 780 3040 delegans,
800 2966 852 3021 aut
872 2959 972 3040 aliquo
989 2961 1049 3023 alio
1068 2969 1174 3033 modo

189 3065 277 3110 suum
296 3047 429 3110 cilicium
450 3047 575 3109 amittat.
599 3047 721 3109 Constat
737 3066 774 3108 ex
795 3048 885 3112 uariis
904 3047 980 3127 juris
997 3051 1172 3136 capitibus,

190 3141 278 3218 prout
290 3156 357 3222 cap.
374 3136 468 3211 Licet,
481 3136 525 3198 De
538 3136 611 3216 offic.
627 3135 719 3217 dalaq.
736 3138 795 3198 lies
806 3137 877 3198 rard
888 3137 997 3198 desinit
1009 3157 1077 3202 esse
1086 3141 1174 3209 inte-

189 3245 242 3307 gra
252 3244 304 3306 per
314 3225 743 3300 citationem,otcon1muniirs
753 3231 915 3287 teneturex
925 3244 992 3306 cap.
1004 3227 1172 3312 Relatum,

190 3313 233 3376 De
252 3314 333 3395 offic.
354 3312 460 3394 delep,
475 3313 521 3374 vel
544 3312 650 3374 saltem
674 3331 728 3393 per
750 3312 809 3374 litis
831 3316 1102 3396 contestationem,
1129 3342 1173 3386 ex

188 3419 255 3483 cap.
273 3399 532 3477 Gratamdecod.
649 3447 653 3455 .

229 3501 261 3559 ln
276 3500 408 3561 secundo
421 3517 512 3575 casu,
528 3498 552 3561 si
566 3496 713 3578 delegatio
724 3499 813 3563 alicui
831 3501 899 3563 data
913 3503 1050 3566 habenda
1070 3507 1110 3570 sit
1134 3523 1177 3576 ut

190 3587 283 3670 gratia
302 3587 467 3664 laetanea
483 3587 707 3668 expiratmorta
726 3594 777 3650 aut
798 3590 962 3653 mutatione
979 3592 1174 3678 delegantis,

189 3683 222 3736 ot
236 3683 397 3737 constater
409 3694 475 3756 cap.
492 3674 530 3736 Si
543 3675 603 3750 cai,
614 3673 659 3737 De
672 3675 841 3758 descriptis,
856 3678 886 3740 in
899 3678 943 3754 6⁰,
958 3687 989 3742 et
1002 3687 1111 3762 regola
1131 3693 1178 3755 16

194 3763 268 3839 iuris
283 3763 315 3824 in
328 3767 372 3839 6⁰,
387 3762 440 3824 ubi
457 3762 564 3825 dicitur
581 3764 699 3825 aDecet
711 3767 904 3828 cancerauma*
920 3771 1056 3850 praecipe
1074 3773 1177 3841 deno.
