2548 4216
195 254 254 313 362
471 266 621 311 nnananra
642 266 724 312 aunis
746 264 895 311 canonica.

193 364 322 426 ecclesiis
346 366 480 447 edific,
508 370 573 428 n⁰6
589 413 598 440 ,
615 364 688 449 etc.)
706 400 747 412 -·
760 367 841 444 Ergo
864 362 1017 444 parochus
1040 360 1180 426 absolute

195 460 290 532 potest
303 454 398 516 creari
411 455 476 516 sine
489 454 648 518 beneficio.
667 489 707 500 -
720 458 753 516 2⁰
768 455 868 515 Potest
882 453 978 515 creari
991 451 1061 515 sind
1081 451 1177 515 bena-

196 540 262 606 licio
273 549 437 623 perpetuo:
453 545 536 606 nulla
547 543 630 606 enim
644 543 710 619 lex,
727 562 796 622 quae
810 541 870 605 hoc
884 541 1045 622 prohibeat
1061 589 1070 618 ,
1095 541 1176 612 citan·

195 637 301 715 polest.
319 633 438 694 Certum
454 641 498 695 est
514 632 637 712 insuper
656 631 803 694 beneficia
820 637 924 694 curata
942 629 1099 710 regularia
1115 649 1178 694 esse

196 720 344 782 ordinarie
358 723 527 800 manualia3
544 723 606 782 imd
619 722 702 799 juxta
715 721 849 800 plurium
864 719 1097 782 canonistarum
1110 737 1175 781 sen·

196 809 318 870 tentiam
333 857 341 884 ,
356 810 446 872 eliam
463 811 614 872 manualia
629 817 697 872 sunl
712 808 860 870 beneficia
881 808 1040 870 saecularia
1053 813 1175 883 curata,
1267 875 1268 890 ,

195 897 220 958 si
230 897 267 958 ita
282 904 403 960 cautum
419 899 474 962 luit
488 899 518 960 in
533 899 707 960 fundatione
724 945 732 976 ,
747 904 799 960 aut
813 898 871 959 aS.
884 897 961 959 Sede
979 897 1176 977 dispositum,
1267 927 1268 970 ,

195 991 247 1048 aut
261 1006 314 1066 per
335 987 498 1067 legitimam
513 987 773 1068 praescriptionem
788 985 959 1048 obtentum.
1267 973 1268 1068 J

234 1075 272 1136 Et
291 1075 372 1155 qndd
392 1076 430 1138 de
446 1075 524 1138 facto
545 1075 712 1136 exstiterim
725 1080 756 1136 et
769 1074 933 1136 hodiedum
954 1078 1077 1136 exstent
1098 1077 1177 1155 ejus·
1267 1071 1268 1088 i

197 1164 278 1224 modi
294 1165 444 1226 manualia
463 1163 609 1227 beneficia
623 1163 715 1226 etiam
733 1180 837 1225 curam
856 1163 1032 1223 animarum
1047 1163 1107 1224 sibi
1125 1183 1176 1225 an·

198 1270 306 1312 nonam
320 1251 481 1326 habentia,
500 1255 691 1333 perspectum
707 1250 827 1312 hahebit
848 1251 899 1330 qui
922 1249 968 1311 rel
983 1249 1088 1312 obiter
1111 1272 1176 1333 per·

196 1340 320 1404 volverit
336 1341 523 1404 Thesaurum
545 1340 764 1402 resolutionum
785 1341 815 1401 S.
840 1340 950 1418 Gongr.
976 1341 1073 1402 Conc.
1100 1344 1178 1424 Ergo

197 1431 263 1492 sine
277 1429 424 1492 beneficio
447 1434 590 1510 perpetuo
603 1429 699 1490 creari
713 1433 811 1508 potest
825 1428 985 1508 parochus,
1001 1431 1107 1511 Ergo,
1120 1437 1174 1493 etc.

236 1523 306 1583 496.
330 1519 450 1592 Quaerit.
468 1517 499 1578 2⁰
515 1521 561 1579 An
587 1517 788 1598 parochorum
804 1517 1003 1579 amoribilitas
1025 1518 1176 1580 contraria

198 1609 237 1670 sit
247 1608 339 1670 sacris
352 1607 542 1670 canonibus?

237 1699 326 1778 Rasp.
352 1696 545 1758 Revocahiles
569 1712 634 1755 esse
655 1700 783 1774 possunt
801 1693 923 1775 parochi
938 1695 984 1757 vel
1003 1695 1044 1756 ad
1067 1705 1174 1759 nutum

120 1823 124 1831 κ
199 1787 441 1860 ordinariorum,
456 1785 502 1846 vel
524 1783 561 1846 ad
585 1791 694 1846 nutum
708 1782 912 1864 parochorum
935 1784 1172 1865 principalium,

200 1893 309 1952 nempe
325 1875 548 1955 Capitulorum,
561 1872 815 1935 monasteriorum
829 1871 995 1935 aliorumve
1007 1874 1171 1936 similium:

199 1961 256 2024 hac
269 1963 460 2024 distinctione
469 1961 556 2034 lacta,
568 1961 656 2024 variis
665 1961 856 2023 documentis
870 1959 1002 2024 ostendit
1015 1965 1053 2023 D.
1069 1963 1172 2038 Bouix,

199 2051 388 2132 aliquatenus
408 2052 531 2134 quidem
556 2068 688 2112 canones
711 2065 880 2131 repugnare
899 2049 1119 2112 revocabilitati
1140 2069 1174 2114 ex

200 2146 283 2220 parte
296 2140 497 2223 parochorum
511 2139 740 2220 principalium,
766 2139 938 2201 nullatenus
958 2139 1034 2201 vero
1053 2157 1173 2202 revoca·

199 2228 305 2290 bilitati
327 2235 463 2310 exparte
483 2228 731 2304 Ordinariorum,
747 2227 809 2289 imd
823 2229 841 2289 a
856 2227 978 2308 Synodo
997 2228 1173 2290 Tridentini

199 2318 329 2399 supponi
344 2318 382 2379 ab
395 2317 545 2398 Episcopo
558 2315 699 2379 constitui
715 2334 803 2397 posse
817 2315 965 2397 parochos
979 2316 1017 2377 ad
1030 2317 1100 2394 ejas
1120 2337 1173 2379 nu·

199 2417 264 2469 tum
280 2406 471 2468 revocabiles.
488 2405 539 2468 Sic
549 2403 631 2467 enim
644 2404 736 2467 hahet
748 2405 780 2466 S.
792 2404 932 2485 synodus
944 2408 1031 2482 (sessa
1042 2409 1074 2482 Ἰ,
1086 2425 1114 2468 ο.
1125 2410 1172 2490 7):

204 2518 220 2554 a
241 2496 372 2557 Sollicite
386 2493 542 2576 providere
565 2498 729 2574 procurent
748 2493 911 2574 [Episcopi]
930 2498 964 2554 ut
981 2512 1036 2574 per
1050 2493 1174 2556 idoneos

204 2605 220 2642 a
240 2584 380 2660 vicarios,
396 2583 486 2644 etiam
497 2589 669 2664 perpetuos,
689 2580 750 2644 nisi
772 2581 844 2662 ipsis
861 2600 920 2662 pro
944 2581 1017 2642 bono
1035 2583 1173 2645 ecclesiu-

204 2695 220 2733 α
240 2693 305 2734 rum
320 2672 466 2753 repimine
479 2671 567 2732 aliter
575 2667 713 2750 expedire
724 2668 885 2733 videbitur.
897 2691 913 2729 a
927 2671 1023 2751 Capit.
1039 2672 1114 2734 vero
1126 2676 1172 2746 ll,

201 2780 272 2824 sess.
286 2766 336 2836 25,
348 2760 384 2820 de
392 2759 515 2841 aequa,
526 2758 679 2840 loquendo
687 2757 725 2820 de
737 2757 878 2821 domibus
892 2757 1053 2838 religiosis,
1064 2760 1175 2842 quihus

201 2851 338 2910 imminet
356 2849 527 2909 animarum
546 2866 619 2910 cura
632 2865 830 2928 personarum
848 2847 1054 2928 saecularium,
1079 2851 1173 2912 dicit:

205 2960 220 2998 a
239 2941 303 3002 Nec
318 2937 359 2998 ihi
371 2936 481 3018 aliqui,
498 2935 588 2998 etiam
603 2935 644 2998 ad
654 2943 758 2997 notum
773 2935 956 3014 revocabiles,
972 2936 1173 3018 deputentur,

205 3051 221 3088 a
240 3028 297 3090 nisi
312 3026 349 3087 de
362 3025 498 3106 ejusdem
508 3025 672 3106 [Episcopi]
685 3043 836 3087 consensu
849 3045 880 3087 a.

240 3119 276 3178 Et
287 3117 325 3178 de
341 3115 437 3194 lactc,
454 3115 486 3175 in
501 3113 624 3176 dioecesi
645 3112 816 3196 hispalensi
837 3112 868 3174 in
882 3112 1043 3195 Hispania,
1064 3115 1174 3180 Archi·

201 3205 360 3286 episcopus
380 3209 445 3265 crat
462 3201 536 3264 olim
550 3201 582 3263 in
595 3201 786 3282 possessione
808 3201 982 3264 removendi
1002 3201 1043 3264 ad
1065 3211 1175 3267 nutum

201 3313 308 3356 omnes
319 3299 454 3368 curatos3
467 3296 498 3353 et
510 3289 568 3354 hoc
584 3290 694 3371 pariter
706 3289 739 3352 in
753 3289 891 3373 pluribus
904 3290 970 3353 aliis
983 3291 1071 3371 locis,
1086 3294 1175 3357 eliam

202 3383 346 3456 initalia,
361 3388 395 3444 ut
403 3380 546 3444 asseritur
560 3379 592 3441 in
606 3377 834 3461 Arolertisjur.
844 3378 975 3462 pontifi,
990 3387 1070 3462 scpt.
1086 3385 1174 3458 1855,
1265 3443 1266 3450 ,

202 3470 260 3532 col.
278 3476 365 3532 1609.

241 3569 283 3625 Re
298 3566 421 3644 quidem
432 3567 503 3626 vert
517 3562 603 3646 (sess.
619 3567 659 3627 24
671 3610 681 3640 ,
694 3581 763 3645 cap.
779 3567 839 3642 l3,
859 3565 981 3646 Dares.)
995 3585 1004 3629 ε
1026 3568 1176 3631 «Mandat
1265 3559 1266 3596 ³

206 3675 221 3712 a
241 3654 271 3714 S.
295 3653 435 3731 synodus
459 3652 567 3733 (Trid.)
590 3653 763 3734 Episcopis,
789 3673 845 3734 pro
871 3653 975 3717 tutiori
1000 3657 1175 3719 animarum
1265 3649 1266 3668 ¹

205 3761 221 3798 a
242 3739 353 3814 salute,
370 3743 420 3814 ut,
437 3739 578 3802 distincto
594 3741 707 3822 populo
721 3738 754 3802 in
764 3747 862 3805 certas
873 3743 1073 3827 propriasque
1087 3764 1175 3827 paro-
