2562 4224
232 301 285 362 ΓΗ
500 308 651 360 saansaan
670 307 754 358 runis
775 287 926 355 oenomai.

234 433 248 468 a
270 407 416 468 sententia
442 403 632 472 definitiva...
662 407 794 476 Minores
815 411 886 468 vead
912 425 1011 470 causae
1036 411 1199 474 criminales

233 519 248 556 o
269 495 487 575 Episcoporum
503 494 533 554 in
547 492 682 558 Concilio
696 494 814 555 tantiam
826 493 1005 557 Provinciali
1020 514 1198 578 cognoscan-
1266 497 1267 514 ¹

235 591 336 658 rtur,
359 589 389 644 et
408 581 627 657 te1·minentur:‚
650 581 697 642 vel
720 583 737 642 a
761 581 943 661 deputandis
961 601 1017 666 per
1038 586 1200 659 Concilium

233 670 495 734 «provinciales
644 687 648 692 ·
971 717 983 744 ,

269 763 294 821 Α
309 758 458 822 Febronio
473 757 613 835 objicitur
626 775 724 818 canon
740 760 793 832 la,
809 758 934 820 Concilii
950 760 1150 841 antiocheni,
1164 765 1202 828 sie

228 865 260 910 sc
273 847 407 910 habens:
425 867 441 906 r
455 846 485 908 Si
499 845 567 924 quis
578 845 746 924 Episcopus
760 845 956 908 criminaliter
976 857 1153 926 accusatus,
1169 854 1202 913 ab

232 957 247 993 o
268 935 409 998 omnibus
430 935 568 1014 quisunt
587 933 666 998 intra
680 932 864 1012 provinciam
886 935 1043 1017 Episcopis
1056 941 1202 1018 exceperit

232 1046 247 1081 a
268 1041 360 1084 unam
375 1039 601 1100 consonamque
611 1021 853 1094 sententiarn‚ab
864 1023 930 1083 aliis
942 1024 1200 1105 ulteriusJudicari
1266 1097 1267 1104 ἵ

224 1133 247 1169 a
269 1131 329 1174 non
346 1112 463 1191 poterit.
480 1131 496 1168 s
513 1109 583 1170 vid.
597 1109 689 1172 etiam
703 1127 801 1172 canon
815 1113 852 1172 ll
869 1109 1130 1193 (appendimur.
1147 1118 1192 1176 cin
1266 1159 1267 1166 .

191 1199 194 1205 ”
227 1199 331 1274 dicon,
348 1199 434 1271 idid,
454 1209 486 1260 n⁰
500 1199 547 1274 8.)
836 1265 839 1270 ,
1266 1241 1267 1244 =

268 1287 476 1370 Respondetnr
489 1285 619 1348 multllm
635 1285 789 1367 probabile
803 1305 869 1350 esse
884 1287 922 1348 ab
936 1288 1117 1352 Eusebianis
1130 1309 1199 1354 coo·
1266 1311 1267 1342 .

226 1375 323 1442 ditum
347 1375 438 1438 luisse
452 1374 534 1436 hunc
552 1375 719 1451 canonem3
745 1382 889 1455 praeterea
913 1375 1047 1456 loquitur
1069 1378 1110 1442 de
1133 1398 1200 1444 casu

217 1465 345 1538 ,antam
367 1465 398 1526 in
421 1482 482 1544 quo
500 1467 563 1524 tam
581 1462 734 1532 evidenter
758 1482 830 1526 reus
848 1466 887 1524 sit
909 1466 1077 1545 Episcopus
1106 1476 1142 1540 ut
1157 1470 1200 1546 *nb

226 1553 357 1616 emerius
376 1553 442 1614 sine
463 1551 638 1630 exceptione
659 1549 820 1614 damnatus
841 1550 931 1626 luerit
956 1571 964 1614 ι
987 1553 1070 1616 unde
1091 1556 1124 1616 in
1139 1556 1200 1617 aliis

226 1643 344 1704 casibus
356 1641 482 1702 alteritas
496 1639 616 1700 etiamn
633 1641 664 1700 S.
682 1637 826 1701 Pontifice
844 1640 974 1719 judicari
990 1642 1109 1722 poterit.
1136 1645 1200 1706 Cae-

226 1731 325 1802 terirm
348 1731 364 1790 a
384 1727 517 1789 Concilio
537 1725 707 1798 Sardicensi
721 1735 874 1789 conmotus
896 1727 953 1790 luit
965 1727 1063 1791 dictus
1082 1749 1198 1806 canon,

226 1825 299 1878 teste
318 1817 472 1890 Arisleno,
489 1817 528 1876 ita
549 1821 583 1877 ut
599 1817 700 1876 Patres
713 1815 838 1877 Concilii
852 1816 1123 1894 Chalcedonensis,
1137 1821 1200 1882 sine

225 1903 421 1978 haesilatione,
432 1912 466 1965 ut
476 1903 607 1983 legitime
617 1903 1198 1976 absolutumhabuerunt'lheodoretum

225 1993 388 2072 Cynensem
403 1992 602 2072 Episcopum,
618 1991 671 2070 qui
687 1991 724 2061 ab
741 1991 885 2054 Orientali
901 1993 1025 2073 Synodo
1039 1993 1200 2060 damnatus

224 2079 340 2157 fuerat,
356 2081 392 2142 ed
410 2079 492 2161 quod
514 2082 530 2140 a
551 2081 582 2140 S.
599 2079 762 2156 Pontifiee,
782 2081 881 2141 Leone
900 2082 1030 2162 Magno,
1045 2076 1199 2148 absolutus
1265 2107 1266 2110 ¹

225 2169 319 2230 luerat
331 2169 409 2248 (llo.
421 2166 743 2247 .lntt'sebr.svt'ndicat.,
757 2163 791 2228 ἠΰ
804 2171 834 2244 8,
849 2170 938 2250 elo).

261 2259 336 2320 Item
359 2255 498 2336 objicitur
519 2256 547 2316 id
562 2255 643 2336 quod
657 2256 817 2318 scribendo
834 2255 872 2320 ad
890 2258 1075 2322 Britannum
1095 2279 1199 2343 regem

223 2343 1197 2428 praescripsitNicolausl:«Censeo-,inquitPontifex,necullum

227 2456 242 2490 o
264 2453 350 2514 posse
362 2436 407 2495 sui
423 2432 545 2494 honoris
558 2432 706 2495 sustinere
717 2432 883 2513 jacturam,
899 2452 976 2515 quos
997 2452 1060 2498 non
1082 2446 1200 2502 constat

217 2544 241 2590 Ια
262 2522 352 2584 luisse
366 2524 383 2584 a
397 2520 558 2583 duodecim
571 2521 744 2602 Episcopis,
761 2523 908 2602 pr'aesente
922 2523 1114 2606 primamque
1128 2545 1200 2598 sen·

226 2632 240 2664 o
261 2610 384 2670 tentiam
402 2609 631 2690 Metropolitano
645 2609 794 2694 Episcopo
816 2608 972 2689 obtinente
987 2612 1061 2676 cnm
1082 2618 1199 2678 exarui·
1263 2635 1264 2638 ¹

226 2719 240 2754 «
262 2697 591 2771 narentur,auditos.n
997 2771 1001 2774 ,
1107 2731 1109 2736 ,

262 2785 468 2866 Respondelur
480 2785 562 2866 qudd
571 2785 636 2847 hacc
646 2784 702 2847 luit
712 2785 835 2866 quidem
847 2787 966 2867 vulgata
975 2790 1197 2872 episcopalium
1263 2803 1264 2852 ῖ

220 2871 443 2954 depositionum
465 2872 642 2956 disciplina;
665 2872 718 2934 sed
741 2873 806 2936 haec
826 2875 1020 2955 intelligenda
1037 2887 1110 2948 sunl
1132 2881 1199 2944 sine

220 2960 394 3046 praejudicio
408 2964 552 3024 Romanae
575 2961 740 3024 Ecclesiae:
757 2968 786 3024 ct
808 2963 931 3043 quidem
953 2966 1083 3046 ipsemet
1102 2970 1200 3034 Nico-

220 3051 284 3112 laus
293 3051 317 3129 1,
329 3049 360 3112 in
375 3051 507 3132 Epistolt
520 3049 557 3111 ad
573 3050 728 3112 universos
741 3049 843 3131 Galliae
859 3051 1042 3134 Episcopos‚
1058 3075 1111 3119 cos
1124 3077 1199 3140 gra-

219 3139 292 3200 viter
311 3139 478 3221 redarguit,
499 3137 581 3218 quod
600 3137 781 3202 Bothaldum
798 3140 1048 3204 suessionensem
1066 3147 1194 3227 Episco-

196 3283 199 3290 .
219 3245 292 3306 pum
312 3233 577 3290 exauctorassent:
597 3227 705 3302 «Etsi,
722 3227 835 3308 inquil,
857 3228 967 3292 Sedem
986 3233 1199 3313 Apostolicam

221 3336 235 3370 o
258 3315 427 3377 nullalenus
439 3314 653 3396 appellasset...
665 3321 804 3376 lamen...
818 3316 1005 3399 Episcopum,
1020 3321 1200 3394 inconsultis

220 3421 234 3459 o
255 3402 360 3476 Nobis,
377 3403 516 3486 deponere
530 3402 611 3464 acilo
624 3393 707 3464 modo
720 3402 872 3470 debuistis.
887 3426 904 3466 n
921 3408 1015 3488 Ergo,
1031 3417 1090 3474 etc.

255 3503 364 3564 Graves
377 3507 487 3564 exorlae
500 3507 571 3562 sunt
583 3501 794 3566 controversia
813 3503 844 3564 in
859 3504 952 3568 Gallia
963 3505 1045 3571 circa
1058 3528 1200 3590 praesens

215 3585 379 3671 disciplina
394 3595 542 3670 punctum
557 3607 565 3650 ι
580 3590 645 3650 aliis
660 3589 829 3654 volentibus
850 3593 1016 3674 Episcopos
1031 3614 1098 3660 esse
1109 3599 1199 3679 judi·

215 3677 326 3756 candos
349 3677 380 3738 in
400 3675 533 3739 Concilio
547 3677 724 3740 Provinciali
745 3679 829 3757 juxta
854 3680 1044 3764 disciplinam
1064 3687 1199 3754 Concilii

216 3764 414 3843 sardicensis,
437 3764 516 3825 salvo
536 3765 602 3840 jure
623 3765 829 3844 appellationis
848 3768 1012 3838 adsedem
1036 3775 1197 3851 Apostoli.
1263 3857 1264 3862 γ
