<?xml version="1.0" encoding="UTF-8"?>
<!DOCTYPE html PUBLIC "-//W3C//DTD XHTML 1.0 Transitional//EN"
    "http://www.w3.org/TR/xhtml1/DTD/xhtml1-transitional.dtd">
<html xmlns="http://www.w3.org/1999/xhtml" xml:lang="en" lang="en">
 <head>
  <title>
</title>
<meta http-equiv="Content-Type" content="text/html;charset=utf-8" />
  <meta name='ocr-system' content='tesseract 3.04.00' />
  <meta name='ocr-capabilities' content='ocr_page ocr_carea ocr_par ocr_line ocrx_word'/>
</head>
<body>
  <div class='ocr_page' id='page_1' title='image "./elementajurisca01craigoog_0302.png"; bbox 0 0 2526 4210; ppageno 0'>
   <div class='ocr_carea' id='block_1_1' title="bbox 450 307 1075 364">
    <p class='ocr_par' dir='ltr' id='par_1_1' title="bbox 450 307 1075 364">
     <span class='ocr_line' id='line_1_1' title="bbox 450 307 1075 364; baseline 0.002 -11"><span class='ocrx_word' id='word_1_1' title='bbox 450 309 537 354; x_wconf 73' lang='lat' dir='ltr'>traua</span> <span class='ocrx_word' id='word_1_2' title='bbox 557 308 675 353; x_wconf 87' lang='lat' dir='ltr'>rnruus.</span> <span class='ocrx_word' id='word_1_3' title='bbox 991 307 1075 364; x_wconf 56' lang='lat' dir='ltr'>28ss</span> 
     </span>
    </p>
   </div>
   <div class='ocr_carea' id='block_1_2' title="bbox 80 399 1062 3492">
    <p class='ocr_par' dir='ltr' id='par_1_2' title="bbox 87 399 1062 1804">
     <span class='ocr_line' id='line_1_2' title="bbox 94 399 1060 490; baseline 0.023 -35"><span class='ocrx_word' id='word_1_4' title='bbox 94 399 273 478; x_wconf 72' lang='lat' dir='ltr'>«noverint,</span> <span class='ocrx_word' id='word_1_5' title='bbox 290 407 319 463; x_wconf 90' lang='lat' dir='ltr'>et</span> <span class='ocrx_word' id='word_1_6' title='bbox 337 422 467 484; x_wconf 88' lang='lat' dir='ltr'>quorum</span> <span class='ocrx_word' id='word_1_7' title='bbox 480 407 607 469; x_wconf 79' lang='lat' dir='ltr'>‘indoles</span> <span class='ocrx_word' id='word_1_8' title='bbox 628 412 657 467; x_wconf 89' lang='lat' dir='ltr'>et</span> <span class='ocrx_word' id='word_1_9' title='bbox 677 406 815 469; x_wconf 86' lang='lat' dir='ltr'>voluntas</span> <span class='ocrx_word' id='word_1_10' title='bbox 837 427 922 490; x_wconf 89' lang='lat' dir='ltr'>spem</span> <span class='ocrx_word' id='word_1_11' title='bbox 945 414 1060 478; x_wconf 83' lang='lat' dir='ltr'>afferat..</span> 
     </span>
     <span class='ocr_line' id='line_1_3' title="bbox 92 489 1062 576; baseline 0.026 -34"><span class='ocrx_word' id='word_1_12' title='bbox 92 506 106 542; x_wconf 83' lang='lat' dir='ltr'>r</span> <span class='ocrx_word' id='word_1_13' title='bbox 124 503 172 548; x_wconf 92' lang='lat' dir='ltr'>eos</span> <span class='ocrx_word' id='word_1_14' title='bbox 185 489 389 554; x_wconf 86' lang='lat' dir='ltr'>ecclesiasticis</span> <span class='ocrx_word' id='word_1_15' title='bbox 400 495 574 558; x_wconf 90' lang='lat' dir='ltr'>ministeriis</span> <span class='ocrx_word' id='word_1_16' title='bbox 585 497 730 576; x_wconf 84' lang='lat' dir='ltr'>perpetuo</span> <span class='ocrx_word' id='word_1_17' title='bbox 742 495 936 562; x_wconf 77' lang='lat' dir='ltr'>inservituros</span> <span class='ocrx_word' id='word_1_18' title='bbox 947 504 966 561; x_wconf 83' lang='lat'>¹.</span> <span class='ocrx_word' id='word_1_19' title='bbox 978 507 1062 566; x_wconf 35' lang='lat' dir='ltr'>Pau-v</span> 
     </span>
     <span class='ocr_line' id='line_1_4' title="bbox 93 580 1058 666; baseline 0.023 -34"><span class='ocrx_word' id='word_1_20' title='bbox 93 593 106 630; x_wconf 85' lang='lat' dir='ltr'>r</span> <span class='ocrx_word' id='word_1_21' title='bbox 124 593 224 654; x_wconf 90' lang='lat' dir='ltr'>perum</span> <span class='ocrx_word' id='word_1_22' title='bbox 240 585 341 640; x_wconf 88' lang='lat' dir='ltr'>autern</span> <span class='ocrx_word' id='word_1_23' title='bbox 356 580 433 644; x_wconf 86' lang='lat' dir='ltr'>lilios</span> <span class='ocrx_word' id='word_1_24' title='bbox 445 585 596 666; x_wconf 79' lang='lat' dir='ltr'>praecipue</span> <span class='ocrx_word' id='word_1_25' title='bbox 610 583 680 666; x_wconf 80' lang='lat' dir='ltr'>eligi</span> <span class='ocrx_word' id='word_1_26' title='bbox 694 585 766 658; x_wconf 91' lang='lat' dir='ltr'>vult,</span> <span class='ocrx_word' id='word_1_27' title='bbox 785 603 840 646; x_wconf 90' lang='lat' dir='ltr'>nec</span> <span class='ocrx_word' id='word_1_28' title='bbox 851 593 952 650; x_wconf 91' lang='lat' dir='ltr'>tamen</span> <span class='ocrx_word' id='word_1_29' title='bbox 964 591 1058 654; x_wconf 34' lang='lat' dir='ltr'>ditio-⁴</span> 
     </span>
     <span class='ocr_line' id='line_1_5' title="bbox 92 667 1053 753; baseline 0.026 -35"><span class='ocrx_word' id='word_1_30' title='bbox 92 681 185 724; x_wconf 83' lang='lat' dir='ltr'>orum</span> <span class='ocrx_word' id='word_1_31' title='bbox 205 667 347 738; x_wconf 83' lang='lat' dir='ltr'>excludit,</span> <span class='ocrx_word' id='word_1_32' title='bbox 366 671 457 734; x_wconf 91' lang='lat' dir='ltr'>modd</span> <span class='ocrx_word' id='word_1_33' title='bbox 474 691 530 734; x_wconf 91' lang='lat' dir='ltr'>suo</span> <span class='ocrx_word' id='word_1_34' title='bbox 552 680 674 753; x_wconf 91' lang='lat' dir='ltr'>sumptu</span> <span class='ocrx_word' id='word_1_35' title='bbox 698 671 835 748; x_wconf 77' lang='lat' dir='ltr'>alantur,</span> <span class='ocrx_word' id='word_1_36' title='bbox 864 681 894 735; x_wconf 88' lang='lat' dir='ltr'>et</span> <span class='ocrx_word' id='word_1_37' title='bbox 916 679 1053 742; x_wconf 88' lang='lat' dir='ltr'>studium</span> 
     </span>
     <span class='ocr_line' id='line_1_6' title="bbox 92 755 1054 832; baseline 0.025 -25"><span class='ocrx_word' id='word_1_38' title='bbox 92 771 105 807; x_wconf 83' lang='lat' dir='ltr'>r</span> <span class='ocrx_word' id='word_1_39' title='bbox 123 769 180 830; x_wconf 87' lang='lat' dir='ltr'>pree</span> <span class='ocrx_word' id='word_1_40' title='bbox 200 773 231 816; x_wconf 92' lang='lat' dir='ltr'>se</span> <span class='ocrx_word' id='word_1_41' title='bbox 254 755 350 818; x_wconf 87' lang='lat' dir='ltr'>ierant</span> <span class='ocrx_word' id='word_1_42' title='bbox 370 760 477 823; x_wconf 87' lang='lat' dir='ltr'>Decet</span> <span class='ocrx_word' id='word_1_43' title='bbox 497 763 639 824; x_wconf 88' lang='lat' dir='ltr'>Ecclesiae</span> <span class='ocrx_word' id='word_1_44' title='bbox 656 761 875 832; x_wconf 86' lang='lat' dir='ltr'>inserviendi..;</span> <span class='ocrx_word' id='word_1_45' title='bbox 893 764 932 825; x_wconf 91' lang='lat' dir='ltr'>ita</span> <span class='ocrx_word' id='word_1_46' title='bbox 948 773 980 827; x_wconf 90' lang='lat' dir='ltr'>ut</span> <span class='ocrx_word' id='word_1_47' title='bbox 993 767 1054 830; x_wconf 84' lang='lat' dir='ltr'>hoc</span> 
     </span>
     <span class='ocr_line' id='line_1_7' title="bbox 91 840 1057 931; baseline 0.021 -37"><span class='ocrx_word' id='word_1_48' title='bbox 91 859 104 894; x_wconf 74' lang='lat' dir='ltr'>a</span> <span class='ocrx_word' id='word_1_49' title='bbox 121 840 281 923; x_wconf 80' lang='lat' dir='ltr'>Collegium</span> <span class='ocrx_word' id='word_1_50' title='bbox 296 845 350 906; x_wconf 83' lang='lat' dir='ltr'>Dei</span> <span class='ocrx_word' id='word_1_51' title='bbox 365 848 570 911; x_wconf 89' lang='lat' dir='ltr'>ministrorum</span> <span class='ocrx_word' id='word_1_52' title='bbox 580 857 753 931; x_wconf 82' lang='lat' dir='ltr'>perpetuum</span> <span class='ocrx_word' id='word_1_53' title='bbox 764 847 963 914; x_wconf 76' lang='lat' dir='ltr'>Sernz&#39;noav‘um</span> <span class='ocrx_word' id='word_1_54' title='bbox 973 855 1057 918; x_wconf 80' lang='lat' dir='ltr'>sit...</span> 
     </span>
     <span class='ocr_line' id='line_1_8' title="bbox 92 927 1048 1020; baseline 0.021 -36"><span class='ocrx_word' id='word_1_55' title='bbox 92 927 251 993; x_wconf 84' lang='lat' dir='ltr'>nTonsura</span> <span class='ocrx_word' id='word_1_56' title='bbox 276 935 373 994; x_wconf 89' lang='lat' dir='ltr'>statim</span> <span class='ocrx_word' id='word_1_57' title='bbox 389 943 478 1018; x_wconf 88' lang='lat' dir='ltr'>atque</span> <span class='ocrx_word' id='word_1_58' title='bbox 493 937 598 1000; x_wconf 90' lang='lat' dir='ltr'>habitu</span> <span class='ocrx_word' id='word_1_59' title='bbox 617 938 745 1000; x_wconf 90' lang='lat' dir='ltr'>clericali</span> <span class='ocrx_word' id='word_1_60' title='bbox 764 956 884 1020; x_wconf 83' lang='lat' dir='ltr'>semper</span> <span class='ocrx_word' id='word_1_61' title='bbox 905 948 1048 1016; x_wconf 87' lang='lat' dir='ltr'>utentur;</span> 
     </span>
     <span class='ocr_line' id='line_1_9' title="bbox 90 1021 1059 1112; baseline 0.017 -39"><span class='ocrx_word' id='word_1_62' title='bbox 90 1039 102 1072; x_wconf 83' lang='lat' dir='ltr'>n</span> <span class='ocrx_word' id='word_1_63' title='bbox 121 1021 341 1096; x_wconf 69' lang='lat' dir='ltr'>grammatices,</span> <span class='ocrx_word' id='word_1_64' title='bbox 357 1028 479 1101; x_wconf 87' lang='lat' dir='ltr'>cantds,</span> <span class='ocrx_word' id='word_1_65' title='bbox 495 1026 629 1106; x_wconf 90' lang='lat' dir='ltr'>computi</span> <span class='ocrx_word' id='word_1_66' title='bbox 644 1025 847 1102; x_wconf 89' lang='lat' dir='ltr'>ecclesiastici,</span> <span class='ocrx_word' id='word_1_67' title='bbox 861 1027 1059 1112; x_wconf 88' lang='lat' dir='ltr'>aliarumque.</span> 
     </span>
     <span class='ocr_line' id='line_1_10' title="bbox 91 1104 1047 1200; baseline 0.018 -35"><span class='ocrx_word' id='word_1_68' title='bbox 91 1125 103 1161; x_wconf 85' lang='lat' dir='ltr'>r</span> <span class='ocrx_word' id='word_1_69' title='bbox 121 1104 264 1170; x_wconf 82' lang='lat' dir='ltr'>lunarum</span> <span class='ocrx_word' id='word_1_70' title='bbox 284 1111 393 1172; x_wconf 90' lang='lat' dir='ltr'>artium</span> <span class='ocrx_word' id='word_1_71' title='bbox 411 1113 600 1194; x_wconf 80' lang='lat' dir='ltr'>disciplinam</span> <span class='ocrx_word' id='word_1_72' title='bbox 613 1115 729 1177; x_wconf 84' lang='lat' dir='ltr'>discent</span> <span class='ocrx_word' id='word_1_73' title='bbox 750 1135 757 1174; x_wconf 90' lang='lat'>:</span> <span class='ocrx_word' id='word_1_74' title='bbox 779 1117 899 1176; x_wconf 81' lang='lat' dir='ltr'>Sacram</span> <span class='ocrx_word' id='word_1_75' title='bbox 914 1120 1047 1200; x_wconf 88' lang='lat' dir='ltr'>Scriptu-</span> 
     </span>
     <span class='ocr_line' id='line_1_11' title="bbox 89 1197 1049 1288; baseline 0.02 -37"><span class='ocrx_word' id='word_1_76' title='bbox 89 1216 103 1250; x_wconf 82' lang='lat' dir='ltr'>o</span> <span class='ocrx_word' id='word_1_77' title='bbox 120 1212 197 1270; x_wconf 86' lang='lat' dir='ltr'>ram,</span> <span class='ocrx_word' id='word_1_78' title='bbox 214 1197 306 1259; x_wconf 89' lang='lat' dir='ltr'>libros</span> <span class='ocrx_word' id='word_1_79' title='bbox 322 1201 553 1277; x_wconf 88' lang='lat' dir='ltr'>ecclesiasticos,</span> <span class='ocrx_word' id='word_1_80' title='bbox 574 1203 712 1264; x_wconf 87' lang='lat' dir='ltr'>homilias</span> <span class='ocrx_word' id='word_1_81' title='bbox 734 1205 934 1282; x_wconf 90' lang='lat' dir='ltr'>Sanctorum,</span> <span class='ocrx_word' id='word_1_82' title='bbox 959 1216 1049 1288; x_wconf 82' lang='lat' dir='ltr'>atque</span> 
     </span>
     <span class='ocr_line' id='line_1_12' title="bbox 89 1290 1049 1358; baseline 0.02 -19"><span class='ocrx_word' id='word_1_83' title='bbox 89 1302 102 1339; x_wconf 84' lang='lat' dir='ltr'>o</span> <span class='ocrx_word' id='word_1_84' title='bbox 120 1295 373 1348; x_wconf 90' lang='lat' dir='ltr'>sacramentorum</span> <span class='ocrx_word' id='word_1_85' title='bbox 387 1290 642 1354; x_wconf 88' lang='lat' dir='ltr'>tradendorum...</span> <span class='ocrx_word' id='word_1_86' title='bbox 653 1293 803 1354; x_wconf 88' lang='lat' dir='ltr'>etrituum</span> <span class='ocrx_word' id='word_1_87' title='bbox 814 1311 848 1352; x_wconf 88' lang='lat' dir='ltr'>ac</span> <span class='ocrx_word' id='word_1_88' title='bbox 859 1297 1049 1358; x_wconf 78' lang='lat' dir='ltr'>caeremonia·</span> 
     </span>
     <span class='ocr_line' id='line_1_13' title="bbox 89 1373 1059 1461; baseline 0.016 -31"><span class='ocrx_word' id='word_1_89' title='bbox 89 1390 102 1426; x_wconf 84' lang='lat' dir='ltr'>o</span> <span class='ocrx_word' id='word_1_90' title='bbox 119 1389 182 1433; x_wconf 90' lang='lat' dir='ltr'>rum</span> <span class='ocrx_word' id='word_1_91' title='bbox 197 1373 310 1436; x_wconf 84' lang='lat' dir='ltr'>formas</span> <span class='ocrx_word' id='word_1_92' title='bbox 323 1377 466 1440; x_wconf 91' lang='lat' dir='ltr'>ediscent.</span> <span class='ocrx_word' id='word_1_93' title='bbox 482 1380 571 1440; x_wconf 86' lang='lat' dir='ltr'>Curet</span> <span class='ocrx_word' id='word_1_94' title='bbox 584 1379 752 1460; x_wconf 85' lang='lat' dir='ltr'>Episcopus</span> <span class='ocrx_word' id='word_1_95' title='bbox 763 1387 795 1441; x_wconf 94' lang='lat' dir='ltr'>ut</span> <span class='ocrx_word' id='word_1_96' title='bbox 806 1381 933 1461; x_wconf 88' lang='lat' dir='ltr'>singulis</span> <span class='ocrx_word' id='word_1_97' title='bbox 943 1383 1059 1446; x_wconf 90' lang='lat' dir='ltr'>diebus.</span> 
     </span>
     <span class='ocr_line' id='line_1_14' title="bbox 89 1461 1055 1549; baseline 0.02 -33"><span class='ocrx_word' id='word_1_98' title='bbox 89 1479 102 1516; x_wconf 86' lang='lat' dir='ltr'>o</span> <span class='ocrx_word' id='word_1_99' title='bbox 119 1461 213 1524; x_wconf 77' lang='lat' dir='ltr'>missae</span> <span class='ocrx_word' id='word_1_100' title='bbox 227 1464 374 1526; x_wconf 82' lang='lat' dir='ltr'>sacrificio</span> <span class='ocrx_word' id='word_1_101' title='bbox 386 1466 540 1543; x_wconf 89' lang='lat' dir='ltr'>intersint,</span> <span class='ocrx_word' id='word_1_102' title='bbox 557 1486 592 1529; x_wconf 86' lang='lat' dir='ltr'>ac</span> <span class='ocrx_word' id='word_1_103' title='bbox 605 1467 722 1540; x_wconf 92' lang='lat' dir='ltr'>saltem,</span> <span class='ocrx_word' id='word_1_104' title='bbox 739 1469 865 1548; x_wconf 89' lang='lat' dir='ltr'>singulis</span> <span class='ocrx_word' id='word_1_105' title='bbox 880 1471 1055 1549; x_wconf 78' lang='lat' dir='ltr'>mensibus,</span> 
     </span>
     <span class='ocr_line' id='line_1_15' title="bbox 88 1551 1045 1634; baseline 0.01 -24"><span class='ocrx_word' id='word_1_106' title='bbox 88 1566 101 1602; x_wconf 77' lang='lat' dir='ltr'>v</span> <span class='ocrx_word' id='word_1_107' title='bbox 119 1551 316 1613; x_wconf 78' lang='lat' dir='ltr'>confiteantur</span> <span class='ocrx_word' id='word_1_108' title='bbox 331 1560 469 1632; x_wconf 88' lang='lat' dir='ltr'>peecata,</span> <span class='ocrx_word' id='word_1_109' title='bbox 488 1562 532 1631; x_wconf 92' lang='lat' dir='ltr'>ct,</span> <span class='ocrx_word' id='word_1_110' title='bbox 545 1557 629 1634; x_wconf 85' lang='lat' dir='ltr'>juxta</span> <span class='ocrx_word' id='word_1_111' title='bbox 644 1555 824 1617; x_wconf 88' lang='lat' dir='ltr'>confessoris</span> <span class='ocrx_word' id='word_1_112' title='bbox 848 1559 1045 1632; x_wconf 90' lang='lat' dir='ltr'>sententiam,</span> 
     </span>
     <span class='ocr_line' id='line_1_16' title="bbox 88 1642 1059 1721; baseline 0.012 -25"><span class='ocrx_word' id='word_1_113' title='bbox 88 1647 236 1701; x_wconf 82' lang='lat' dir='ltr'>osumant</span> <span class='ocrx_word' id='word_1_114' title='bbox 258 1642 373 1721; x_wconf 86' lang='lat' dir='ltr'>Corpus</span> <span class='ocrx_word' id='word_1_115' title='bbox 401 1643 521 1704; x_wconf 88' lang='lat' dir='ltr'>Domini</span> <span class='ocrx_word' id='word_1_116' title='bbox 548 1645 624 1706; x_wconf 87' lang='lat' dir='ltr'><strong>J.·C.</strong></span> <span class='ocrx_word' id='word_1_117' title='bbox 655 1643 819 1705; x_wconf 85' lang='lat' dir='ltr'>Cathedrali</span> <span class='ocrx_word' id='word_1_118' title='bbox 842 1648 873 1705; x_wconf 92' lang='lat' dir='ltr'>et</span> <span class='ocrx_word' id='word_1_119' title='bbox 899 1645 963 1708; x_wconf 89' lang='lat' dir='ltr'>aliis</span> <span class='ocrx_word' id='word_1_120' title='bbox 989 1647 1059 1710; x_wconf 70' lang='lat' dir='ltr'>loci</span> 
     </span>
     <span class='ocr_line' id='line_1_17' title="bbox 87 1727 698 1804; baseline 0.013 -22"><span class='ocrx_word' id='word_1_121' title='bbox 87 1745 100 1782; x_wconf 87' lang='lat' dir='ltr'>o</span> <span class='ocrx_word' id='word_1_122' title='bbox 118 1727 269 1804; x_wconf 87' lang='lat' dir='ltr'>Ecclesiis,</span> <span class='ocrx_word' id='word_1_123' title='bbox 282 1730 389 1792; x_wconf 89' lang='lat' dir='ltr'>diebus</span> <span class='ocrx_word' id='word_1_124' title='bbox 401 1729 482 1792; x_wconf 88' lang='lat' dir='ltr'>lestis</span> <span class='ocrx_word' id='word_1_125' title='bbox 496 1732 667 1794; x_wconf 84' lang='lat' dir='ltr'>inserviant.</span> <span class='ocrx_word' id='word_1_126' title='bbox 683 1753 698 1790; x_wconf 83' lang='lat' dir='ltr'>n</span> 
     </span>
    </p>

    <p class='ocr_par' dir='ltr' id='par_1_3' title="bbox 82 1815 1062 2696">
     <span class='ocr_line' id='line_1_18' title="bbox 119 1815 1044 1895; baseline 0.012 -22"><span class='ocrx_word' id='word_1_127' title='bbox 119 1815 199 1878; x_wconf 79' lang='lat' dir='ltr'>Circa</span> <span class='ocrx_word' id='word_1_128' title='bbox 212 1817 272 1879; x_wconf 92' lang='lat' dir='ltr'>hoc</span> <span class='ocrx_word' id='word_1_129' title='bbox 287 1818 393 1880; x_wconf 88' lang='lat' dir='ltr'>ultimd</span> <span class='ocrx_word' id='word_1_130' title='bbox 407 1819 597 1881; x_wconf 90' lang='lat' dir='ltr'>enuntiatum</span> <span class='ocrx_word' id='word_1_131' title='bbox 610 1867 619 1895; x_wconf 91' lang='lat'>,</span> <span class='ocrx_word' id='word_1_132' title='bbox 634 1819 856 1882; x_wconf 88' lang='lat' dir='ltr'>observandum</span> <span class='ocrx_word' id='word_1_133' title='bbox 874 1829 918 1883; x_wconf 93' lang='lat' dir='ltr'>est</span> <span class='ocrx_word' id='word_1_134' title='bbox 932 1822 1044 1886; x_wconf 87' lang='lat' dir='ltr'>Bened.</span> 
     </span>
     <span class='ocr_line' id='line_1_19' title="bbox 82 1903 1062 1990; baseline 0.011 -29"><span class='ocrx_word' id='word_1_135' title='bbox 82 1903 142 1962; x_wconf 90' lang='lat' dir='ltr'>Xlll</span> <span class='ocrx_word' id='word_1_136' title='bbox 153 1904 308 1985; x_wconf 91' lang='lat' dir='ltr'>Episcopis</span> <span class='ocrx_word' id='word_1_137' title='bbox 319 1906 508 1968; x_wconf 89' lang='lat' dir='ltr'>interdixisse</span> <span class='ocrx_word' id='word_1_138' title='bbox 524 1927 572 1984; x_wconf 91' lang='lat' dir='ltr'>ne,</span> <span class='ocrx_word' id='word_1_139' title='bbox 588 1927 643 1990; x_wconf 92' lang='lat' dir='ltr'>pro</span> <span class='ocrx_word' id='word_1_140' title='bbox 656 1927 688 1970; x_wconf 88' lang='lat' dir='ltr'>se</span> <span class='ocrx_word' id='word_1_141' title='bbox 705 1907 750 1970; x_wconf 86' lang='lat' dir='ltr'>vel</span> <span class='ocrx_word' id='word_1_142' title='bbox 770 1909 831 1970; x_wconf 89' lang='lat' dir='ltr'>suis</span> <span class='ocrx_word' id='word_1_143' title='bbox 850 1909 974 1972; x_wconf 89' lang='lat' dir='ltr'>Vicariis</span> <span class='ocrx_word' id='word_1_144' title='bbox 997 1921 1062 1974; x_wconf 50' lang='lat' dir='ltr'>aut,</span> 
     </span>
     <span class='ocr_line' id='line_1_20' title="bbox 83 1987 1047 2077; baseline 0.015 -29"><span class='ocrx_word' id='word_1_145' title='bbox 83 1987 271 2054; x_wconf 89' lang='lat' dir='ltr'>lamiliaribus</span> <span class='ocrx_word' id='word_1_146' title='bbox 286 1995 540 2076; x_wconf 87' lang='lat' dir='ltr'>quibuscumque,</span> <span class='ocrx_word' id='word_1_147' title='bbox 557 1997 613 2070; x_wconf 86' lang='lat' dir='ltr'>sub</span> <span class='ocrx_word' id='word_1_148' title='bbox 627 1998 731 2077; x_wconf 87' lang='lat' dir='ltr'>quovis</span> <span class='ocrx_word' id='word_1_149' title='bbox 749 2004 910 2077; x_wconf 88' lang='lat' dir='ltr'>praetextu,</span> <span class='ocrx_word' id='word_1_150' title='bbox 926 2006 1047 2062; x_wconf 89' lang='lat' dir='ltr'>uteren-</span> 
     </span>
     <span class='ocr_line' id='line_1_21' title="bbox 83 2080 1059 2167; baseline 0.012 -28"><span class='ocrx_word' id='word_1_151' title='bbox 83 2082 125 2140; x_wconf 89' lang='lat' dir='ltr'>tur</span> <span class='ocrx_word' id='word_1_152' title='bbox 139 2080 269 2156; x_wconf 89' lang='lat' dir='ltr'>lamulis,</span> <span class='ocrx_word' id='word_1_153' title='bbox 286 2089 339 2145; x_wconf 90' lang='lat' dir='ltr'>aut</span> <span class='ocrx_word' id='word_1_154' title='bbox 352 2083 545 2159; x_wconf 85' lang='lat' dir='ltr'>officialibus,</span> <span class='ocrx_word' id='word_1_155' title='bbox 558 2085 604 2147; x_wconf 88' lang='lat' dir='ltr'>vel</span> <span class='ocrx_word' id='word_1_156' title='bbox 615 2085 777 2148; x_wconf 88' lang='lat' dir='ltr'>lectoribus</span> <span class='ocrx_word' id='word_1_157' title='bbox 792 2087 941 2167; x_wconf 85' lang='lat' dir='ltr'>magistris</span> <span class='ocrx_word' id='word_1_158' title='bbox 953 2107 1059 2150; x_wconf 88' lang='lat' dir='ltr'>sacer·-</span> 
     </span>
     <span class='ocr_line' id='line_1_22' title="bbox 82 2165 1058 2256; baseline 0.009 -30"><span class='ocrx_word' id='word_1_159' title='bbox 82 2165 193 2232; x_wconf 90' lang='lat' dir='ltr'>dotibus</span> <span class='ocrx_word' id='word_1_160' title='bbox 207 2179 238 2233; x_wconf 91' lang='lat' dir='ltr'>et</span> <span class='ocrx_word' id='word_1_161' title='bbox 250 2171 365 2233; x_wconf 87' lang='lat' dir='ltr'>clericis</span> <span class='ocrx_word' id='word_1_162' title='bbox 381 2173 552 2234; x_wconf 89' lang='lat' dir='ltr'>Seminarii.</span> <span class='ocrx_word' id='word_1_163' title='bbox 573 2176 667 2235; x_wconf 79' lang='lat' dir='ltr'>«Non</span> <span class='ocrx_word' id='word_1_164' title='bbox 684 2180 786 2234; x_wconf 89' lang='lat' dir='ltr'>tamen</span> <span class='ocrx_word' id='word_1_165' title='bbox 803 2193 855 2253; x_wconf 92' lang='lat' dir='ltr'>per</span> <span class='ocrx_word' id='word_1_166' title='bbox 869 2174 939 2251; x_wconf 91' lang='lat' dir='ltr'>hoc,</span> <span class='ocrx_word' id='word_1_167' title='bbox 951 2176 1058 2256; x_wconf 82' lang='lat' dir='ltr'>inquit:</span> 
     </span>
     <span class='ocr_line' id='line_1_23' title="bbox 85 2255 1055 2342; baseline 0.007 -24"><span class='ocrx_word' id='word_1_168' title='bbox 85 2276 98 2312; x_wconf 81' lang='lat' dir='ltr'>r</span> <span class='ocrx_word' id='word_1_169' title='bbox 116 2255 261 2337; x_wconf 81' lang='lat' dir='ltr'>Pontifex,</span> <span class='ocrx_word' id='word_1_170' title='bbox 285 2260 493 2323; x_wconf 88' lang='lat' dir='ltr'>interdicimus</span> <span class='ocrx_word' id='word_1_171' title='bbox 508 2262 657 2342; x_wconf 84' lang='lat' dir='ltr'>Episcopo</span> <span class='ocrx_word' id='word_1_172' title='bbox 670 2261 856 2322; x_wconf 85' lang='lat' dir='ltr'>Pontificalia</span> <span class='ocrx_word' id='word_1_173' title='bbox 880 2265 1055 2339; x_wconf 63' lang='lat' dir='ltr'>exercenti,</span> 
     </span>
     <span class='ocr_line' id='line_1_24' title="bbox 85 2348 1058 2431; baseline 0.002 -28"><span class='ocrx_word' id='word_1_174' title='bbox 85 2366 98 2403; x_wconf 85' lang='lat' dir='ltr'>o</span> <span class='ocrx_word' id='word_1_175' title='bbox 117 2348 627 2431; x_wconf 69' lang='lat' dir='ltr'>nervaerenroniarummagistro,ch</span> <span class='ocrx_word' id='word_1_176' title='bbox 638 2349 1058 2413; x_wconf 78' lang='lat' dir='ltr'>sacerdotibusaSeminario.</span> 
     </span>
     <span class='ocr_line' id='line_1_25' title="bbox 85 2434 1060 2518; baseline 0.012 -27"><span class='ocrx_word' id='word_1_177' title='bbox 85 2454 98 2491; x_wconf 78' lang='lat' dir='ltr'>r</span> <span class='ocrx_word' id='word_1_178' title='bbox 116 2437 238 2498; x_wconf 90' lang='lat' dir='ltr'>retentis</span> <span class='ocrx_word' id='word_1_179' title='bbox 252 2437 296 2498; x_wconf 89' lang='lat' dir='ltr'>uti</span> <span class='ocrx_word' id='word_1_180' title='bbox 311 2437 414 2518; x_wconf 88' lang='lat' dir='ltr'>possit,</span> <span class='ocrx_word' id='word_1_181' title='bbox 430 2434 492 2500; x_wconf 85' lang='lat' dir='ltr'>irud¹</span> <span class='ocrx_word' id='word_1_182' title='bbox 506 2445 539 2499; x_wconf 89' lang='lat' dir='ltr'>ut</span> <span class='ocrx_word' id='word_1_183' title='bbox 553 2455 659 2498; x_wconf 89' lang='lat' dir='ltr'>eorum</span> <span class='ocrx_word' id='word_1_184' title='bbox 677 2439 769 2517; x_wconf 79' lang='lat' dir='ltr'>opera</span> <span class='ocrx_word' id='word_1_185' title='bbox 783 2443 812 2497; x_wconf 86' lang='lat' dir='ltr'>ct</span> <span class='ocrx_word' id='word_1_186' title='bbox 832 2438 999 2500; x_wconf 77' lang='lat' dir='ltr'>assistentia</span> <span class='ocrx_word' id='word_1_187' title='bbox 1017 2441 1060 2514; x_wconf 53' lang='lat' dir='ltr'>iu,</span> 
     </span>
     <span class='ocr_line' id='line_1_26' title="bbox 85 2524 1061 2608; baseline 0.007 -27"><span class='ocrx_word' id='word_1_188' title='bbox 85 2543 99 2581; x_wconf 79' lang='grc' dir='ltr'>ι</span> <span class='ocrx_word' id='word_1_189' title='bbox 116 2525 262 2604; x_wconf 89' lang='lat' dir='ltr'>ejusmodi</span> <span class='ocrx_word' id='word_1_190' title='bbox 279 2527 370 2587; x_wconf 87' lang='lat' dir='ltr'>sacris</span> <span class='ocrx_word' id='word_1_191' title='bbox 392 2524 597 2588; x_wconf 86' lang='lat' dir='ltr'>functionibus</span> <span class='ocrx_word' id='word_1_192' title='bbox 616 2524 708 2586; x_wconf 81' lang='lat' dir='ltr'>libere</span> <span class='ocrx_word' id='word_1_193' title='bbox 729 2525 773 2586; x_wconf 94' lang='lat' dir='ltr'>uti</span> <span class='ocrx_word' id='word_1_194' title='bbox 787 2525 903 2604; x_wconf 88' lang='lat' dir='ltr'>valeat,</span> <span class='ocrx_word' id='word_1_195' title='bbox 927 2527 1061 2608; x_wconf 78' lang='lat' dir='ltr'>plenaria.</span> 
     </span>
     <span class='ocr_line' id='line_1_27' title="bbox 84 2609 786 2696; baseline -0.004 -22"><span class='ocrx_word' id='word_1_196' title='bbox 84 2631 99 2669; x_wconf 79' lang='lat' dir='ltr'>v</span> <span class='ocrx_word' id='word_1_197' title='bbox 116 2609 170 2694; x_wconf 93' lang='lat' dir='ltr'>ipsi</span> <span class='ocrx_word' id='word_1_198' title='bbox 184 2615 335 2696; x_wconf 87' lang='lat' dir='ltr'>Episcopo</span> <span class='ocrx_word' id='word_1_199' title='bbox 349 2614 512 2677; x_wconf 92' lang='lat' dir='ltr'>tribuimus</span> <span class='ocrx_word' id='word_1_200' title='bbox 523 2613 732 2676; x_wconf 76' lang='lat' dir='ltr'>facultatem.»</span> <span class='ocrx_word' id='word_1_201' title='bbox 783 2661 786 2666; x_wconf 94' lang='lat'>.</span> 
     </span>
    </p>

    <p class='ocr_par' dir='ltr' id='par_1_4' title="bbox 80 2701 1061 3224">
     <span class='ocr_line' id='line_1_28' title="bbox 116 2701 1060 2786; baseline 0.007 -24"><span class='ocrx_word' id='word_1_202' title='bbox 116 2702 158 2762; x_wconf 89' lang='lat' dir='ltr'>Ex</span> <span class='ocrx_word' id='word_1_203' title='bbox 171 2707 233 2764; x_wconf 89' lang='lat' dir='ltr'>toto</span> <span class='ocrx_word' id='word_1_204' title='bbox 246 2709 389 2765; x_wconf 88' lang='lat' dir='ltr'>contextu</span> <span class='ocrx_word' id='word_1_205' title='bbox 403 2703 551 2765; x_wconf 89' lang='lat' dir='ltr'>citationis</span> <span class='ocrx_word' id='word_1_206' title='bbox 562 2701 692 2784; x_wconf 76' lang='lat' dir='ltr'>praelatae</span> <span class='ocrx_word' id='word_1_207' title='bbox 703 2701 816 2763; x_wconf 87' lang='lat' dir='ltr'>Concil.</span> <span class='ocrx_word' id='word_1_208' title='bbox 826 2701 959 2764; x_wconf 79' lang='lat' dir='ltr'>&#39;l’rident</span> <span class='ocrx_word' id='word_1_209' title='bbox 968 2711 1060 2786; x_wconf 71' lang='lat' dir='ltr'>patet</span> 
     </span>
     <span class='ocr_line' id='line_1_29' title="bbox 80 2789 1047 2874; baseline 0.005 -24"><span class='ocrx_word' id='word_1_210' title='bbox 80 2790 235 2853; x_wconf 88' lang='lat' dir='ltr'>seminaria</span> <span class='ocrx_word' id='word_1_211' title='bbox 250 2791 360 2852; x_wconf 89' lang='lat' dir='ltr'>debere</span> <span class='ocrx_word' id='word_1_212' title='bbox 378 2809 443 2853; x_wconf 92' lang='lat' dir='ltr'>esse</span> <span class='ocrx_word' id='word_1_213' title='bbox 460 2789 649 2852; x_wconf 85' lang='lat' dir='ltr'>instituendis</span> <span class='ocrx_word' id='word_1_214' title='bbox 666 2790 783 2852; x_wconf 91' lang='lat' dir='ltr'>clericis</span> <span class='ocrx_word' id='word_1_215' title='bbox 802 2791 954 2854; x_wconf 77' lang='lat' dir='ltr'>exclusive</span> <span class='ocrx_word' id='word_1_216' title='bbox 974 2813 1047 2874; x_wconf 89' lang='lat' dir='ltr'>pro-</span> 
     </span>
     <span class='ocr_line' id='line_1_30' title="bbox 81 2877 1061 2964; baseline 0.003 -29"><span class='ocrx_word' id='word_1_217' title='bbox 81 2877 159 2956; x_wconf 88' lang='lat' dir='ltr'>pria,</span> <span class='ocrx_word' id='word_1_218' title='bbox 181 2886 212 2941; x_wconf 90' lang='lat' dir='ltr'>et</span> <span class='ocrx_word' id='word_1_219' title='bbox 232 2879 489 2960; x_wconf 88' lang='lat' dir='ltr'>comprehendere</span> <span class='ocrx_word' id='word_1_220' title='bbox 508 2897 617 2962; x_wconf 89' lang='lat' dir='ltr'>posse,</span> <span class='ocrx_word' id='word_1_221' title='bbox 637 2896 701 2940; x_wconf 93' lang='lat' dir='ltr'>non</span> <span class='ocrx_word' id='word_1_222' title='bbox 718 2880 837 2940; x_wconf 82' lang='lat' dir='ltr'>tanturn</span> <span class='ocrx_word' id='word_1_223' title='bbox 855 2881 981 2958; x_wconf 75' lang='lat' dir='ltr'>iuvenes</span> <span class='ocrx_word' id='word_1_224' title='bbox 995 2886 1061 2964; x_wconf 84' lang='lat' dir='ltr'>qut.</span> 
     </span>
     <span class='ocr_line' id='line_1_31' title="bbox 80 2964 1061 3048; baseline 0.003 -25"><span class='ocrx_word' id='word_1_225' title='bbox 80 2964 233 3048; x_wconf 80' lang='lat' dir='ltr'>theologiae</span> <span class='ocrx_word' id='word_1_226' title='bbox 247 2985 371 3048; x_wconf 87' lang='lat' dir='ltr'>operam</span> <span class='ocrx_word' id='word_1_227' title='bbox 388 2973 507 3043; x_wconf 88' lang='lat' dir='ltr'>navant,</span> <span class='ocrx_word' id='word_1_228' title='bbox 524 2966 576 3028; x_wconf 90' lang='lat' dir='ltr'>sed</span> <span class='ocrx_word' id='word_1_229' title='bbox 588 2972 619 3028; x_wconf 92' lang='lat' dir='ltr'>et</span> <span class='ocrx_word' id='word_1_230' title='bbox 629 2967 765 3046; x_wconf 85' lang='lat' dir='ltr'>juniores</span> <span class='ocrx_word' id='word_1_231' title='bbox 779 2967 831 3048; x_wconf 88' lang='lat' dir='ltr'>qui</span> <span class='ocrx_word' id='word_1_232' title='bbox 846 2971 1061 3048; x_wconf 73' lang='lat' dir='ltr'>grammaticen.</span> 
     </span>
     <span class='ocr_line' id='line_1_32' title="bbox 81 3055 1047 3138; baseline 0.002 -26"><span class='ocrx_word' id='word_1_233' title='bbox 81 3055 206 3130; x_wconf 82' lang='lat' dir='ltr'>student,</span> <span class='ocrx_word' id='word_1_234' title='bbox 224 3055 316 3117; x_wconf 87' lang='lat' dir='ltr'>modd</span> <span class='ocrx_word' id='word_1_235' title='bbox 330 3057 427 3118; x_wconf 88' lang='lat' dir='ltr'>sciant</span> <span class='ocrx_word' id='word_1_236' title='bbox 442 3056 540 3138; x_wconf 91' lang='lat' dir='ltr'>legere</span> <span class='ocrx_word' id='word_1_237' title='bbox 553 3055 733 3133; x_wconf 88' lang='lat' dir='ltr'>etscribere,</span> <span class='ocrx_word' id='word_1_238' title='bbox 744 3063 773 3116; x_wconf 92' lang='lat' dir='ltr'>et</span> <span class='ocrx_word' id='word_1_239' title='bbox 787 3055 824 3116; x_wconf 88' lang='lat' dir='ltr'>ad</span> <span class='ocrx_word' id='word_1_240' title='bbox 834 3055 1047 3120; x_wconf 86' lang='lat' dir='ltr'>duodecimum</span> 
     </span>
     <span class='ocr_line' id='line_1_33' title="bbox 80 3145 417 3224; baseline 0.012 -23"><span class='ocrx_word' id='word_1_241' title='bbox 80 3156 188 3204; x_wconf 90' lang='lat' dir='ltr'>annum</span> <span class='ocrx_word' id='word_1_242' title='bbox 201 3145 417 3224; x_wconf 51' lang='lat' dir='ltr'>pervenerint,</span> 
     </span>
    </p>

    <p class='ocr_par' dir='ltr' id='par_1_5' title="bbox 80 3227 1062 3492">
     <span class='ocr_line' id='line_1_34' title="bbox 115 3227 1059 3314; baseline 0.001 -23"><span class='ocrx_word' id='word_1_243' title='bbox 115 3227 214 3293; x_wconf 90' lang='lat' dir='ltr'>Potest</span> <span class='ocrx_word' id='word_1_244' title='bbox 228 3235 328 3294; x_wconf 84' lang='lat' dir='ltr'>autern</span> <span class='ocrx_word' id='word_1_245' title='bbox 342 3233 520 3314; x_wconf 86' lang='lat' dir='ltr'>Episcopus,</span> <span class='ocrx_word' id='word_1_246' title='bbox 532 3250 568 3294; x_wconf 89' lang='lat' dir='ltr'>ex</span> <span class='ocrx_word' id='word_1_247' title='bbox 580 3232 687 3294; x_wconf 91' lang='lat' dir='ltr'>eodem</span> <span class='ocrx_word' id='word_1_248' title='bbox 703 3229 848 3306; x_wconf 85' lang='lat' dir='ltr'>Concilio,</span> <span class='ocrx_word' id='word_1_249' title='bbox 858 3230 945 3311; x_wconf 84' lang='lat' dir='ltr'>plura</span> <span class='ocrx_word' id='word_1_250' title='bbox 955 3232 1059 3293; x_wconf 88' lang='lat' dir='ltr'>Semi--</span> 
     </span>
     <span class='ocr_line' id='line_1_35' title="bbox 81 3317 1050 3400; baseline 0.004 -22"><span class='ocrx_word' id='word_1_251' title='bbox 81 3319 160 3381; x_wconf 89' lang='lat' dir='ltr'>naria</span> <span class='ocrx_word' id='word_1_252' title='bbox 173 3319 298 3395; x_wconf 88' lang='lat' dir='ltr'>habere,</span> <span class='ocrx_word' id='word_1_253' title='bbox 313 3321 365 3381; x_wconf 92' lang='lat' dir='ltr'>sed</span> <span class='ocrx_word' id='word_1_254' title='bbox 380 3322 485 3383; x_wconf 90' lang='lat' dir='ltr'>saltem</span> <span class='ocrx_word' id='word_1_255' title='bbox 499 3327 619 3383; x_wconf 91' lang='lat' dir='ltr'>tenetur</span> <span class='ocrx_word' id='word_1_256' title='bbox 639 3319 749 3380; x_wconf 90' lang='lat' dir='ltr'>habere</span> <span class='ocrx_word' id='word_1_257' title='bbox 767 3336 884 3393; x_wconf 90' lang='lat' dir='ltr'>unum,</span> <span class='ocrx_word' id='word_1_258' title='bbox 904 3317 961 3380; x_wconf 92' lang='lat' dir='ltr'>nisi</span> <span class='ocrx_word' id='word_1_259' title='bbox 979 3339 1050 3400; x_wconf 89' lang='lat' dir='ltr'>pau-</span> 
     </span>
     <span class='ocr_line' id='line_1_36' title="bbox 80 3405 1062 3492; baseline 0.003 -24"><span class='ocrx_word' id='word_1_260' title='bbox 80 3415 174 3486; x_wconf 87' lang='lat' dir='ltr'>pertas</span> <span class='ocrx_word' id='word_1_261' title='bbox 186 3415 325 3485; x_wconf 86' lang='lat' dir='ltr'>exouset;</span> <span class='ocrx_word' id='word_1_262' title='bbox 341 3405 432 3471; x_wconf 89' lang='lat' dir='ltr'>etiam</span> <span class='ocrx_word' id='word_1_263' title='bbox 447 3411 477 3472; x_wconf 92' lang='lat' dir='ltr'>in</span> <span class='ocrx_word' id='word_1_264' title='bbox 493 3411 529 3472; x_wconf 90' lang='lat' dir='ltr'>iis</span> <span class='ocrx_word' id='word_1_265' title='bbox 548 3409 621 3471; x_wconf 89' lang='lat' dir='ltr'>locis</span> <span class='ocrx_word' id='word_1_266' title='bbox 638 3409 691 3470; x_wconf 89' lang='lat' dir='ltr'>ubi</span> <span class='ocrx_word' id='word_1_267' title='bbox 708 3407 849 3492; x_wconf 87' lang='lat' dir='ltr'>existeret</span> <span class='ocrx_word' id='word_1_268' title='bbox 866 3406 1062 3471; x_wconf 71' lang='lat' dir='ltr'>Universitas.</span> 
     </span>
    </p>
   </div>
   <div class='ocr_carea' id='block_1_3' title="bbox 80 3597 1064 3837">
    <p class='ocr_par' dir='ltr' id='par_1_6' title="bbox 80 3597 1064 3837">
     <span class='ocr_line' id='line_1_37' title="bbox 110 3597 1064 3703; baseline -0.003 -13"><span class='ocrx_word' id='word_1_269' title='bbox 110 3637 117 3664; x_wconf 80' lang='lat'><strong>¹</strong></span> <span class='ocrx_word' id='word_1_270' title='bbox 132 3597 167 3690; x_wconf 49' lang='grc' dir='ltr'>ἐκ</span> <span class='ocrx_word' id='word_1_271' title='bbox 180 3635 317 3688; x_wconf 78' lang='lat' dir='ltr'>liis-auctor</span> <span class='ocrx_word' id='word_1_272' title='bbox 328 3635 437 3690; x_wconf 70' lang='lat' dir='ltr'>Proleot.</span> <span class='ocrx_word' id='word_1_273' title='bbox 450 3636 476 3689; x_wconf 83' lang='lat' dir='ltr'>S.</span> <span class='ocrx_word' id='word_1_274' title='bbox 490 3637 603 3703; x_wconf 75' lang='lat' dir='ltr'>sulpitii,</span> <span class='ocrx_word' id='word_1_275' title='bbox 619 3649 648 3686; x_wconf 75' lang='lat' dir='ltr'>no</span> <span class='ocrx_word' id='word_1_276' title='bbox 661 3637 715 3695; x_wconf 74' lang='lat'>332,</span> <span class='ocrx_word' id='word_1_277' title='bbox 731 3637 817 3686; x_wconf 78' lang='lat' dir='ltr'>merito</span> <span class='ocrx_word' id='word_1_278' title='bbox 829 3635 930 3686; x_wconf 91' lang='lat' dir='ltr'>deducit</span> <span class='ocrx_word' id='word_1_279' title='bbox 941 3643 1064 3688; x_wconf 75' lang='lat' dir='ltr'>mentera·</span> 
     </span>
     <span class='ocr_line' id='line_1_38' title="bbox 80 3702 1063 3768; baseline 0.002 -13"><span class='ocrx_word' id='word_1_280' title='bbox 80 3702 180 3756; x_wconf 75' lang='lat' dir='ltr'>doncdii</span> <span class='ocrx_word' id='word_1_281' title='bbox 193 3707 336 3760; x_wconf 83' lang='lat' dir='ltr'>nullatenus</span> <span class='ocrx_word' id='word_1_282' title='bbox 352 3706 428 3758; x_wconf 81' lang='lat' dir='ltr'>luisse</span> <span class='ocrx_word' id='word_1_283' title='bbox 442 3713 486 3768; x_wconf 76' lang='lat' dir='ltr'>at,</span> <span class='ocrx_word' id='word_1_284' title='bbox 502 3707 527 3757; x_wconf 91' lang='lat' dir='ltr'>in</span> <span class='ocrx_word' id='word_1_285' title='bbox 540 3708 627 3760; x_wconf 88' lang='lat' dir='ltr'>eodem</span> <span class='ocrx_word' id='word_1_286' title='bbox 642 3706 785 3765; x_wconf 81' lang='lat' dir='ltr'>seminario.</span> <span class='ocrx_word' id='word_1_287' title='bbox 798 3705 883 3758; x_wconf 86' lang='lat' dir='ltr'>clerici</span> <span class='ocrx_word' id='word_1_288' title='bbox 896 3723 924 3759; x_wconf 87' lang='lat' dir='ltr'>ac</span> <span class='ocrx_word' id='word_1_289' title='bbox 936 3707 993 3768; x_wconf 82' lang='lat' dir='ltr'>laici</span> <span class='ocrx_word' id='word_1_290' title='bbox 1009 3707 1063 3758; x_wconf 83' lang='lat' dir='ltr'>in·-</span> 
     </span>
     <span class='ocr_line' id='line_1_39' title="bbox 80 3773 970 3837; baseline 0.007 -14"><span class='ocrx_word' id='word_1_291' title='bbox 80 3773 150 3825; x_wconf 81' lang='lat' dir='ltr'>timul</span> <span class='ocrx_word' id='word_1_292' title='bbox 165 3777 334 3837; x_wconf 87' lang='lat' dir='ltr'>instituantur,</span> <span class='ocrx_word' id='word_1_293' title='bbox 349 3778 444 3828; x_wconf 87' lang='lat' dir='ltr'>ratione</span> <span class='ocrx_word' id='word_1_294' title='bbox 459 3793 511 3828; x_wconf 78' lang='lat' dir='ltr'>noo</span> <span class='ocrx_word' id='word_1_295' title='bbox 521 3777 604 3828; x_wconf 77' lang='lat' dir='ltr'>habita</span> <span class='ocrx_word' id='word_1_296' title='bbox 616 3778 762 3830; x_wconf 83' lang='lat' dir='ltr'>vocationis.</span> <span class='ocrx_word' id='word_1_297' title='bbox 967 3791 970 3794; x_wconf 83' lang='lat'>·</span> 
     </span>
    </p>
   </div>
   <div class='ocr_carea' id='block_1_4' title="bbox 0 0 1268 4210">
    <p class='ocr_par' dir='ltr' id='par_1_7' title="bbox 0 0 1268 4210">
     <span class='ocr_line' id='line_1_40' title="bbox 0 0 1268 4210; baseline 0 3"><span class='ocrx_word' id='word_1_298' title='bbox 0 0 1268 4210; x_wconf 95' lang='lat' dir='ltr'> </span> 
     </span>
    </p>
   </div>
  </div>
 </body>
</html>
