2548 4216
174 247 232 304 ³50
446 255 596 300 acerruma
618 251 702 298 runis
722 251 871 299 oruomor.

172 378 233 422 aon
252 358 355 439 vigent
373 358 486 440 regula
507 355 713 428 Cancetlariae,
738 353 911 435 Capitulum
933 363 986 418 aut
1009 357 1158 426 vicarius

173 447 350 529 Capitularis
363 447 455 527 possit
468 454 499 510 et
511 445 620 508 debeat
632 441 790 526 providere
802 441 958 506 beneficiis
971 451 1159 516 vacantibus

174 533 209 598 de
223 533 332 598 idoneo
348 535 465 598 Vicario
479 541 509 598 et
522 551 683 598 oeconomo
696 531 749 613 qui
762 549 799 594 ea
814 530 1018 609 administret,
1033 536 1110 601 dato
1126 541 1158 604 ei

174 643 309 704 congruo
323 624 472 704 stipendio
486 623 583 686 donec
597 623 616 684 a
629 625 821 702 competente
840 623 1017 686 auctoritate
1038 625 1160 706 hujus-

174 713 254 776 modi
269 712 416 775 benetioia
431 711 636 774 conterantur.
653 708 712 772 Sed
726 727 784 771 neo
797 709 967 790 Capitulum
986 732 1044 776 nec
1061 718 1157 780 Vica-

188 801 236 864 ius
248 801 529 882 capitularispotest
537 818 645 862 omnes
657 798 772 860 fructus
781 795 922 860 beneficii
932 819 986 880 pro
996 803 1159 884 stipendio

173 889 339 971 assignare,
355 909 412 952 nec
424 890 568 970 deputare
578 889 609 949 in
622 885 774 949 Vicarium
789 884 874 948 iilum
887 888 940 967 qui
954 888 984 948 in
995 909 1159 960 concursu

174 994 228 1058 pro
240 978 345 1040 eadem
356 977 496 1060 parochie
510 977 606 1058 magis
618 975 745 1038 idoneus
756 972 907 1053 judicatus
917 975 983 1040 furt.
994 980 1024 1042 S.
1034 982 1157 1065 Congr.

174 1066 279 1142 Cone,
295 1068 375 1146 apud
389 1069 578 1148 Fagnanum.

212 1155 247 1215 ln
263 1155 392 1231 Galliae
406 1162 543 1236 tempore
558 1151 737 1216 concordati
754 1151 827 1214 1801
844 1170 942 1234 usque
957 1155 995 1216 ad
1010 1177 1160 1238 praesen.

177 1247 236 1304 tem
250 1249 368 1304 aetatem
382 1292 389 1314 ‚
403 1249 625 1305 consueverunt
636 1240 772 1322 capitula
784 1247 814 1302 et
827 1252 1049 1323 consequenter
1061 1250 1161 1312 Vica-

177 1331 210 1392 rii
230 1332 415 1412 Capitutares
435 1351 586 1394 reservare
610 1330 712 1393 futuro
734 1328 885 1411 Episcopo
908 1333 1161 1402 nominationem

176 1421 412 1482 canonicatuum
433 1421 603 1482 vacantium
625 1423 655 1480 et
674 1416 883 1499 parochiarum
909 1423 1028 1502 proprie
1051 1425 1161 1490 dicta·

177 1527 262 1585 rum,
277 1517 400 1589 excepto
414 1508 490 1570 torte
504 1527 576 1571 casu
590 1527 651 1589 quo
667 1506 759 1569 Sedes
773 1506 958 1588 Episcopalis
973 1529 1026 1590 per
1048 1514 1163 1594 plures

176 1616 272 1660 annos
285 1599 442 1659 vacaverit.
460 1600 600 1659 Attamen
615 1594 804 1658 Guberniurn
818 1600 1006 1676 recognoscit
1017 1600 1050 1662 in
1065 1603 1164 1668 Vica-

177 1685 228 1747 riis
240 1685 458 1766 capitularibus
471 1692 647 1766 potestatem
658 1681 835 1746 nominandi
850 1684 990 1749 etiamad
1003 1693 1164 1768 paroecias

176 1791 244 1853 quae
258 1773 463 1836 tnumooidiles
477 1779 702 1853 nuncupantur.

220 1884 236 1922 r
256 1864 356 1934 Quant
366 1881 404 1925 au
417 1861 557 1945 Chapitre
566 1861 604 1923 de
615 1861 644 1922 la
654 1859 842 1938 esthamoe,
851 1861 993 1943 inquiunt
1002 1863 1164 1936 Analecta

181 1974 196 2006 a
210 1951 294 2032 jum's
306 1949 419 2032 pontis.
436 1951 522 2029 (juill.
541 1953 617 2013 1855
631 1995 638 2026 ‚
654 1949 712 2012 col.
728 1951 828 2029 mea),
845 1949 873 2010 le
886 1952 1051 2015 sentiment
1063 1975 1165 2023 com·

181 2065 195 2096 a
218 2058 290 2102 mun
305 2046 349 2100 est
362 2039 434 2120 qu'ii
450 2045 541 2120 peut,
556 2037 629 2100 Sede
642 2046 777 2112 vocante,
793 2036 940 2101 admettre
955 2040 996 2102 ies
1009 2044 1166 2126 resigna.

181 2155 195 2186 u
217 2129 313 2198 tione,
334 2129 458 2207 excepte
481 2128 524 2190 tes
546 2125 698 2190 be'nefices
720 2126 795 2188 dont
817 2127 996 2208 l'Evequea
1022 2131 1050 2192 ta
1077 2135 1166 2202 libre

180 2241 195 2275 a
215 2215 440 2280 collation...Le
450 2213 587 2297 Chapitre
598 2221 669 2295 peut
678 2213 759 2276 donc
768 2213 913 2277 admettre
923 2215 951 2277 ta
965 2218 1165 2300 resignation

181 2306 268 2368 ades
281 2304 431 2367 he'ndtices
443 2302 482 2364 de
502 2309 685 2384 patrouage,
704 2321 775 2366 avec
798 2302 826 2365 le
848 2312 1084 2372 consenteurent
1105 2313 1167 2378 des
1269 2317 1270 2320 ’

180 2401 379 2475 «patrous»

214 2487 283 2545 486.
308 2485 407 2554 Ouaer.
435 2484 468 2540 7⁰
492 2479 650 2552 Quomodo
678 2477 794 2560 expiret
816 2483 946 2560 potestas
968 2483 1110 2564 Capituli
1134 2499 1165 2554 et

180 2571 283 2633 Vioarii
298 2567 499 2651 capitularis?
1265 2607 1266 2678 p

218 2681 234 2719 u
254 2657 402 2739 Hodie...,
415 2656 513 2736 inquit
525 2654 702 2730 Leurenius‚
719 2659 785 2735 post
796 2656 916 2720 Extrav.
932 2657 1099 2739 lajacum,
1118 2665 1166 2730 De
1264 2691 1265 2752 p

178 2767 194 2806 ι
213 2745 366 2820 electione,
384 2761 444 2804 non
459 2750 529 2806 anta
546 2750 642 2805 cessat
657 2741 742 2806 Sedis
763 2743 893 2821 vacatio,
916 2749 1009 2826 quam
1032 2749 1163 2817 Contir-
1263 2757 1264 2826 t

178 2855 194 2896 a
214 2834 373 2911 metionis,
388 2827 585 2894 iustitutionis
602 2837 632 2892 et
651 2828 870 2894 Provisionis...
892 2835 1076 2914 Apostotioae
1099 2844 1163 2907 Lit-

177 2929 285 2985 «terae
298 2923 359 2984 sint
372 2919 533 3004 expeditae,
548 2923 579 2981 et
599 2919 754 2982 actualiter
773 2925 959 3000 praesautatae
983 2923 1038 3004 ipsi
1062 2930 1157 3016 capi.

176 3009 318 3076 caulo.»

205 3103 305 3163 'l'enor
316 3101 435 3162 Extrav.
449 3097 600 3184 Injunrtae
612 3099 672 3182 tegi
686 3105 784 3183 potest
797 3118 890 3181 supra
907 3099 992 3184 (Ἇῖ)
1007 3101 1081 3166 :htc
1095 3107 1154 3168 ad·

166 3187 264 3250 denda
274 3194 344 3250 s'unt
357 3187 474 3250 tantiam
488 3188 757 3269 sequentiarum,
768 3207 838 3270 que
850 3191 994 3270 praesanti
1011 3195 1153 3259 craterio

166 3277 446 3358 magiscongruunt
465 3297 472 3338 2
497 3275 666 3358 «capitula
678 3279 748 3338 vero
762 3284 792 3338 et
809 3279 984 3340 Conventus
997 3281 1153 3346 Ecclesia·

169 3388 184 3423 a
205 3383 274 3428 rum
297 3371 328 3426 et
349 3363 601 3426 monasteriorum
621 3365 773 3446 ipsorum,
796 3365 877 3446 ipsos
899 3366 1017 3446 absque
1037 3369 1150 3450 hujus·

170 3477 185 3512 a
208 3452 290 3514 modi
305 3453 393 3516 diotae
407 3453 493 3514 Sedis
508 3453 613 3515 litteris
626 3454 809 3534 recipientes
822 3453 867 3516 vel
884 3454 1067 3519 obedientes
1082 3463 1146 3523 eis-

170 3567 184 3600 «
202 3541 286 3613 dem,
307 3541 424 3603 tamdiu
445 3541 505 3602 sint
521 3544 539 3606 a
557 3541 776 3605 beneficiorum
797 3559 921 3605 suorum
947 3548 1151 3628 perceptione

170 3652 186 3688 a
207 3630 358 3708 suspensi,
383 3629 482 3691 donec
496 3649 587 3710 super
599 3630 658 3692 hoc
676 3631 813 3717 ejusdem
829 3631 915 3693 Sedis
928 3634 1062 3712 gratiam
1079 3657 1147 3700 rne-

175 3737 187 3777 ι
208 3715 323 3778 ruerint
334 3715 511 3778 obtinere.»
530 3715 573 3778 ita
585 3717 675 3780 etiam
690 3717 722 3781 G.
739 3721 843 3794 apost.
859 3717 955 3782 Sedis.
