2616 4228
506 281 580 322 uxrt'
588 281 599 320 s
621 279 802 332 rtromltlalss.

574 439 658 497 ART.
682 439 730 495 lll.

405 557 446 629 ru
461 580 534 630 amm
557 576 699 626 canonico
720 579 889 624 narremur.

535 721 539 726 ·
622 717 683 796 §a

418 845 462 907 Dc
475 845 549 928 jure
560 851 613 905 out
601 843 712 904 tionoli
724 843 757 904 in
769 861 883 925 ponere.

202 991 272 1048 lll.
298 986 419 1057 Ouaerit.
448 990 480 1045 1⁰
502 984 581 1058 Quid
603 989 633 1046 et
655 984 820 1065 quotuplex
834 985 896 1044 sit
885 1003 935 1063 Jus
958 984 1138 1048 canonicum

162 1075 339 1136 nationale?
402 1083 405 1094 ‘

202 1167 294 1244 Resp.
318 1166 374 1225 Jus
401 1162 580 1224 canonicum
606 1161 756 1223 nationale
777 1168 822 1223 est
850 1161 1017 1242 complecto
1044 1103 1139 1244 layum

160 1252 427 1320 ecclesiasticorum
449 1251 544 1312 alicui
560 1251 644 1332 penti
659 1250 868 1332 propriarum.
896 1251 986 1311 Posse
1008 1251 1140 1332 legitime

162 1343 265 1422 vigere
279 1339 453 1418 hujusmodi
468 1340 549 1420 leges
563 1347 668 1420 except
657 1339 784 1436 tionales
795 1339 877 1420 apud
889 1341 1023 1420 singulas
1036 1346 1141 1420 gentes

165 1449 256 1492 nemo
275 1436 376 1510 negat.

204 1522 220 1580 J
224 1538 259 1580 us
275 1517 424 1578 nationale
434 1517 602 1618 duplioivil
612 1517 762 1579 introduci
774 1522 886 1596 potest:
896 1517 940 1578 vel
953 1536 1007 1615 per
1016 1518 1142 1618 deroga·

163 1609 278 1668 tionem
290 1607 351 1684 juri
362 1625 517 1668 communi
510 1607 654 1679 laetam,
671 1607 717 1667 vel
729 1625 782 1686 per
797 1609 1054 1666 conseruationem
1068 1607 1142 1684 ejus·

162 1697 256 1758 dem
246 1697 323 1774 Juris
337 1695 510 1756 communis
524 1695 554 1755 in
572 1696 672 1775 aliqud
692 1695 828 1764 natione,
847 1709 917 1754 casu
935 1713 997 1786 quo
1012 1695 1140 1775 ubique,

165 1787 231 1869 ipso
246 1785 389 1864 excepto,
404 1783 459 1846 tuit
476 1791 634 1845 mutatum.

203 1874 336 1935 lterum
326 1891 376 1950 jus
391 1872 473 1952 quod
489 1873 542 1934 suit
556 1871 761 1933 introductum
775 1889 829 1951 per
843 1871 1081 1952 derogationem
1096 1879 1142 1935 rel

163 1981 344 2024 concessum
362 1959 416 2022 fuit
431 1979 485 2041 per
508 1961 635 2041 simplex
651 1960 840 2040 privilegium
856 1962 1039 2022 auctoritatis
1053 1981 1141 2024 com-

165 2052 314 2133 petentis,
330 2050 375 2112 vel
393 2068 446 2130 per
460 2057 647 2111 contractum
663 2067 846 2123 onerosum,
868 2050 908 2110 ob
928 2051 1049 2130 aliquod
1065 2071 1142 2115 onus

164 2139 249 2220 quod
264 2138 319 2198 sibi
335 2141 416 2199 natio
432 2138 481 2200 illa
496 2137 651 2219 imposuit,
663 2157 691 2199 r.
708 2157 738 2217 g.
756 2137 902 2200 fundandi
918 2137 1075 2214 beneficia,
1091 2147 1142 2203 aut

163 2230 224 2290 alia
238 2227 411 2308 praestandi.
482 2259 485 2262 -

206 2319 338 2378 Domum
366 2316 517 2396 exemptio
547 2333 690 2377 concessa
717 2313 773 2374 fuit
800 2313 846 2374 vel
876 2333 930 2394 per
960 2333 1142 2378 consensum

164 2423 344 2485 expressum
369 2404 551 2484 superioris,
566 2403 613 2465 vel
634 2421 687 2484 per
701 2404 843 2476 tacitum,
865 2402 965 2463 medio
985 2411 1144 2466 consuetu·

163 2494 247 2558 dinis
259 2493 354 2574 injus
372 2499 492 2555 erectae.
979 2531 981 2538 ι

209 2585 278 2644 lta.
303 2581 605 2650 cruentatorum
627 2580 798 2661 legitimum
822 2599 887 2642 esse
909 2582 1002 2662 possit
1021 2583 1073 2660 jus
1092 2600 1143 2648 na·

164 2672 278 2734 tionale
293 2673 492 2748 canonicum,
511 2672 576 2733 sine
591 2687 742 2732 consensu
755 2671 801 2732 rel
814 2672 988 2733 auctoritate
1008 2670 1039 2734 S.
1064 2674 1144 2735 Pon-

165 2767 283 2831 tiliois?

209 2861 302 2939 Resp.
318 2858 477 2938 Negative,
492 2857 517 2920 si
533 2863 637 2938 agatur
649 2855 766 2936 dejure
784 2857 927 2918 nationali
940 2859 1142 2940 derogatorio.

208 2947 264 3009 Vel
279 2947 361 3008 enim
373 2965 420 3008 res
433 2947 473 3008 ita
486 2946 628 3024 sehabet,
638 2945 683 3008 vel
696 2946 745 3024 ius
757 2947 908 3009 nationale
923 2947 1143 3030 derogatorium

165 3036 319 3100 introduci
337 3037 464 3117 potuita
485 3035 621 3097 saeculari
635 3035 784 3116 principe,
799 3044 850 3097 aut
871 3037 909 3098 ab
928 3037 986 3098 alia
1002 3044 1145 3117 potestate

166 3127 283 3206 aPapd
296 3125 414 3186 diverso
434 3143 442 3189 ι
457 3123 540 3205 atqui
557 3124 619 3186 duo
634 3123 700 3186 haeo
724 3125 889 3204 posteriora
902 3125 962 3187 dici
977 3135 1142 3206 nequeunt.

166 3217 292 3276 -Non
306 3215 442 3294 primum
458 3233 464 3273 :
486 3214 565 3274 Cirnr
584 3214 621 3277 de
644 3213 703 3276 fide
723 3213 759 3274 sit
778 3215 947 3295 principem
969 3215 1144 3278 saecularem

166 3302 252 3366 haud
265 3320 354 3383 posse
365 3303 447 3382 leges
456 3303 617 3364 canonicas
631 3301 761 3364 condere
774 3350 782 3379 ‚
798 3322 854 3364 nec
867 3303 904 3363 ab
917 3303 988 3382 ipsis
1000 3303 1143 3367 eximere.

167 3424 209 3440 -
223 3393 294 3452 Non
308 3391 496 3452 secundum:
513 3393 640 3451 -Nam
656 3390 705 3450 illa
724 3397 855 3470 potestas
876 3399 954 3451 esset
975 3391 1018 3452 vet
1042 3393 1145 3455 Conci-

169 3481 246 3542 lium
265 3479 504 3556 oecumenioum‚
530 3486 582 3541 aut
601 3479 795 3559 particulare,
817 3479 863 3540 vel
886 3479 1076 3556 Patriarcha‚
1098 3483 1146 3544 vet

167 3568 229 3632 ulia
243 3575 374 3649 potestas
389 3567 528 3644 interior,
544 3568 590 3630 vel
611 3567 810 3630 consuetudo.
827 3569 885 3630 Sed
902 3569 959 3630 illae
974 3588 1081 3630 omnes
1095 3588 1142 3649 po·

168 3663 291 3720 testatos
305 3658 361 3718 lS.
375 3657 519 3718 Pontilioe
530 3657 682 3737 pendent:
696 3653 858 3737 ipsummet
873 3659 1040 3720 Concilium
1056 3675 1143 3737 gene

137 3827 148 3842 υ
169 3745 265 3809 raico
281 3746 361 3825 Papi
374 3744 462 3807 debet
475 3745 644 3826 approbari,
659 3744 734 3806 siout
749 3747 838 3806 etiam
853 3745 1052 3808 cousuetudo.
1067 3747 1145 3820 llrgo
