2562 4224
287 303 289 316 '
372 315 374 320 ·
423 313 510 360 eroon
531 309 650 355 narnus.
782 341 783 344 ,
970 293 1027 349 ma

80 442 91 473 a
108 419 173 478 tium
197 415 399 480 conciliorum
422 412 550 484 innixa,
578 409 786 471 demonstrent
810 406 976 486 Episcopus
997 401 1030 464 in

80 530 91 562 r
107 505 329 586 provincialibus
341 501 475 584 synodis,
491 507 636 580 tanquam
652 495 804 558 ordinario
816 511 922 555 corum
935 492 1030 554 tribu·
1091 517 1092 524 ¹

81 617 92 648 r
108 593 175 669 nali,
198 593 336 655 ultimant
355 591 504 670 judicatos
524 587 639 650 luisse:
664 585 797 647 historiae
824 581 1031 645 ecclesiasticae

80 705 92 736 r
108 683 225 766 omnino
245 682 436 762 ignorantem
455 695 536 750 esse,
559 675 612 756 qui
633 675 689 736 sibi
715 672 897 752 imaginatur
913 668 1032 730 nulum

81 789 234 851 «tunquam
254 765 438 849 Episcopum
456 765 584 844 judicari
609 763 742 844 potuisse
765 759 822 822 nisi
845 762 967 832 Rornae,
982 762 1033 817 aut

80 880 92 913 a
109 876 157 937 per
174 858 400 920 commissarios
421 855 459 916 ab
472 853 553 918 Urbe
567 853 688 914 missos.
704 873 720 910 »
737 851 801 912 lmb
815 846 983 909 Febronius
996 845 1035 906 rb

78 963 160 1025 usque
184 946 372 1028 progreditur
398 951 432 1006 ut
458 943 537 1004 dicat
563 962 570 1004 :
604 943 675 1002 rln
710 938 841 1019 antiquis
867 933 1038 1014 canonibus,

79 1056 91 1086 r
109 1023 244 1120 (exceptis
258 1035 294 1096 iis
307 1053 376 1114 quae
391 1031 541 1114 posteritas
555 1036 631 1092 etex
645 1028 825 1111 specialibus
835 1025 1036 1102 causis....per

80 1144 92 1175 r
111 1123 281 1186 Sardicense
302 1122 471 1184 Concilium
489 1123 626 1180 Enniano
642 1117 777 1180 Pontifici
795 1119 1032 1196 supereropunter

80 1211 243 1272 «attributa
264 1209 420 1290 luerunt),
450 1226 488 1269 ne
509 1208 666 1291 uestigium
690 1205 814 1287 quidem
837 1200 1037 1284 appareatdc

79 1299 231 1361 «minimo
250 1301 317 1379 jure
337 1297 419 1379 quod
438 1298 527 1377 Papae
548 1314 685 1376 unquam
705 1296 735 1356 in
750 1293 796 1354 bis
814 1291 944 1374 potuerit
960 1308 1038 1353 cnm·

81 1394 216 1466 «petere.
233 1411 248 1446 n

101 1474 368 1556 Atquantltmlalsa
382 1474 441 1536 sint
453 1473 521 1534 talia
531 1480 642 1534 asserta
654 1471 823 1532 innumeris
835 1470 1040 1532 monumentis

77 1560 266 1626 demonstrari
290 1569 412 1643 potest:
435 1560 561 1624 sufficiat
586 1560 635 1621 htc
662 1559 773 1620 reterre
793 1557 885 1620 verba
911 1558 1037 1621 Jutitt:

74 1650 163 1712 lulius
178 1656 206 1730 l,
230 1653 261 1713 in
283 1653 374 1713 causa
393 1654 424 1713 S.
448 1650 601 1711 Athanasii
618 1648 656 1709 ab
678 1641 796 1708 Arianis
815 1646 962 1727 depositi,
982 1648 1038 1708 alt:

80 1759 93 1793 a
109 1740 244 1818 oportuit
259 1741 400 1802 omnibus
417 1740 504 1801 nobis
519 1737 672 1818 (Ecclesiae
690 1738 835 1798 Romanae
852 1737 978 1817 ejusque
991 1755 1039 1817 sy·-

78 1848 91 1883 u
110 1829 200 1910 nodo)
216 1829 393 1910 scripsisse,
407 1835 440 1890 ut
460 1828 498 1889 ita
518 1827 555 1888 ab
574 1825 717 1888 omnibus
733 1825 814 1906 quod
829 1826 944 1904 justum
963 1835 1042 1887 esset

78 1915 333 1980 «decerneretur.
355 1917 496 1998 Episcopi
522 1914 604 1978 enim
628 1920 714 1976 crant
739 1915 791 1996 qui
813 1915 1038 1995 patiebantur...

77 2009 154 2066 adra
181 2006 327 2087 ignoratis
353 2005 433 2068 hanc
462 2023 527 2067 esse
551 2005 831 2074 consuetudinem,
857 2009 888 2064 ut
910 2005 1041 2084 primlrm

78 2113 91 2149 a
109 2095 200 2156 Nobis
217 2095 376 2169 scribatur,
392 2101 422 2156 et
436 2094 508 2156 hinc
529 2093 610 2175 quod
630 2095 743 2172 justum
757 2099 802 2154 cst
815 2092 1010 2154 decernatis?
1024 2115 1039 2150 n

73 2181 168 2262 Ergo,
187 2186 277 2264 Juxta
299 2183 551 2245 consuetudinem
575 2183 672 2262 quarti
694 2181 813 2257 saeculi,
832 2200 893 2242 non
915 2184 945 2242 in
967 2185 1043 2242 Pro-

74 2268 249 2334 uincialibus
269 2273 391 2352 synodis
415 2271 553 2333 ultimatd
571 2270 786 2350 judicabantur
809 2270 969 2350 Episcopi,
988 2271 1042 2330 scd

74 2357 142 2419 nihil
167 2367 323 2422 erat-tunc
339 2359 547 2422 definiendum
562 2377 634 2439 erga
658 2360 759 2440 ipsos,
782 2358 839 2418 nisi
856 2359 940 2438 prius
955 2377 1045 2420 causa

73 2447 171 2510 Romae
186 2448 323 2528 exposita
345 2449 464 2530 luisset,
481 2456 515 2510 ut
533 2448 605 2509 hinc
622 2447 703 2528 quod
723 2447 838 2528 justum
861 2454 924 2508 erat
941 2447 1045 2510 decer·

74 2543 202 2598 neretur.
229 2535 313 2598 Idem
330 2537 448 2617 probari
466 2542 564 2617 potest
583 2555 620 2598 ex
637 2535 768 2616 Epistola
783 2535 890 2598 Gelasii
905 2537 941 2597 ad
958 2539 1046 2618 Epis-

72 2640 159 2703 copos
190 2624 364 2688 Dardaniae.
389 2625 464 2686 Vide
494 2625 581 2705 plura
606 2624 663 2687 alia
691 2623 723 2685 in
752 2632 853 2686 nostro
883 2623 1045 2704 dlanuuli,

73 2711 104 2768 n⁰
116 2716 187 2787 sat,
205 2720 265 2775 etc.

106 2801 227 2864 Exhinc
241 2801 273 2862 in
294 2802 408 2864 Concil.
424 2802 557 2864 'trident
579 2800 665 2882 (sess.
683 2807 739 2880 at,
761 2821 828 2882 cap.
844 2802 876 2882 5)
898 2803 1047 2867 sancitum

72 2885 122 2949 luit
143 2895 179 2952 ut
206 2909 224 2949 u
249 2891 351 2952 Causae
372 2891 545 2952 criminales
566 2891 717 2971 graviores
738 2899 842 2953 contra
865 2893 1047 2973 Episcopus,

73 2998 87 3034 r
105 2978 199 3040 ctiam
215 2977 354 3052 haeresis,
370 2979 452 3059 quod
468 2979 563 3056 absit,
579 2997 648 3061 quae
669 2979 856 3060 depositione
878 2987 931 3042 aut
952 2982 1048 3062 priva-

73 3065 187 3129 «tione
212 3067 315 3146 dignae
337 3076 428 3145 sunt,
455 3068 493 3128 ab
516 3068 580 3148 ipso
604 3069 724 3130 tantum
744 3070 881 3130 Romano
904 3069 1049 3132 Pontifice

71 3175 85 3209 r
103 3161 335 3236 cognoscantur
347 3163 376 3216 et
390 3157 599 3218 terminentur.
613 3157 699 3229 Quod
714 3158 737 3218 si
749 3156 896 3236 ejusmodi
910 3157 948 3218 sit
959 3177 1050 3222 carisa

71 3264 84 3298 r
104 3261 174 3323 quae
187 3243 363 3306 necessario
375 3253 458 3306 extra
469 3245 588 3306 Curiam
598 3247 766 3306 Romanam
778 3245 1048 3320 sitcomruittenda,

70 3331 227 3394 tuemini
259 3349 384 3413 prorsus
407 3333 631 3405 committatur,
655 3335 711 3394 nisi
736 3333 973 3414 ltetrnpolitanis
998 3343 1050 3398 aut

51 3442 81 3472 ,a
102 3419 270 3501 Episcopis
289 3421 306 3480 a
329 3421 505 3484 Beatissimo
518 3421 599 3503 Papa
613 3421 769 3502 eligendis.
792 3423 864 3484 Haec
877 3424 948 3484 verb
965 3442 1049 3486 com-

68 3528 82 3566 a
102 3508 216 3570 missio
231 3507 269 3568 sit
281 3503 482 3590 specialis,'et
497 3527 588 3572 numu
605 3513 698 3592 ipsius
713 3511 899 3572 Sanctissimi
913 3513 1029 3593 signata
1038 3535 1047 3588 ;

68 3617 81 3652 r
102 3613 317 3678 necunquam
334 3595 401 3678 plus
413 3597 459 3660 his
471 3598 580 3661 tribuat
591 3602 683 3680 quam
696 3605 729 3660 ut
740 3597 834 3660 solam
846 3598 914 3662 lacti
929 3601 1050 3663 instruc-

68 3707 82 3742 a
102 3685 228 3747 tionem
245 3693 386 3762 sumant3
402 3703 640 3768 processumque
654 3687 816 3750 conficiant
838 3708 930 3770 quem
951 3691 1050 3750 statim

65 3797 79 3832 ι
98 3775 139 3836 ad
153 3771 341 3836 Pontificem
354 3775 568 3850 transmittant,
583 3777 731 3838 reservati
745 3775 844 3839 eidem
857 3777 1051 3839 sanctissimo

882 3877 924 3923 δή
