2548 4216
187 319 248 377 368
379 281 625 376 rii'u'ann
645 328 729 374 rnnrs
750 327 899 373 canonici.

192 453 208 489 r
229 438 304 510 quot
322 431 472 492 sufficiant
495 430 533 492 ad
550 434 738 492 sacramenta
754 427 929 490 exhibenda
947 433 977 490 ct
990 429 1115 492 cultum
1128 429 1173 491 di·
1273 426 1274 505 ᾗ

194 541 210 577 ι
230 520 334 580 vinum
346 508 560 582 celebrandum
571 540 601 578 n.
613 553 649 563 -
664 517 696 579 Si
707 524 811 580 autern
823 516 927 580 vicarii
940 519 1175 582 nominarentur

190 607 253 668 sola
276 609 453 670 auctoritate
475 606 625 688 Episcopi,
645 605 712 687 copi
732 623 795 667 non
818 604 966 667 deberent
989 609 1122 688 parochi
1142 609 1176 670 ad

191 695 400 776 adjungendos
420 695 476 758 sibi
501 695 629 757 sicarios
652 693 850 756 necessarios.
876 695 957 775 Ergo
983 713 1048 757 non
1073 699 1093 758 ir
1117 697 1176 760 solo

191 785 352 865 Episcopo,
368 784 420 845 sed
435 786 451 846 a
466 786 597 865 parocho
612 781 789 844 nominandi
804 787 877 845 sunt
887 783 1001 845 vicarii.

232 874 417 954 ingratiam
443 872 580 951 eiusdem
601 871 760 934 sententiae
785 869 997 952 producuntur
1025 874 1121 935 variae
1147 876 1175 936 S.

187 955 306 1023 'Concil
328 964 507 1042 congregat.
529 959 758 1034 declarationes,
774 977 905 1040 quarum
926 960 1034 1040 plures
1047 962 1178 1024 citantur

193 1049 224 1110 in
241 1057 343 1110 nostro
357 1049 507 1124 Mannub‘,
524 1061 558 1110 n⁰
573 1051 664 1110 l3ll.

233 1139 354 1198 Constat
375 1156 447 1218 crgo
464 1138 646 1199 vicariorum
669 1135 909 1198 nominationem
928 1137 1000 1215 jure
1018 1140 1179 1202 communi

193 1225 231 1286 ad
253 1225 400 1306 parochos
421 1225 582 1306 pertinere,
599 1223 739 1306 quamvis
757 1223 805 1284 isti
829 1224 944 1305 possint
964 1225 1005 1286 ab
1029 1227 1181 1309 Episcopo

194 1314 260 1391 cogi
275 1314 311 1373 ad
329 1315 394 1376 illos
406 1313 462 1374 sihi
475 1313 697 1394 adjungendos,
709 1331 781 1374 casu
793 1331 854 1393 quo
864 1313 1008 1393 pastorali
1020 1333 1108 1378 curae
1122 1335 1180 1379 non

196 1403 357 1464 sufiiciunt.
374 1403 458 1464 Licet
477 1408 577 1465 aulem
590 1401 691 1463 vicarii
706 1403 722 1462 h
738 1400 879 1482 parochis
894 1403 1114 1482 nominentur,
1130 1424 1180 1467 ne·

195 1493 324 1553 cessaria
347 1499 391 1554 est
411 1492 509 1553 adlruc
532 1490 674 1572 Episcopi
697 1489 892 1571 approbatio,
914 1509 977 1552 non
1000 1492 1106 1554 solum
1129 1512 1181 1575 pro

195 1578 355 1644 audiendis
378 1578 637 1656 confessionibus,
655 1577 709 1640 sed
732 1578 823 1640 etiarn
847 1597 903 1660 pro
925 1597 1059 1644 munere
1080 1581 1181 1645 vicani

196 1668 401 1749 adimplendo.

237 1761 306 1819 507.
331 1757 577 1828 Ouaeriturnunc
593 1759 688 1818 l⁰hn
707 1757 830 1838 parochi
848 1756 981 1818 habeant
1001 1763 1182 1838 potestatem

198 1845 372 1906 removendi
393 1846 521 1908 vicarios
541 1863 624 1923 suos,
647 1842 713 1906 sine
729 1847 821 1908 causa
838 1845 876 1907 ah
896 1846 1052 1929 Episcopo
1071 1866 1181 1929 appro·

202 1932 293 1994 halal

238 2023 328 2102 Resp.
349 2025 392 2084 De
412 2021 470 2084 hnc
492 2041 553 2084 non
575 2021 863 2084 omninh'constare
880 2042 887 2083 :
904 2043 960 2104 pro
981 2022 1183 2088 affirmatione

198 2109 256 2172 dici
272 2117 368 2191 potest
382 2111 475 2193 quhd,
487 2112 570 2189 juxta
585 2109 699 2173 Bened.
710 2113 776 2172 XIV
790 2109 847 2192 (De
858 2111 1012 2194 Syn.,lih.
1028 2117 1080 2187 ta,
1093 2127 1130 2176 n⁰
1140 2117 1182 2197 2),

198 2206 314 2262 certum
328 2201 365 2261 sit
376 2199 560 2280 Capitulum,
574 2198 641 2260 licet
655 2217 716 2259 non
731 2200 768 2260 sit
778 2200 928 2280 parochus
942 2200 1006 2262 nisi
1018 2201 1052 2263 in
1064 2202 1183 2280 habitu,

199 2306 286 2369 posse
310 2288 461 2350 Vitorium
475 2297 614 2349 erratum
625 2287 838 2366 amorihilern,
854 2287 892 2350 ad
905 2307 988 2352 curae
1002 2291 1185 2356 exercitium

198 2376 396 2458 deputatum,
412 2395 567 2438 remorare
581 2375 647 2438 sine
663 2379 770 2452 caush;
784 2381 889 2458 ergoa
909 2379 985 2458 pari,
1003 2379 1068 2441 imo
1084 2381 1106 2442 a
1120 2381 1186 2444 ior-

201 2466 279 2541 tiori,
295 2467 442 2528 vicarium
457 2483 546 2526 suum
562 2464 628 2526 sine
642 2466 734 2526 causa
745 2483 901 2540 removere
916 2473 1016 2548 potest
1030 2470 1187 2548 parochus

200 2554 251 2634 qui
267 2572 329 2615 non
344 2555 462 2616 tantum
478 2553 661 2615 habitualem
677 2552 730 2614 sed
745 2561 774 2615 et
790 2555 939 2616 actualem
957 2575 1066 2618 curam
1080 2557 1185 2622 habel.

241 2652 299 2713 Pro
320 2652 468 2713 sententia
488 2656 617 2732 negante
634 2650 766 2713 citantur·
783 2652 850 2715 ab.
868 2653 963 2714 Bouix
979 2655 1084 2734 plures
1099 2656 1186 2720 deci·

200 2739 301 2802 siones
323 2743 354 2801 S.
376 2741 486 2820 Congr.
500 2740 606 2802 'Cone
627 2745 658 2801 et
671 2739 824 2821 imprimis
841 2758 876 2802 ea
894 2760 964 2822 quae
984 2741 1054 2804 duta
1075 2743 1138 2807 fuit
1156 2746 1188 2808 in

200 2831 291 2889 causa
309 2827 640 2890 Lunensi-Surrentinae·
649 2875 657 2905 ,
672 2832 691 2890 2
706 2832 782 2909 sept.
800 2831 877 2890 l'll'l
891 2877 900 2907 ,
915 2831 948 2892 in
971 2834 1035 2912 qua
1049 2833 1187 2898 dicitur:

205 2939 219 2973 a
241 2918 308 2978 Duo
336 2921 408 2978 sunt
427 2916 536 2998 oppida
561 2918 592 2978 in
615 2917 738 2979 dioecesi
762 2918 939 2980 sarzanensi
967 2920 1020 2982 uni
1049 2921 1188 3001 subjecta

206 3029 221 3065 «
242 3005 400 3086 parocho:
421 3005 548 3068 alterum
573 3005 660 3079 Folli,
684 3005 812 3068 alterum
837 3007 1057 3071 Bostremoli...
1084 3012 1188 3074 Veteri
1271 2997 1272 3078 l

207 3119 221 3155 n
242 3094 498 3158 consuetudine...
511 3099 668 3175 receptum
679 3100 724 3156 est
733 3101 767 3157 ut
776 3094 929 3176 parochus
943 3096 1097 3179 oppidum
1111 3100 1190 3162 Folli
1271 3091 1272 3124 ¹

207 3208 221 3244 a
243 3184 370 3261 incolat,
387 3184 419 3245 in
434 3183 526 3245 altero
548 3183 727 3246 Bastremoli
745 3182 938 3264 capellanum
952 3191 1098 3250 curatum
1113 3189 1190 3252 reti·
1271 3193 1272 3236 f

207 3297 222 3332 n
243 3279 322 3336 neat.
342 3273 430 3336 Venit
440 3273 472 3334 in
487 3278 619 3334 mentem
635 3271 768 3353 parocho
778 3272 971 3354 capellanum
984 3272 1071 3338 hunc
1084 3295 1190 3340 remo-

206 3361 349 3437 urendi3
379 3359 432 3424 sed
464 3360 578 3424 obstitit
610 3361 843 3442 capellanus...;
870 3363 1013 3426 obstitere
1044 3362 1193 3432 homines

121 3520 129 3539 ,
207 3451 421 3512 «Bastremoli
450 3457 595 3530 negantes
621 3449 754 3532 parocho
780 3450 840 3514 hoc
861 3451 926 3532 jus,
956 3451 1042 3516 nulla
1069 3454 1193 3518 reddita

209 3560 223 3596 n
244 3541 332 3598 causa
351 3546 381 3600 et
398 3538 464 3601 sine
484 3538 657 3620 cognitione
675 3539 829 3620 Episcopi,
850 3541 942 3604 etiam
965 3542 1194 3606 contendentes

210 3646 224 3682 a
244 3642 305 3684 non
320 3644 407 3703 posse
419 3645 490 3689 eum
503 3625 689 3707 parochiales
697 3627 870 3693 functiones
879 3648 1021 3692 exercere
1031 3629 1064 3692 in
1077 3631 1193 3695 eodem

210 3732 226 3770 u
245 3712 395 3790 oppido...
411 3715 508 3776 Dubia
521 3715 583 3777 duo
596 3722 809 3796 proponuntur
823 3737 830 3780 :
845 3723 876 3782 l⁰
891 3722 938 3780 An
952 3719 1045 3782 liceat
1054 3719 1194 3801 parocho

210 3797 321 3858 ‹Folli
348 3799 386 3860 ad
411 3801 566 3864 arbitrium
595 3822 750 3870 removere
777 3807 968 3889 capellanum
998 3813 1146 3872 curatum
1175 3811 1193 3872 t
