2526 4210
487 285 573 329 crura
595 283 712 328 ramus.
1030 271 1090 328 239

110 399 138 432 a
150 376 233 439 Sacri
250 381 393 444 Ecclesiae
406 384 534 446 Ministri
548 385 764 461 Romanusque
785 380 922 442 Pontifex
941 381 980 442 ab
1002 383 1085 443 omni

110 487 128 530 n
150 472 489 616 rergmdtemporalium
501 473 574 534 cura
599 489 635 532 ac
655 469 790 531 dominio
804 475 875 530 sunt
892 469 1018 532 omnino
1032 487 1087 546 ex-

109 573 129 612 c
147 572 198 615 cu
222 573 260 616 en
283 577 333 619 r.»

146 652 218 713 Jam
245 653 346 734 prius,
371 657 484 719 scilicet
506 661 545 719 22
570 675 640 736 aug.
670 659 764 728 1851,
790 654 931 716 damnata
954 655 1089 717 fueratis

132 738 163 802 io
179 741 231 816 IX,
247 742 384 804 doctrina
399 747 485 807 Nuitz
498 745 545 806 his
560 745 721 822 contraria,
737 746 798 824 qua
810 742 924 805 dixerat
940 750 1087 824 punctum

103 843 177 887 esse
199 837 427 893 controversum
451 833 529 894 inter
548 833 725 904 catholicos,
750 850 787 892 an
812 831 1031 911 compossibilis
1052 833 1090 892 sit

100 918 411 998 potestasspiritualis
420 939 491 983 cum
501 921 669 1002 temporali.
680 920 754 981 Vide
766 919 851 980 Card.
863 919 975 1000 Soglia,
986 919 1086 982 Instit.

109 1002 173 1068 c'ur.
185 1005 313 1086 publici,
330 1007 411 1088 §40,
426 1015 455 1071 et
468 1009 594 1090 Syllab„
610 1027 697 1090 prop.
711 1013 749 1070 75
764 1015 794 1069 el
806 1011 857 1070 76.

520 1169 606 1230 ART.
629 1169 678 1228 ΠΙ.

379 1321 416 1364 DE
438 1322 586 1367 ulutsums
606 1322 631 1368 S.
652 1323 825 1369 PONTIFIGIS.

151 1435 185 1496 S.
211 1435 347 1498 Pontifex
370 1438 466 1500 varios
494 1439 583 1500 habet
611 1438 783 1499 ministros:
807 1439 867 1500 sire
895 1440 973 1502 intra
1001 1461 1089 1504 suam
1171 1470 1175 1479 ·

106 1525 253 1599 Curiam,
283 1525 421 1588 videlicet
446 1527 639 1604 (tardiones,
667 1528 923 1605 Congregationes
950 1539 979 1588 et
1002 1531 1088 1608 plura

105 1611 305 1689 Tribunalia3
320 1617 381 1676 sive
401 1622 484 1678 extra
503 1616 645 1690 Curiam,
665 1615 775 1692 nempe
796 1617 931 1696 Legatos,
947 1618 1087 1694 Nuntios,

107 1701 359 1782 Commissarios,
381 1711 440 1767 etc.
462 1706 506 1766 De
529 1704 565 1765 iis
587 1722 683 1784 pauca
707 1703 756 1765 hic
778 1704 888 1764 dicturi
907 1723 1030 1782 sumus;
1052 1707 1089 1768 de

108 1790 250 1872 pluribus
263 1792 341 1868 aliis,
356 1793 424 1855 vide
433 1793 465 1854 in
481 1799 585 1855 nostro
598 1791 751 1870 Maenali,
763 1793 781 1854 a
797 1801 828 1856 u⁰
842 1797 911 1870 702,
923 1799 982 1858 etc.

567 1952 586 2033 ᾖ
606 1955 628 2014 Ι.

452 2077 496 2140 Dc
525 2078 745 2144 Curdt'nolilus.

151 2213 224 2278 365.
248 2211 421 2274 cardinales
435 2219 506 2276 sunt
519 2214 604 2295 quasi
619 2213 761 2277 Ecclesiae
774 2219 920 2276 Romanae
937 2216 1086 2280 Senatusr

104 2301 159 2382 jus
173 2301 285 2364 habent
298 2303 328 2363 S.
345 2301 523 2364 Pontificem
535 2301 677 2382 eligendi,
691 2322 823 2384 eumque
838 2303 993 2383 praecipue
1006 2303 1089 2382 adju·

107 2399 183 2453 vent
201 2391 233 2452 in
247 2389 465 2471 gubernatione
484 2389 661 2453 universalis
679 2391 831 2452 Ecclesiae.
852 2390 1019 2471 Collegium
1038 2409 1089 2452 au·

107 2487 173 2544 tem
192 2479 389 2541 cardinalium
407 2479 451 2541 sic
470 2485 567 2561 potest
588 2479 727 2540 deliniri:
743 2478 924 2543 Clericorum
944 2486 1032 2541 cetus
1050 2476 1089 2542 ad

106 2566 324 2632 auxiliandum
337 2569 471 2630 Romano
482 2566 627 2649 Pontifici
640 2567 673 2630 in
685 2568 831 2630 Ecclesiae
842 2568 998 2650 cenimina,
1014 2567 1089 2631 Sede

105 2657 216 2742 plenu,
229 2666 256 2719 ct
273 2656 313 2718 ad
325 2657 521 2740 supplendum
537 2655 679 2735 eumdem,
690 2655 765 2721 Sede
777 2667 906 2736 vacante,
923 2658 1085 2720 institutio.

150 2755 315 2818 cardinalis
347 2757 499 2818 nomena
529 2754 651 2818 cordine
670 2755 851 2818 derivatur:
880 2777 896 2816 n
922 2757 1023 2832 Nam,
1049 2756 1088 2818 ait

110 2867 127 2908 ι
148 2845 305 2926 Eugenius
321 2847 359 2906 IV
381 2843 495 2927 (donst.
520 2845 589 2908 Non
610 2843 763 2922 mediocri,
780 2845 796 2926 g
816 2843 880 2927 tl),
901 2846 977 2908 sicut
996 2862 1087 2924 super

110 2958 127 2997 a
147 2935 305 2997 cardinem
321 2935 449 2998 volvitur
469 2935 580 2996 ostium
599 2934 725 3010 domus,
741 2935 781 2995 ita
796 2952 887 3016 super
903 2952 955 2996 eos
971 2933 1086 3015 (Cardi-

110 3045 127 3084 a
149 3022 246 3105 nates)
261 3023 346 3085 Sedis
362 3023 539 3104 apostolicae
553 3029 583 3085 et
594 3024 687 3086 totius
700 3023 841 3086 Ecclesiae
855 3022 967 3084 ostium
980 3021 1086 3102 quies·

110 3135 127 3174 c
148 3114 201 3176 cit.
217 3134 233 3172 n
249 3112 382 3174 Obhanc
397 3113 545 3174 rationem
558 3130 664 3174 ornnes
678 3112 732 3192 qui
746 3120 836 3174 certae
846 3110 990 3173 Ecclesia
1000 3118 1086 3172 erant

103 3201 231 3279 addicti,
248 3203 310 3264 sive
327 3199 516 3264 incardinotl
525 3249 533 3279 ‚
550 3200 727 3261 dicebantur
746 3199 886 3279 primitus
901 3197 1085 3261 cardinales.
1159 3247 1168 3260 ,

147 3296 218 3355 366.
243 3293 368 3364 Quaerit.
383 3295 416 3352 1⁰
428 3293 505 3362 Quot
520 3307 647 3352 numero
662 3306 726 3350 esse
741 3287 858 3369 possint
870 3285 1044 3350 cardinales
1058 3296 1085 3348 et

104 3391 138 3456 in
151 3396 226 3472 quot
240 3390 350 3452 classes
363 3388 559 3450 dividantur?

146 3483 239 3560 Resp.
257 3481 335 3541 Ante
350 3478 424 3541 Sixti
438 3480 463 3540 V
479 3477 702 3560 pontificatum,
720 3494 866 3539 numerus
880 3474 1083 3538 Cardinalium

103 3580 206 3644 varius
219 3577 274 3639 luit
287 3595 344 3657 pro
357 3581 530 3656 temporum
543 3575 713 3638 diversitate
726 3593 734 3634 ε
751 3575 790 3634 ita
804 3578 849 3648 ul,
864 3579 1001 3654 tempore
1015 3576 1083 3635 Pas·

103 3669 251 3742 chalisll,
269 3666 484 3727 adnumerum
503 3668 542 3728 90
563 3664 769 3744 pervenerint,
787 3663 872 3741 juxta
894 3663 1078 3736 Cohellium;

104 3758 183 3824 etad
194 3773 360 3820 numerum
370 3759 389 3820 8
398 3753 621 3833 descenderint,
631 3759 768 3836 tempore
782 3753 895 3816 Nicolai
909 3754 958 3814 111.
973 3751 1081 3812 Paulus
