2616 4228
410 309 503 352 car‘ur
524 308 712 354 rnomruaua.
1005 299 1047 358 39

72 432 85 467 a
107 409 231 470 landam
246 415 275 468 et
290 424 389 466 mores
403 405 556 466 christiani
572 403 676 484 populi
690 402 727 464 ad
741 402 950 485 praescriptum
966 407 1046 486 ejus·

72 522 86 554 a
106 497 177 559 dem
194 496 320 557 Consilii
334 493 574 573 componendos
597 515 612 551 r

106 591 156 648 64.
182 588 222 647 Ut
237 585 274 644 ad
299 583 483 663 propositam
505 583 704 663 quaestionem
725 598 808 642 nunc
826 579 1046 646 deveniamus:

71 675 148 736 Nulli
163 673 292 735 dulium
305 677 360 738 est,
377 671 475 752 inquit
489 673 520 733 S.
536 671 659 751 Liguor.
674 669 752 748 (libr.
770 672 799 744 l,
816 681 849 728 n⁰
860 674 929 748 l06,
946 693 977 752 q.
1004 676 1043 750 2),

70 763 151 843 quod
165 781 222 843 pro
236 760 373 836 casibus,
388 777 442 840 pro
456 759 568 840 quibus
579 757 657 820 liunt
669 757 898 831 declarationes,
914 759 1047 840 obligent

72 860 101 912 ut
114 851 142 913 le
165 871 207 912 es.
305 857 306 860 ’

110 871 183 1001 ltegm
195 937 278 1018 quod
291 937 314 998 si
327 937 558 1018 promulgentur
569 939 606 1000 ea
617 937 804 1000 solemnitate
817 941 875 1018 qua
886 937 967 1018 leges
977 937 1047 1000 ierri

71 1029 182 1104 solent,
199 1029 271 1089 clim
286 1025 316 1086 id
336 1026 387 1085 liat
401 1025 578 1088 auctoritate
596 1029 627 1088 S.
643 1024 814 1100 Pontifiois,
835 1025 1050 1106 proculdubio

71 1119 130 1177 rim
143 1115 220 1195 legis
234 1120 389 1196 perpeluae
404 1113 561 1175 habebunt
580 1121 675 1177 totam
697 1113 863 1176 Ecclesiam
887 1115 1047 1196 obligantis

71 1206 232 1283 (Salmant.
247 1223 295 1284 ap.
314 1204 344 1264 S.
358 1201 480 1283 Liguor.
497 1202 598 1284 ibid).

109 1295 164 1355 His
179 1291 356 1372 suppositis,
381 1297 442 1352 tres
460 1296 530 1352 sunt
548 1291 706 1354 sententia
722 1293 809 1372 juxta
823 1295 860 1354 D.
885 1293 981 1354 Bouix
1003 1291 1050 1373 (de
1125 1305 1128 1310 ’
1158 1311 1159 1314 ’

71 1381 251 1462 Principiis,
268 1401 297 1462 p.
314 1383 398 1455 308).

108 1476 159 1534 65.
184 1471 292 1532 Primo
307 1475 395 1548 negat
409 1467 578 1532 decisiones
593 1471 703 1549 Gongr.
718 1469 916 1535 Conciliivim
931 1472 1045 1534 univer·

70 1560 138 1621 salis
152 1559 229 1639 legis
242 1558 351 1619 habere
368 1578 376 1616 ε
394 1561 424 1618 l⁰
439 1557 513 1628 Quia
535 1558 735 1638 congregatio
753 1577 815 1618 non
838 1559 932 1620 utitur
951 1559 1050 1621 verbis

72 1647 273 1730 imperativis,
288 1646 341 1708 sed
354 1646 475 1708 tantiam
488 1645 588 1708 verbis
608 1647 740 1721 cersuit,
755 1666 897 1708 censemus
910 1667 917 1722 ;
934 1653 965 1708 2⁰
979 1649 1049 1728 quia

73 1756 131 1797 non
148 1735 381 1816 promulgantur
394 1733 489 1814 ipsius
501 1734 687 1810 decisiones;
701 1737 733 1796 3⁰
746 1735 816 1814 quia
831 1734 887 1795 sibi
902 1755 962 1797 non
973 1755 1050 1798 sem·

71 1845 121 1886 ter
133 1823 332 1887 concordant.
349 1821 423 1883 Vide
438 1823 511 1884 alias
525 1823 667 1898 rationes,
681 1842 730 1903 ap.
749 1829 782 1883 t).
798 1824 892 1885 Bouix
905 1827 946 1905 (p.
964 1828 1043 1908 309).

108 1915 197 1978 Unde
208 1915 292 1990 juxta
308 1920 449 1992 patronos
460 1911 549 1990 hujus
564 1913 731 1988 sententiae,
739 1913 889 1990 Pontifex,
901 1914 932 1974 in
947 1915 1050 1994 hujus·

69 2005 151 2063 morli
175 2001 406 2074 decisionibus,
433 2019 493 2060 non
519 2001 652 2081 loquitur
677 2007 711 2062 ut
739 2001 878 2062 Ecclesiae
905 2011 994 2084 caput
1020 2013 1048 2067 et

70 2097 200 2164 ltoctor,
218 2089 271 2150 sed
293 2091 410 2150 tantiam
433 2096 467 2150 ut
489 2090 602 2150 Praeses
629 2090 896 2170 congregationis,
922 2093 971 2153 cui
988 2112 1048 2154 nou

66 2179 276 2240 rornmunicat
304 2183 397 2238 totam
420 2195 505 2238 suam
526 2178 732 2238 auctoritatem
760 2185 788 2238 et
811 2178 1047 2243 infallibilitatem

67 2269 158 2346 (Villo
183 2271 215 2328 S.
237 2267 357 2346 liguor.
382 2266 543 2349 utsupra).
570 2268 642 2327 Haec
664 2267 811 2329 sententia
830 2274 874 2328 est
895 2269 1047 2346 Sanchez,

71 2360 197 2432 lionae,
215 2358 315 2428 Suar,
332 2355 431 2430 Croix,
444 2354 631 2428 Salmantic,
648 2361 719 2432 etc,
731 2361 803 2431 etc.;
819 2357 982 2436 probabilis
995 2359 1047 2418 ha-

68 2449 128 2506 tita
143 2445 201 2507 fuit
216 2447 232 2505 a
246 2446 277 2504 S.
293 2443 429 2523 Lignum,
445 2443 475 2503 in
493 2442 597 2522 primis
612 2461 674 2504 suae
687 2442 831 2524 Tlreolog.
849 2443 1045 2524 editionibus;

66 2535 138 2610 sod,
165 2535 196 2594 in
220 2531 503 2613 posteriorilrus,sic
530 2549 618 2592 suam
644 2531 774 2611 primam
801 2533 1048 2613 appretiationem

66 2623 242 2685 revocarit:
264 2643 279 2680 o
294 2621 476 2684 Addendum
494 2626 596 2682 tamen
618 2619 700 2700 quod
717 2619 892 2698 hujusmodi
915 2623 1047 2686 declaro-

70 2736 84 2768 α
106 2713 225 2786 tiones,
248 2729 316 2790 quae
335 2709 397 2790 jam
419 2709 450 2769 in
472 2709 607 2770 Ecclesia
621 2709 827 2771 universaliter
841 2711 1000 2792 divulgatae
1020 2724 1048 2776 et

69 2825 83 2858 ι
106 2800 188 2862 sacto
210 2800 254 2860 sic
271 2798 469 2879 promulgata
484 2797 595 2858 suerint
609 2816 665 2858 usu
681 2797 813 2878 plurium
828 2817 980 2862 annorum
1002 2806 1049 2866 ve*

69 2913 84 2945 ι
105 2889 256 2950 relatione
269 2895 429 2948 auctorum
443 2886 646 2948 communiter
665 2888 745 2967 ipsas
769 2887 978 2965 referentium,
1002 2891 1050 2954 hae

69 2979 180 3039 «satis
202 2994 309 3037 omnes
332 2974 450 3052 fideles,
475 2975 704 3057 obstringunt»
732 2976 868 3054 (Eteocle,
892 2990 1045 3044 retractat.

64 3066 234 3142 adeatur,
250 3073 321 3139 etc,
334 3084 364 3145 q.
380 3065 426 3144 ΙΙ).

103 3159 157 3217 66.
180 3151 314 3216 Secundo
329 3153 476 3214 sententia
491 3152 621 3214 affirmat
636 3171 644 3214 ε
664 3155 695 3215 l⁰
709 3155 785 3226 Quia
808 3155 866 3217 iltae
880 3157 1048 3223 decisiones

62 3244 206 3324 ejusdem
222 3242 406 3304 auctoritatis
418 3249 504 3318 sunt,
521 3241 644 3324 quando
655 3251 726 3304 sunt
740 3243 930 3320 authenticae,
943 3265 978 3308 ac
992 3249 1016 3309 si
1031 3251 1048 3310 a

63 3334 93 3393 S.
110 3330 192 3392 Sede
206 3330 379 3392 immediate
394 3332 620 3408 emitterentur,
634 3331 718 3411 juxta
741 3333 860 3394 axionra
874 3335 950 3412 juris
967 3355 974 3396 :
992 3337 1049 3414 Oui

64 3420 140 3501 sarit
149 3419 322 3502 paralium,
336 3429 378 3480 est
388 3418 511 3501 perinde
524 3439 558 3480 oe
571 3420 599 3480 si
610 3419 706 3502 sociat
714 3440 769 3501 per
781 3421 925 3501 seipsum
936 3425 1047 3508 quippe

64 3508 101 3569 ad
129 3508 190 3570 hoc
213 3507 350 3587 delegata
375 3507 431 3570 tuit
457 3509 672 3589 Congregatio,
700 3516 734 3570 ut
759 3518 876 3571 constat
900 3530 938 3574 ex
963 3515 1048 3579 Bulla

63 3597 138 3658 Sixti
156 3599 181 3657 V
194 3597 352 3660 lmnunso.
373 3596 467 3658 Porrd
482 3597 698 3659 declarationes
709 3599 740 3659 S.
758 3599 913 3662 Pontificis
926 3603 986 3663 vim
1000 3604 1049 3664 ha·

65 3681 137 3746 bent
151 3691 248 3748 totam
264 3685 430 3746 Ecclesiam
441 3684 607 3766 obligandi.
620 3687 711 3766 Ergo,
724 3693 781 3748 etc.
797 3687 861 3748 Alia
871 3708 1049 3770 arguments

66 3771 121 3852 legi
139 3780 269 3838 oossuot
284 3791 334 3850 ap.
351 3773 448 3836 Bouix
463 3773 577 3854 (iiiii).
597 3773 670 3838 Vide
684 3776 774 3838 etiam
790 3775 866 3838 inlra
881 3779 972 3854 (366).
