2616 4228
226 340 265 399 llll
279 338 296 356 '
498 357 646 398 [currenni
668 356 750 398 aunis
771 349 918 396 cruenter.

265 461 325 519 Nec
336 457 433 518 obstat
443 473 495 516 aas
510 473 570 514 non
585 453 677 515 fuisse
692 450 919 534 promulgatas.
937 446 1006 527 quia
1023 453 1199 533 promulga-

226 547 307 608 tione
331 545 469 646 indigent
494 543 572 604 leues
595 561 696 619 novae,
719 558 781 602 non
801 546 902 600 autem
926 536 1146 603 declarationes
1163 543 1203 605 de

203 591 342 742 1llegibus
372 635 434 714 jam
472 630 681 731 promulgatis.
709 630 821 690 Dicunt
808 632 946 687 ttamen
974 633 1132 704 auctores,
1161 632 1203 692 ait

208 705 257 800 ¹55.
284 720 417 803 Liguor„
443 721 647 782 necessarium
667 736 732 780 esse
753 713 866 798 quod
859 732 890 776 m
913 713 978 794 ipsa
998 714 1204 782 declaratione

225 813 410 892 exprimatur
431 829 497 871 eam
521 807 612 869 fuisse
636 807 727 868 latam
741 803 877 866 mandato
901 802 936 864 S
952 803 1131 884 Pontifices,
1152 813 1205 868 aut

225 901 332 963 saltem
352 898 499 978 Pontifice
520 896 669 970 constalt03
696 912 767 956 nam
785 893 816 954 in
838 891 924 954 Bulla
939 892 1011 954 Sixti
1029 895 1052 952 V
1067 893 1203 957 dicitur.

232 1011 247 1046 a
267 985 486 1067 interpretandi
500 985 669 1046 facultatem
684 983 788 1062 (Nobis
801 988 901 1044 autem
917 981 1094 1058 consultis)'
1087 1001 1205 1064 imper·

232 1099 248 1134 a
269 1077 373 1138 timur.
389 1096 405 1134 r
424 1077 639 1135 Verumtamen
654 1071 827 1140 concedunt
815 1069 964 1148 thujusce
978 1073 1136 1134 sententiae
1152 1093 1206 1154 pa·

229 1165 322 1234 troni,
338 1163 442 1224 saltem
454 1162 530 1225 duas
544 1161 712 1222 decisiones
723 1159 970 1239 Congregationis
983 1156 1099 1220 fuisse
1092 1179 1207 1224 immu-

230 1260 314 1314 tatas.
334 1253 387 1313 illa
399 1251 546 1312 sententia
559 1257 604 1311 est
617 1249 767 1330 Fagnani,
783 1247 994 1325 Reiffenstuel,
1008 1249 1094 1310 Card.
1112 1251 1205 1326 Luca,

234 1340 383 1414 Barbosa,
400 1339 517 1413 Bouix,
532 1337 566 1399 de
580 1337 766 1418 Principiis,
783 1357 813 1418 p.
830 1339 974 1398 308-320.

271 1431 320 1490 67.
349 1427 448 1489 Tertia
462 1428 609 1488 sententia
623 1427 778 1506 distinguit
794 1426 871 1486 inter
883 1425 1121 1500 declarationes,
1137 1448 1208 1509 qua

233 1517 330 1580 uocari
346 1523 471 1598 possunt
482 1515 730 1596 comprehensive,
747 1514 818 1596 quia
830 1532 891 1575 non
902 1514 1208 1597 receduntaproprit

233 1607 394 1668 verborum
414 1603 655 1685 significatione3
672 1609 702 1664 et
721 1603 952 1678 declarationeS,
975 1623 1044 1682 quae
1064 1614 1209 1668 vocantur

232 1697 407 1769 artensium,
430 1695 500 1774 quia
523 1693 636 1774 aliquid
657 1692 801 1754 denotant
823 1709 884 1754 non
907 1693 1161 1772 comprehensum
1178 1699 1209 1757 in

235 1784 356 1864 propria
369 1782 529 1843 verborum
545 1781 618 1860 logis
632 1780 862 1860 significatione.
878 1781 994 1841 Priores
1011 1781 1124 1843 hahent
1136 1785 1209 1846 uhi-

235 1889 294 1951 que
311 1871 371 1932 vim
391 1870 464 1949 legis
481 1877 510 1930 et
524 1871 615 1930 etiam
629 1869 769 1930 effectum
782 1869 1009 1944 retroactivum,
1026 1871 1066 1932 oh
1078 1873 1210 1936 rationes

236 1960 338 2020 allatas
356 1977 411 2039 pro
430 1957 563 2020 secunda
586 1959 752 2032 sententie,
773 1958 951 2038 posteriores
971 1959 1041 2021 verd
1062 1961 1127 2022 vim
1148 1981 1211 2024 non

237 2047 366 2119 hahent,
383 2047 440 2108 nisi
455 2066 491 2109 ex
505 2046 625 2127 speciali
640 2046 781 2108 mandato
794 2049 881 2127 Papae
892 2047 1018 2109 edantur
1033 2055 1062 2110 et
1078 2049 1213 2130 legitime

237 2137 486 2216 promulgentur;
503 2135 573 2216 quia
589 2143 659 2198 sunt
679 2153 765 2197 novae
785 2135 880 2215 leges,
895 2137 1103 2198 auctoritatem
1118 2139 1214 2220 legis·

239 2224 358 2286 lativam
379 2231 594 2304 exposcentes;
613 2231 642 2286 et
660 2223 801 2286 ellectum
823 2225 1035 2286 retroactivum
1056 2239 1216 2308 nequeunt

239 2314 360 2375 hahere.
377 2316 450 2376 Haec
463 2313 609 2376 sententia
624 2319 669 2374 est
683 2311 959 2394 Schmalzgrueher.
982 2315 1101 2375 Rationi
1118 2317 1216 2381 allatae
1298 2357 1299 2360 =

239 2402 540 2482 aSchmalzgrueher
561 2401 745 2482 respondent
765 2400 883 2482 patroni
905 2401 1011 2482 primae
1034 2407 1214 2483 sententiae,

240 2510 288 2571 ap.
306 2494 336 2553 S.
352 2493 490 2571 Liguor.,
510 2489 592 2570 qudd
606 2490 679 2551 tales
694 2488 931 2564 declarationes,
947 2490 1070 2570 quando
1085 2493 1217 2558 fiuntdc

241 2579 330 2640 rebus
340 2579 449 2649 dubiis
462 2579 491 2638 in
502 2578 613 2658 quibus
624 2581 739 2638 exstare
749 2583 875 2657 possunt
884 2577 1043 2658 opiniones
1056 2587 1219 2646 contrarie

241 2667 320 2729 circa
335 2667 562 2745 intelligentiam
580 2666 672 2746 legis,
687 2682 719 2726 se
733 2664 892 2727 hahentt
858 2671 892 2728 ut
906 2685 990 2730 novae
1009 2668 1108 2750 leges,
1132 2672 1218 2736 ideo-

242 2774 301 2836 que
316 2755 542 2836 promulganda
557 2763 636 2816 sunt.
654 2753 713 2816 Sed
727 2753 813 2816 istius
826 2755 920 2817 tertiae
934 2759 1091 2821 sententiae
1105 2778 1219 2842 sequa·

242 2860 293 2905 ces
308 2849 419 2923 negant
433 2842 570 2923 praelatas
582 2841 799 2905 declarationes
813 2859 877 2904 esse
893 2861 984 2905 novas
1007 2844 1110 2926 leges,
1126 2849 1219 2930 quia,

244 2932 274 2992 in
288 2931 365 2993 lacta
378 2930 535 3012 hypothesi
548 2948 610 2993 non
625 2936 757 2994 mutatur
771 2930 839 3008 lex,
852 2930 904 2993 sed
920 2932 1105 3012 explicatur;
1127 2939 1223 3018 porro

244 3028 277 3083 ut
299 3020 411 3084 decisio
433 3019 471 3081 ah
494 3022 669 3084 auctoritate
695 3019 876 3100 competenti
900 3020 1060 3084 dimanans
1082 3025 1222 3128 phliget,

245 3110 406 3192 requiritur
424 3108 548 3191 quidem
567 3116 601 3172 ut
620 3109 812 3183 innotescat,
833 3126 893 3172 non
913 3111 983 3172 vero
1002 3112 1171 3192 requiritur
1188 3121 1225 3180 ut

246 3198 453 3281 promulgetur
470 3215 522 3258 seu
537 3197 691 3259 intimetur
704 3197 929 3276 communitati,
945 3205 1034 3280 prout
1046 3200 1081 3264 fit
1094 3205 1225 3284 quando

245 3290 283 3350 de
298 3289 363 3368 lege
378 3285 535 3348 statuenda
548 3289 666 3366 agitur.
681 3285 795 3349 decisio
808 3287 892 3348 enim
906 3295 1027 3350 nonest
1040 3292 1226 3358 mandatum

247 3377 324 3438 sicut
337 3377 394 3438 tex.
408 3377 500 3456 Erga,
510 3381 566 3437 etc.
580 3377 721 3437 Constare
731 3380 833 3437 tamen
844 3375 934 3438 dehet
943 3376 981 3440 de
992 3378 1228 3447 authenticitate

247 3464 482 3526 ‹leclarationum
497 3483 506 3526 ε
521 3465 612 3545 porro
628 3483 635 3525 :
651 3465 721 3526 «La
734 3465 887 3544 signatura
897 3465 939 3528 du
954 3466 1094 3530 Cardinal
1108 3472 1227 3550 Presct,

253 3575 267 3610 a
287 3571 357 3614 avec
371 3553 445 3614 celle
458 3553 499 3615 du
514 3553 679 3615 Secretaire
695 3561 724 3614 et
740 3552 768 3616 le
782 3571 872 3616 sceau
883 3553 921 3616 de
935 3554 963 3616 la
977 3557 1227 3640 congregation,

253 3663 268 3699 a
289 3641 410 3702 confere
432 3641 644 3702 l'authenticite
668 3659 727 3704 aux
748 3641 926 3705 resolutioris
946 3651 977 3706 et
996 3653 1180 3727 sentences,
1197 3657 1231 3714 et

254 3749 268 3787 a
290 3728 356 3791 leur
376 3728 478 3789 doirne
493 3728 575 3791 lorce
593 3729 688 3810 legale
701 3729 812 3793 devant
825 3731 868 3793 les
882 3733 1042 3798 tribunaux
1061 3743 1092 3798 et
1109 3741 1228 3822 magis·
1293 3757 1294 3792 t

255 3838 270 3875 ι
290 3821 361 3877 trats
375 3816 549 3894 inimicare,
565 3817 616 3898 qui
634 3817 755 3880 doivent
772 3819 887 3894 ajouter
906 3822 945 3883 foi
965 3841 1022 3885 aux
1039 3825 1229 3890 resolutione
