2616 4228
501 299 664 344 PRAEFATIO.
1053 307 1083 349 xi

111 409 196 502 qudd
217 412 258 479 ab
289 410 386 499 ipsis,
414 387 475 499 pro
499 410 608 478 studio
625 409 713 499 juris
741 410 911 495 canonici,
943 423 1085 500 quatuor

111 531 326 622 acquirantur
354 531 544 613 volumina,
567 541 599 598 et
622 530 664 598 sit
685 550 764 618 ergo
794 528 910 618 majori
935 532 1084 602 brevitati

113 653 370 736 consulendum,
397 653 469 722 ided
497 661 692 741 praesentem
716 650 887 738 Epitomen
910 652 1086 720 concinna·
1182 681 1184 686 ·

114 776 218 844 vimus
234 786 271 849 ut
291 776 346 844 tali
367 775 556 864 indigentiae
579 773 820 863 provideretur.
839 773 970 842 Utinam
991 784 1027 842 ut
1041 774 1088 844 sio

114 895 212 966 tinem
227 899 247 964 at
264 894 295 965 S.
315 895 471 965 Pontifice
484 906 631 986 optutum
646 915 712 962 non
731 895 1042 984 praetermittamus!

159 1015 308 1084 Praesens
322 1036 400 1104 ergo
420 1015 570 1104 Epitome
588 1025 638 1084 est
658 1013 752 1105 quasi
768 1012 968 1082 breviarium
990 1035 1091 1106 supra
1195 1091 1197 1096 ,

116 1136 192 1204 dicti
212 1137 394 1222 Mouuolis,
416 1138 528 1209 Romae
544 1135 715 1227 approbati
735 1158 773 1205 ao
791 1136 1023 1221 commendati,
1037 1136 1090 1205 cui
1196 1126 1199 1135 ¹

117 1255 252 1324 omnind
282 1265 330 1324 est
366 1255 545 1325 conformis
581 1255 689 1345 quoad
717 1254 901 1323 doctrinam
939 1255 1103 1344 inprimis·

118 1394 287 1442 romanam
301 1381 325 1442 ¹.
343 1375 415 1464 Non
429 1385 537 1464 potest
550 1374 684 1466 quidem
704 1375 872 1444 continere
894 1375 1091 1444 solutionem

118 1495 267 1564 omnium
286 1495 507 1582 quaestionum
533 1495 766 1564 canonicarum
785 1496 947 1584 quatenirs
963 1495 1092 1584 exigere

123 1609 266 1692 possent
281 1620 375 1668 varra
397 1619 486 1667 sacri
511 1597 696 1666 ministerii
718 1597 864 1667 munia:
886 1598 956 1664 duo
981 1613 1075 1663 enirn

123 1724 303 1795 volumina
315 1743 395 1815 quae
409 1721 596 1792 ordinariae
613 1721 825 1804 melissum,
843 1719 897 1808 his
918 1717 1076 1788 sufficere

124 1850 327 1936 nequeunt;
349 1850 504 1914 attamen
520 1843 637 1911 omnia
664 1850 793 1933 puncta
820 1862 900 1934 quae
920 1841 955 1908 in
970 1837 1077 1910 Semi-

124 1970 233 2038 nariis
249 1975 399 2061 possunt
414 1978 450 2038 et
470 1968 584 2038 solent
594 1967 738 2046 addisci,
757 1967 793 2034 in
809 1988 853 2036 eo
872 1987 979 2058 opere
995 1973 1078 2034 sunt

124 2101 335 2186 pertractata
354 2101 390 2162 et
414 2092 463 2163 itu
488 2092 672 2162 enucleata
691 2097 731 2162 ut
760 2089 1005 2169 neosaocrdos
1023 2088 1078 2156 bis

122 2219 294 2308 eruditus,
323 2217 377 2286 sui
408 2216 564 2287 muneris
591 2237 660 2286 non
689 2215 757 2285 erit
786 2215 933 2285 omnino
949 2214 1075 2305 impar,

122 2339 254 2432 quippe
269 2344 323 2407 sat
342 2337 443 2428 plura
460 2341 580 2406 noscet
594 2343 630 2405 et
645 2356 713 2403 non
735 2333 913 2427 ignorabit
928 2334 969 2401 avt
989 2353 1078 2424 quos

123 2456 1078 2547 librossitrecursurusprocaeterisnondumaddiscitis.

170 2557 325 2625 Eamdem
347 2557 559 2624 materiarum
579 2554 827 2644 dispositionem
851 2552 1098 2624 observabimus

127 2677 324 2767 inpraesenti
339 2698 437 2767 opere
454 2697 492 2745 ac
504 2675 538 2744 in
554 2674 842 2758 nostroddouuoli,
859 2684 891 2743 et
903 2675 1096 2764 plerumque

127 2799 267 2888 ipsamet
284 2799 388 2888 ipsius
410 2799 509 2867 verba
532 2795 780 2881 adhibebimus,
801 2819 839 2866 er
858 2797 899 2866 iis
920 2798 1096 2868 resecando

127 2919 282 2988 duntaxat
300 2919 410 2988 minus
428 2917 634 3000 necessaria3
654 2919 763 3003 unde,
780 2918 838 3008 qui
858 2919 892 2986 in
907 2918 1097 2990 Seminariis

127 3039 213 3106 dicto
234 3037 387 3107 Muouoti
406 3039 515 3109 volent
533 3038 599 3124 uti,
615 3038 709 3108 facile
728 3039 927 3108 concordare
942 3051 1096 3128 poterunt

126 3183 202 3231 cum
222 3162 391 3231 utentibus
419 3160 566 3250 Epitome
591 3159 768 3249 praesenti3
796 3169 827 3230 et
848 3161 921 3230 ided
945 3160 1096 3249 juniores

127 3285 273 3368 tirones,
303 3283 425 3374 quibus
444 3303 511 3351 non
530 3293 614 3352 esset
634 3281 733 3351 nimis
752 3301 788 3353 on
805 3301 928 3374 trosum
953 3293 1095 3371 quatuor

126 3405 292 3474 volumina
304 3403 472 3472 Mouuolis
486 3404 670 3493 acquirere,
681 3403 807 3471 utiliter
818 3403 873 3470 illa
883 3404 990 3472 statim
1004 3427 1094 3474 com·

159 3583 168 3612 ¹
185 3582 309 3642 ouantium
322 3580 458 3648 Encvclioae
468 3585 492 3632 et
503 3579 596 3646 svllabo
605 3576 642 3629 Pri
651 3579 682 3630 lx
693 3580 844 3630 concordent
855 3558 966 3632 nostrum
978 3583 1095 3634 Manuale

128 3677 153 3722 et
165 3685 226 3736 opus
238 3684 361 3736 praesens,
372 3667 478 3734 judicari
490 3666 579 3734 poterit
590 3682 618 3717 ex
631 3665 705 3718 variis
716 3665 926 3732 propositionibus
935 3665 1026 3734 syriani
1040 3684 1093 3734 qua

129 3751 220 3816 passim
232 3749 259 3800 in
271 3749 377 3802 decursu
390 3748 470 3816 operis
483 3747 629 3800 reserentur.
