2590 4214
408 219 410 226 ·
467 202 551 244 arasa
574 201 689 244 arsinus.
1016 187 1072 247 toa
1094 221 1097 226 ·

83 305 181 374 (sess.
197 307 248 375 23,
264 322 330 382 cap.
347 305 391 378 3).
405 300 510 362 Nullus
525 300 692 378 Episcopus
704 297 794 360 debet
807 301 929 365 alterius
940 303 1074 366 subditos

81 387 235 450 ‘ordinare
253 390 319 451 sine
337 388 478 470 expressa
500 387 579 449 illius
598 387 719 448 licentia
738 407 745 446 :
769 396 954 470 praesumpta
974 399 1072 452 lamen

84 476 285 553 ratihabitio,
311 496 372 539 non
393 473 550 538 defuturo
573 474 625 536 sed
649 474 687 535 dc
706 477 863 553 praesenti,
880 477 1073 558 probabiliter

86 569 192 641 potest
210 565 344 641 admitti,
358 567 442 644 juxta
461 565 492 626 S.
510 563 631 643 lignos.
648 569 676 624 et
691 562 776 637 alios,
794 565 901 626 saltem
916 566 981 626 sine
993 564 1071 645 grati

83 651 185 730 culpa
198 651 263 734 (lib.
283 657 313 728 o,
329 663 361 714 n⁰
376 652 460 733 789).
743 700 746 704 ·
1086 695 1088 706 ι

132 743 203 801 626.
230 741 352 811 Quaerit.
372 745 403 801 l·
416 739 560 812 Quisnam
582 739 619 800 sit
638 741 778 820 proprius
793 741 959 822 Episcopus
975 742 1072 821 quoad

85 830 319 908 susceptionem
334 829 501 891 ordinnm'l

133 918 225 997 Resp.
238 917 431 998 Quadruplioi
444 916 535 978 modo
545 915 729 998 Episcopum
741 935 830 996 posse
841 935 907 981 esse
916 919 1071 1000 proprium

87 1005 196 1083 quoad
215 1007 337 1067 ordines
352 1005 575 1066 conferendosz
597 1008 627 1064 l·
648 1005 763 1066 ratione
777 1007 917 1087 ort'ps‘oa's,
932 1011 965 1067 2⁰
983 1006 1072 1066 domi·

85 1092 164 1152 cr'lt'i
172 1141 179 1166 ‚
192 1095 223 1154 3⁰
244 1093 394 1176 beneficii,
410 1099 443 1154 ll·
457 1093 728 1154 commensalitott's.

134 1182 196 1242 Pro
211 1182 307 1244 tribus
322 1181 474 1262 prioribus
488 1181 601 1254 modis,
618 1179 734 1262 probat.
751 1199 786 1242 ex
801 1203 866 1264 cap.
884 1183 956 1247 Ciam
968 1183 1070 1244 nullus

87 1273 122 1331 3.
137 1267 184 1330 De
197 1270 351 1351 temporib.
367 1269 443 1338 ord..
456 1269 487 1330 in
498 1272 540 1330 6⁰.

134 1358 195 1418 Pro
206 1358 362 1438 posteriori
372 1357 475 1431 modo,
492 1357 636 1439 probatur
650 1377 688 1420 cx
701 1363 814 1423 Concil.
832 1359 966 1420 Trident.
983 1359 1068 1438 (sess.

86 1451 142 1521 ⁶23,
157 1464 186 1507 c.
202 1452 232 1518 9,
246 1447 289 1508 De
300 1446 386 1527 rofi).
399 1449 470 1508 Haec
485 1445 587 1506 omnia
602 1445 691 1524 pleno
701 1449 922 1511 confirmantur
936 1452 967 1510 et
979 1449 1069 1527 expli-

86 1537 202 1596 cantur
215 1535 253 1596 ab
265 1534 443 1596 Innocentio
456 1535 526 1606 ΧΠ,
543 1532 574 1593 in
590 1535 714 1599 Constit.
731 1535 945 1617 Speculatores.

131 1622 289 1684 Praefatam
302 1623 493 1702 disciplinam
508 1620 586 1682 circa
602 1622 783 1704 Episcopum
803 1623 957 1704 proprium
970 1626 1068 1704 quoad

89 1711 336 1786 ¹odinationem,
352 1711 539 1772 observatam
556 1707 648 1770 fuisse
668 1715 758 1772 etiam
778 1714 807 1773 in
827 1709 937 1785 Gallis,
955 1721 1069 1772 constat
1101 1729 1104 1733 ·

110 1821 126 1859 x
154 1798 302 1862 collatore
322 1798 474 1878 indagas.
501 1795 637 1890 (Confer.
658 1798 693 1860 de
709 1801 786 1876 moi,
808 1803 897 1875 1709,
918 1818 948 1879 q.
965 1800 996 1879 3)
1019 1800 1067 1861 uli

88 1888 223 1966 mgitur:
244 1891 316 1948 rEn
328 1889 479 1948 Franco...
497 1885 639 1964 l’Eveque
653 1887 694 1948 du
711 1888 769 1974 lieu
784 1888 822 1949 dc
832 1888 860 1948 la
874 1887 1064 1948 naissance...

91 2002 106 2030 ιι
134 1993 173 2035 ne
188 1993 275 2057 passe
295 1993 347 2056 pas
368 1975 431 2036 seul
447 1993 524 2055 pour
543 1975 570 2034 le
587 1992 694 2054 propre
706 1976 839 2057 Estque,
851 1993 906 2056 par
916 1984 1039 2056 rapport
1052 1981 1067 2036 rt

90 2091 107 2120 ιι
132 2063 353 2136 l'ordination;
382 2069 413 2126 et
440 2064 500 2124 l’on
531 2063 580 2123 n’a
607 2063 691 2142 point
721 2065 823 2126 donne
851 2064 1024 2126 l'exclusion
1051 2067 1066 2124 a

90 2178 107 2211 ιι
131 2140 275 2234 l’nveque
298 2152 340 2215 du
361 2151 518 2226 benefico,
540 2150 571 2209 ni
592 2151 608 2210 a
633 2151 709 2212 celui
730 2153 772 2214 dn
786 2151 926 2214 domicile
941 2169 971 2210 a:
987 2152 1068 2230 quod

84 2242 202 2304 deinde
223 2240 332 2322 probat
350 2239 453 2302 multis
468 2237 607 2302 Consiliis
623 2239 857 2302 Prouincialibus
871 2245 900 2300 et
914 2240 1067 2320 synodali-

88 2331 288 2392 busstalulis.

132 2419 276 2490 Quaedam
288 2419 337 2480 hic
348 2415 480 2478 notanda
490 2424 580 2480 sunt:

133 2513 167 2570 1ο
187 2507 291 2580 Quoad
311 2507 493 2588 Episcopum
512 2507 663 2587 oripim's:
687 2506 753 2567 talis
769 2524 832 2569 non
848 2512 892 2568 est
911 2503 1067 2566 habendus

86 2597 257 2678 Episcopus
276 2593 334 2658 loci
348 2596 380 2657 in
398 2612 461 2675 quo
482 2593 550 2674 quis
571 2601 657 2656 natus
671 2602 717 2656 cst
728 2593 968 2659 accidentaliter:
982 2613 1009 2655 v.
1022 2613 1066 2674 g.‚

86 2685 249 2748 occasione
267 2682 399 2760 itineris,
421 2682 494 2744 dum
515 2688 601 2763 pater
618 2683 684 2762 ejus
702 2682 774 2746 alibi
791 2681 922 2746 hahebat
935 2680 1067 2743 domici·
1159 2707 1173 2752 ς

32 2783 34 2788 ·
87 2775 166 2836 lium
183 2771 277 2855 aquia
291 2780 364 2834 tnnc
378 2769 519 2853 proprius
535 2770 704 2853 Episcopus
717 2775 763 2836 est
775 2771 903 2854 originis
912 2771 1019 2846 Patris,
1035 2773 1066 2831 nt

85 2865 208 2925 constat
226 2879 263 2924 ex
283 2861 408 2925 Constit.
434 2858 526 2921 modo
547 2861 636 2922 citatt
655 2863 760 2925 lnnoc.
784 2863 837 2924 Xll
856 2859 1065 2940 Speculatores,

82 2952 103 3036 ξ
116 2955 147 3028 1,
159 2948 217 3012 nisi
231 2956 316 3032 pater
329 2949 432 3030 postet
445 2947 477 3008 in
493 2949 560 3009 loco
573 2947 626 3008 ulti
640 2945 803 3010 initiandus
817 2955 904 3009 natus
918 2952 977 3020 cst,
992 2965 1066 3008 con·

87 3036 212 3102 traxerit
223 3037 412 3100 domicilium
426 3035 493 3113 (it,
509 3033 525 3118 ἒ
539 3039 579 3106 5).

128 3129 196 3190 Non
211 3133 256 3188 cst
272 3144 345 3206 ergo
364 3122 453 3186 hodie
471 3123 602 3203 amplios
614 3121 816 3186 attendendus
829 3123 997 3203 Episcopus
1008 3121 1065 3184 loci

87 3215 140 3278 nbi
162 3215 232 3298 quis
255 3215 420 3296 baptizatus
439 3211 518 3290 tull,
537 3212 595 3274 nisi
616 3219 718 3273 tamen
737 3213 844 3291 agatur
867 3211 906 3273 do
928 3209 1063 3284 iudaeis,

86 3304 193 3368 ‘l'urcis
206 3309 238 3366 et
255 3302 400 3384 paganis,
416 3300 469 3383 qni
482 3298 643 3362 ordinandi
656 3303 727 3362 sunt
744 3298 782 3360 ab
796 3295 948 3378 Episcopo
963 3297 1019 3357 loci
1036 3296 1066 3357 in

89 3411 150 3475 uuo
162 3391 286 3457 luerunt
302 3390 455 3472 baptizati,
475 3401 511 3452 ut
522 3393 639 3453 constat
651 3404 690 3450 ex
703 3385 924 3449 Constitutione
941 3384 1068 3466 Cupieu

89 3481 395 3556 resPaulilll,anno
411 3481 499 3541 tsts.
582 3557 584 3560 Ι

126 3568 234 3644 Quoad
256 3567 427 3648 expositos,
451 3574 486 3629 nt
507 3564 633 3646 originis
657 3562 761 3626 haberi
783 3563 873 3625 debet
899 3563 1065 3643 Episcopus

84 3660 144 3724 loci
156 3658 210 3721 ubi
224 3657 298 3720 lacta
313 3656 369 3718 fuit
379 3655 537 3736 expositio,
553 3653 600 3734 acl
613 3654 670 3734 loci
685 3652 846 3716 nativitatis
859 3650 883 3714 si
899 3652 1018 3713 sciatur.
1141 3718 1144 3723 .
