2548 4216
166 213 225 271 301
439 223 589 267 acaunum
609 222 691 267 runis
711 220 860 266 canonici.
940 261 942 267 .

171 349 186 380 (ι
208 325 344 386 cessitate
365 327 414 384 aut
436 322 562 384 utilitate
586 321 760 393 assumitur,
783 338 844 380 non
865 318 1065 392 adscribatur,
1093 318 1149 381 ubi

170 435 186 469 u
208 410 270 473 suis
284 410 426 490 iungatur
440 410 635 484 muneribus,
651 427 709 471 nec
722 407 845 470 incertis
858 414 981 486 vagetur
997 405 1149 480 sedibus;

171 521 187 557 u
209 497 291 579 quod
305 498 329 560 si
345 500 443 560 locum
456 545 464 575 ,
479 498 651 560 inconsulto
668 497 834 578 Episcopo,
848 494 1032 567 deseruerit,
1050 494 1079 556 ei
1096 511 1152 556 sa-

170 610 187 644 e
209 605 331 649 crorum
341 585 516 648 exercitium
531 585 764 648 interdicatur.»

213 677 349 736 attamen
367 691 428 735 non
443 673 567 755 ubique,
584 673 737 744 hodiernis
750 672 954 753 temporibus,
966 671 1153 734 observatur

167 764 235 826 lraec
249 763 487 825 ordinandorum
506 761 667 842 adscriptio
683 761 801 824 servitio
821 761 959 840 specialis
980 761 1154 834 Ecclesiae;

171 855 202 914 in
218 871 274 914 usu
286 852 368 913 enim
383 870 444 912 non
460 857 504 912 est
516 851 548 911 in
564 851 676 926 Gallia,
690 849 741 912 ubi
755 849 854 911 clerici
876 849 1060 910 ordinantur
1075 867 1155 910 cunr

168 941 307 1004 libertate
322 939 531 1002 commorandi
543 939 624 1021 opud
636 957 707 1002 suos
723 939 769 1000 rel
789 939 820 999 in
832 938 1012 1012 seminario,
1029 957 1156 1018 usque-

171 1029 245 1090 dum
259 1027 328 1090 lacti
345 1027 515 1089 sacerdotes
526 1027 562 1089 ad
576 1045 687 1090 munus
698 1026 800 1090 vicarii
810 1025 856 1088 vel
868 1025 906 1087 ad
916 1025 998 1088 aliud
1010 1025 1158 1088 officium

167 1117 366 1179 advocentur.
382 1118 419 1176 Et
433 1117 555 1192 revera,
570 1115 661 1178 rebus
683 1123 773 1196 prout
794 1133 877 1177 nunc
897 1121 968 1176 sunt
986 1113 1072 1196 apud
1097 1133 1158 1176 nos

168 1204 368 1278 exstantibus,
385 1221 447 1265 non
461 1221 578 1284 magnae
593 1204 726 1266 utilitatis
737 1205 813 1266 toret
826 1203 952 1285 praelata
964 1202 1158 1284 adscriptio:

172 1299 335 1372 antequam
358 1291 440 1354 enim
464 1292 564 1354 clerici
591 1293 756 1354 sacerdotio
783 1291 960 1366 initientur,
989 1291 1160 1354 modicum

167 1379 320 1442 auxilium
337 1379 474 1460 parochis
493 1379 599 1442 afferre
614 1387 761 1460 possunt,
776 1380 943 1461 praesertim
958 1380 1032 1442 edm
1047 1381 1083 1440 in
1101 1399 1159 1442 se·

172 1469 325 1546 minaciis,
341 1487 396 1548 pro
410 1468 578 1531 studiorum
594 1469 785 1540 necessitate,
799 1468 861 1530 lere
875 1467 1021 1530 continuo
1036 1467 1160 1550 degere

166 1557 314 1634 debeant,
328 1565 357 1618 et
370 1556 463 1618 semel
483 1556 521 1618 ad
535 1557 775 1638 presbyteratum
790 1557 933 1637 promoti,
948 1555 1061 1617 adalia
1077 1574 1158 1620 mu·

175 1663 247 1706 uera
261 1644 426 1706 advocandi
441 1644 510 1706 sint.

215 1732 358 1804 Quaedam
369 1733 491 1814 insuper
503 1732 721 1794 declarationes
733 1735 764 1796 S.
778 1733 888 1813 Congr.
903 1732 1017 1796 Concil.
1036 1751 1161 1814 suppo

176 1839 248 1882 nere
268 1820 408 1881 videntur
431 1839 492 1882 non
513 1820 617 1882 adesse
639 1821 774 1882 strictam
797 1821 1010 1903 obligationem
1039 1839 1161 1884 omnes

168 1907 359 1970 ordinandos
379 1907 567 1970 adscribendi
589 1909 709 1970 servitio
727 1909 856 1988 alicuius
876 1907 1009 1971 ccclesias
1026 1928 1035 1970 :
1054 1909 1106 1972 sic
1126 1910 1163 1972 in

176 1998 266 2058 causa
288 1995 492 2072 Ariminensi,
512 1996 682 2059 5decemb.
702 2000 800 2072 1574,
820 1997 950 2060 dicitur:
970 1995 1162 2074 «Clericus,

179 2106 194 2144 ι
215 2084 267 2164 qui
282 2093 362 2145 certe
382 2083 445 2144 loro
466 2103 524 2145 uon
543 2093 585 2147 est
607 2084 789 2168 adscriptus,
804 2085 843 2146 ab
865 2086 1011 2167 Episcopo
1037 2085 1165 2150 invitus

180 2195 195 2232 ι
216 2173 337 2234 retineri
352 2191 414 2233 non
431 2178 566 2253 potest.»

215 2264 286 2324 430.
303 2261 425 2332 Quaerit.
443 2264 475 2321 l·
489 2263 536 2321 An
556 2260 655 2323 elerici
678 2261 805 2344 possint,
831 2261 923 2324 invito
942 2261 1120 2344 Episcopo,
1147 2266 1166 2326 e

169 2347 296 2411 dioecesi
311 2348 465 2410 discedere
479 2353 509 2410 et
523 2348 593 2410 alibi
605 2350 810 2412 commorari?

217 2440 306 2518 Resp.
325 2441 356 2498 1⁰
370 2437 490 2497 Certum
505 2455 570 2498 esse
584 2437 724 2513 clericos,
740 2438 867 2518 alicujus
880 2437 1013 2501 ecclesiae
1028 2441 1079 2502 vel
1101 2441 1168 2507 be·

179 2523 277 2585 noticii
292 2525 481 2604 personalem
498 2525 691 2588 residentiam
709 2526 856 2608 exigentis
870 2527 987 2588 servitio
1005 2528 1168 2616 adserip-

178 2619 235 2686 tos,
257 2611 337 2674 haud
359 2631 458 2692 posse,
479 2613 571 2675 invito
590 2615 750 2696 Episcopo,
766 2617 784 2677 e
800 2615 920 2678 dioecesi
940 2615 1107 2682 discedere
1135 2631 1168 2686 et

175 2699 248 2762 alibi
270 2701 453 2761 commorari
473 2719 481 2762 ι
501 2700 574 2763 illud
597 2710 713 2765 constat
735 2721 772 2765 ex
794 2702 914 2766 decreto
932 2705 1047 2768 Concil.
1065 2711 1166 2776 Trio.

175 2786 270 2849 modo
290 2789 394 2864 relato,
406 2796 434 2850 et
449 2791 606 2854 communi
625 2793 688 2854 bu.
705 2793 870 2871 sententia,
885 2795 937 2874 qui
951 2793 1084 2858 verbum
1104 2801 1148 2861 in

179 2874 310 2936 consulto
324 2874 490 2958 Episcopo,
506 2879 645 2960 intelligit
662 2879 758 2941 inuito
779 2881 945 2962 Episcop03
961 2883 1047 2944 etita
1062 2884 1166 2952 deei-

173 2981 245 3024 sum
257 2962 313 3026 luit
325 2965 380 3026 tS.
391 2967 502 3046 Cougr.
514 2967 619 3038 Conc,
631 2971 651 3030 8
665 2967 737 3028 maii
750 2971 827 3030 troo
836 2976 866 3030 et
878 2973 897 3030 5
908 2969 972 3032 dec.
990 2974 1085 3047 1574,
1106 2979 1156 3039 uh

178 3051 309 3114 dicitur:
332 3053 538 3135 «Adscriptus
551 3056 622 3117 verb
640 3055 760 3118 retineri
776 3063 871 3138 potest
892 3059 1012 3120 invitus.
1030 3083 1047 3118 o
1068 3063 1165 3134 ldenr

173 3141 292 3287 pruitur
307 3142 397 3203 etiam
412 3161 449 3204 ex
470 3143 670 3223 promissione
685 3145 863 3208 obedientiae
884 3147 932 3209 die
951 3147 1165 3219 ordinationis

190 3231 266 3290 actd.

218 3319 321 3380 Posset
339 3326 440 3380 tamen
461 3319 503 3382 sic
521 3319 704 3402 adscriptus,
723 3323 837 3404 absque
859 3327 996 3406 Episcopi
1012 3325 1162 3411 licentia,

85 3425 88 3432 ·
173 3407 321 3468 assentire
343 3425 404 3469 suas
426 3408 564 3470 electioni
587 3411 625 3471 ad
645 3411 767 3492 aliquod
791 3413 972 3477 beneficium
993 3414 1023 3475 in
1050 3417 1164 3484 aliena

177 3491 299 3554 dioecesi
313 3496 463 3571 existens;
478 3496 531 3558 sed
542 3497 656 3579 absque
666 3499 746 3562 dicta
760 3501 889 3578 licentia,
901 3521 960 3564 nou
974 3510 1077 3583 potest
1091 3508 1164 3573 dis·

177 3579 296 3680 cedere.
312 3583 531 3680 Interveniente
550 3588 621 3648 verd
636 3588 716 3666 juste
735 3593 837 3662 caust,
862 3590 879 3650 a
901 3592 1064 3671 Superiore
1084 3600 1162 3680 cogi

176 3673 288 3743 potent
310 3671 475 3749 Episcopus
493 3671 530 3732 ad
552 3673 684 3736 dandam
710 3677 861 3738 licentiam
884 3677 1081 3755 discedendi,
1110 3689 1160 3748 vel
