2616 4228
452 345 546 390 CAPUT
567 347 750 395 PROOElllALE.
1051 335 1088 394 69

160 457 228 514 tro.
256 483 294 496 -
314 450 363 509 lV.
393 445 551 518 Quomodo
578 445 642 508 lieri
668 450 798 528 potuerit
820 451 903 532 qubd
926 447 1091 530 suppositio

120 548 162 604 tot
182 537 382 602 Decretalium
403 534 569 614 permulta
589 537 698 598 saecula
716 557 779 599 non
805 538 894 600 luerit
912 536 1091 618 recognita?

160 629 236 692 lllud
251 628 349 689 evenit
364 631 394 686 l⁰
409 627 453 684 Ex
472 641 509 684 eo
523 623 603 703 qubd
618 625 713 687 Falsae
733 628 904 688 Decretales
926 633 1010 688 erant
1024 627 1091 706 qui-

123 720 191 782 dem
201 717 282 779 lalsae
297 713 397 795 quoad
412 712 636 774 attributionem
651 712 760 776 luctam
775 716 811 776 iis
825 716 881 778 sub
896 735 1026 797 quorum
1042 734 1094 777 no-

122 809 203 870 mine
219 805 421 878 intitulantur,
437 799 535 862 sedin
551 801 656 882 seipsis
671 803 744 865 nihil
759 804 828 866 novi
847 811 898 866 aut
912 804 977 866 falsi
998 805 1093 866 conli-

122 897 245 969 ncbant,
256 893 374 955 nullum
389 895 537 971 punctum
549 888 715 970 disciplinae
726 891 945 969 immutabant3
961 893 1024 954 imb
1032 893 1093 970 jam

121 994 211 1046 antea
224 981 409 1056 existebant,
433 979 544 1058 magna
558 977 663 1040 saltem
683 987 832 1062 exparte,
853 983 897 1044 vel
910 983 941 1042 in
962 981 1094 1043 Historiis

119 1073 222 1135 Rufini
235 1078 265 1133 et
279 1067 464 1143 Cassiodori,
481 1067 526 1128 vel
540 1067 570 1127 in
585 1067 678 1128 Libro
693 1069 869 1150 pontificali
876 1118 884 1146 ,
898 1071 944 1132 vel
955 1071 985 1130 in
998 1071 1093 1149 Scrip

121 1167 188 1225 tura
208 1164 317 1228 Sacra,
343 1161 374 1218 in
394 1157 547 1230 conciliis,
568 1157 599 1217 in
618 1159 760 1238 operibus
781 1162 833 1220 SS.
859 1162 1001 1237 Petrum,
1022 1161 1096 1239 quin

120 1246 965 1313 etiaminrerisllecretalibusrecentiorumPontiticum:
980 1249 1097 1324 «apres

126 1364 141 1398 u
162 1346 244 1414 toul,
257 1338 355 1418 inquit
369 1337 504 1415 Philipps
516 1333 698 1416 (Droiteccl.
714 1337 786 1398 dctus
798 1358 839 1398 ses
851 1357 973 1411 sources,
990 1357 1018 1417 p.
1032 1335 1095 1418 60),

104 1451 106 1455 ·
126 1453 140 1484 a
163 1427 185 1490 il
198 1428 285 1500 etait,
299 1445 336 1486 au
352 1425 436 1500 lond,
454 1425 521 1484 bien
537 1423 710 1485 indifferent
724 1446 784 1506 que
800 1427 867 1487 telle
891 1446 931 1488 ou
947 1427 1013 1488 telle
1027 1444 1097 1506 pro·

71 1517 74 1523 “
126 1544 139 1575 u
163 1517 296 1598 position
312 1516 363 1576 citt
377 1515 423 1574 e'te
437 1512 586 1574 formulee
602 1531 654 1592 par
665 1515 789 1575 Anaclet
803 1535 841 1576 ou
858 1516 950 1588 Leon,
963 1533 1017 1595 par
1029 1517 1098 1577 Eva·

126 1630 141 1664 u
163 1605 237 1666 riste
252 1623 292 1664 ou
307 1602 460 1682 Gregoire,
477 1619 531 1680 par
544 1601 725 1680 'l'elespbore
738 1621 777 1663 ou
788 1604 944 1662 dicolos.»

164 1698 198 1755 2⁰
212 1693 286 1763 Quia
302 1691 347 1751 liis
360 1689 565 1769 temporibus,
581 1696 650 1749 ante
661 1691 867 1751 inventionem
883 1689 1097 1771 typogrupbiae,

122 1801 174 1844 urs
189 1781 228 1842 dc
242 1780 359 1860 scriptis
370 1777 522 1858 judicandi
540 1777 676 1838 nondum
692 1797 762 1839 suos
777 1797 953 1859 progressus
967 1778 1097 1854 iecorat3

123 1871 297 1951 suspicatus
312 1876 411 1928 taruen
428 1867 483 1926 luit
497 1885 581 1928 error
597 1887 603 1926 :
622 1888 636 1922 o
651 1869 689 1929 Ut
704 1869 889 1948 antiquiores
905 1867 992 1949 (Vide
1003 1869 1098 1948 llpist.

128 1959 255 2020 «Card.
282 1955 467 2018 Deus-Dedit
499 1955 536 2015 ad
560 1956 713 2016 Victorem
739 1960 795 2032 lll,
823 1976 912 2036 quam
944 1958 1102 2018 ediderunt

128 2075 143 2107 u
166 2047 309 2108 ballerini
327 2046 357 2106 in
376 2044 549 2125 Appendice
564 2045 601 2105 ad
617 2047 646 2106 S.
671 2047 815 2122 Leonem,
833 2066 863 2124 p.
877 2052 912 2121 d,
926 2065 953 2108 c.
973 2045 1022 2126 ld)
1038 2046 1100 2107 ori-

129 2165 142 2198 a
164 2140 242 2199 ticos
258 2137 364 2196 missos
385 2136 548 2208 faciamus,
565 2134 661 2214 quiin
684 2135 833 2195 isidorum
854 2137 1023 2196 censoriam
1039 2135 1100 2210 rir-

130 2254 143 2287 ;‹
166 2227 272 2308 gulam
296 2224 505 2294 distrixeruut,
534 2226 638 2284 Petrus
658 2225 832 2298 Gonrestor,
850 2226 960 2285 sarculo
983 2226 1034 2284 Xll
1059 2223 1103 2304 (in

127 2342 143 2377 (ι
165 2317 254 2380 Hist.
277 2313 377 2374 Sobel.
396 2313 436 2372 ud
455 2315 519 2372 Act.
546 2311 663 2394 Apost.)
688 2323 777 2393 atque
800 2313 910 2374 saeculo
930 2316 982 2374 XV
1007 2313 1103 2374 Gube-

127 2429 143 2466 α
166 2406 287 2466 linus..
305 2403 391 2463 Card.
410 2403 565 2474 Cusauus,
581 2408 665 2462 etc...
683 2401 832 2462 Isidorum
847 2401 884 2460 de
897 2401 961 2460 lalsi
977 2401 1104 2462 crimine

128 2517 145 2555 u
169 2492 402 2570 postularunt.»
427 2489 548 2570 (Potiti,
572 2489 747 2570 lurisprud.
769 2489 884 2550 Ecclcs.
908 2489 1106 2566 universalia,

125 2591 147 2646 t.
168 2588 198 2659 l,
215 2584 359 2652 Prolem,
376 2585 483 2660 quaest.
494 2577 540 2660 Ἰ.)
555 2579 710 2640 Immerito
724 2579 814 2658 igitur
825 2582 1025 2641 Protcstantes
1038 2581 1105 2661 glo-

126 2676 247 2736 riantur
262 2671 346 2750 quasi
360 2669 448 2748 primi
465 2669 664 2749 imposturam
676 2668 852 2730 detexerint.

168 2763 321 2822 Caeterum
340 2757 648 2838 Ecclesianuuquam
669 2758 736 2818 tulit
756 2758 905 2836 judicium
920 2758 957 2819 de
980 2757 1106 2820 authen-

126 2851 244 2913 ticitate
259 2847 451 2909 collectionis
464 2847 647 2908 Isidorianae.
668 2847 830 2909 Attributio
846 2847 915 2909 verb
927 2848 1105 2928 scriptorum

127 2940 207 3002 lacta
218 2938 307 2999 alicui
322 2936 436 2998 auctori
449 2953 519 2997 vero
533 2936 578 2996 vel
590 2935 713 3012 fictitio,
731 2943 847 2998 nonest
862 2936 934 3018 quid
946 2936 983 2997 ad
998 2936 1106 3016 dogma

128 3029 174 3092 vel
190 3044 293 3088 mores
307 3025 477 3106 pertinens,
500 3024 623 3104 quando
638 3026 805 3106 pracsertim
821 3025 915 3104 nihil,
932 3044 988 3086 nec
1002 3025 1034 3085 in
1049 3024 1106 3085 sale

130 3117 235 3180 necin
251 3112 422 3194 disciplina,
438 3113 608 3175 innovatur.

592 3272 657 3355 gu.

415 3406 457 3468 De
477 3404 654 3469 Collectioae
674 3406 824 3469 Gratiani.

175 3567 245 3627 lbi.
269 3557 449 3634 Gratianus,
470 3557 561 3618 Clusii
581 3559 613 3620 in
637 3561 753 3622 Etruria
774 3561 884 3639 (Chiusi
906 3581 944 3625 en
964 3567 1109 3646 Tuscana)

133 3661 239 3725 natus,
263 3647 461 3708 monasticam
481 3647 589 3721 vitam,
614 3649 670 3711 sub
686 3651 785 3730 regula
805 3653 835 3712 S.
853 3653 1023 3724 Benedicti,
1047 3671 1110 3714 am-

135 3746 273 3825 plexatus
284 3742 331 3796 cst
345 3735 497 3811 llononiae,
509 3736 540 3796 in
553 3739 736 3801 monasterio
748 3742 798 3802 SS.
815 3742 921 3802 Felicis
935 3749 964 3802 et
975 3741 1109 3800 Nabaris.

134 3827 371 3894 Celeberrimam
381 3824 593 3887 eotteotronam
604 3846 690 3888 suam
701 3829 740 3888 ibi
751 3829 843 3890 edidit
853 3831 1109 3890 circuanndtol.
