2616 4228
470 265 561 330 claua
582 285 766 330 anemurum.
837 281 839 287 ⁴
1067 281 1105 335 79

118 409 135 443 ιι
160 394 211 448 tus
235 392 265 446 et
292 387 360 464 Jura
379 386 425 446 'iis
450 383 651 462 iuhaerentia,
678 382 876 443 immutabilia
905 385 998 464 penes
1023 385 1117 466 ipsos'

120 497 134 531 ιι
158 481 275 552 erunt,
292 482 380 555 atque
397 474 434 534 ab
450 473 521 552 ipsis
535 490 657 544 causam
675 470 829 534 habentes.

163 585 179 621 ιι
203 567 268 624 Art.
287 566 335 625 11.
361 561 550 624 Gubernium
566 560 726 622 Gallicanae
741 561 925 640 Reipublicae
940 561 971 622 in
987 581 1018 624 se
1034 581 1103 625 sus-

120 675 135 708 ιι
160 651 237 732 cipit
249 659 315 713 tum
330 653 506 732 Episcorum
515 657 581 709 tum
593 649 804 728 parochorum,
818 668 948 730 quorum
958 651 1103 714 dioeceses

121 765 136 795 ιι
161 745 255 820 atque
273 741 430 821 parochias
446 757 522 800 neve
536 738 775 818 circumscriptio
789 739 1022 819 complectetur,
1037 759 1103 802 sus-

120 853 135 884 ιι
163 831 364 890 tentationem
382 847 449 910 quae
463 828 611 909 cujusque
624 833 734 889 statum
747 827 862 889 deceat.
896 875 898 879 ,

164 939 182 976 o
206 919 270 980 hrt.
288 921 337 980 15.
362 917 446 978 ldem
470 915 657 978 Gubernium
681 917 798 978 curabit
821 923 854 979 ut
876 917 1050 996 catholiciS,
1073 919 1107 981 in.

120 1030 138 1064 ιι
162 1006 278 1080 Gellia,
296 1007 426 1068 liberum
441 1007 489 1084 sit,
505 1006 530 1066 si
543 1005 679 1083 libuerit,
696 1005 837 1068 Ecclesiis
852 1011 1010 1069 consulere
1021 1009 1105 1070 novis

126 1119 141 1152 ιι
165 1095 407 1158 fundationibus.

167 1205 183 1242 u
207 1188 273 1244 Art.
293 1188 340 1248 16.
364 1185 511 1246 Sanctitas
533 1185 592 1245 Sua
606 1185 795 1266 recognoscit
808 1185 840 1245 in
861 1183 961 1248 Primo
977 1187 1105 1250 Consule

124 1295 141 1331 ιι
164 1273 328 1336 Gallicanae
352 1272 534 1354 Reipublicae
554 1273 661 1335 eadem
679 1275 747 1352 Jura
762 1292 797 1334 ac
818 1275 975 1354 privilegia
995 1277 1102 1356 quibus

127 1383 143 1419 ιι
167 1363 250 1442 apud
266 1365 297 1424 S.
315 1363 424 1424 Sedem
439 1361 596 1424 fruebatur
609 1362 767 1442 antiquum
785 1363 943 1443 Regimen.
1059 1420 1061 1425 .

169 1472 185 1508 ιι
208 1453 271 1514 hrt.
289 1455 337 1513 11.
362 1453 508 1532 Utrinque
523 1459 706 1512 conventum
720 1456 782 1526 est,
800 1453 900 1531 quod,
915 1453 946 1512 in
961 1470 1105 1533 casuque

125 1563 141 1598 ιι
163 1539 274 1620 aliquis
288 1560 324 1601 cx
339 1539 563 1603 successoribus
578 1539 714 1600 hodierni
729 1539 821 1613 Primi
843 1541 981 1602 Consulis
1000 1541 1106 1602 catho-

124 1651 141 1686 ιι
163 1629 257 1690 licam
272 1630 450 1710 religionem
465 1647 526 1690 nou
543 1629 750 1775 promeretur,
766 1647 857 1707 super
869 1629 988 1708 Juribus
1002 1636 1030 1689 et
1045 1631 1106 1710 pri-

125 1718 280 1799 «vilegiis
304 1719 335 1780 in
359 1717 505 1798 superiori
525 1718 651 1778 articue
670 1719 936 1794 commemoratis,
964 1736 1020 1779 nec
1045 1737 1105 1780 rien

125 1831 144 1865 ιι
163 1825 257 1889 super
276 1808 483 1869 nominatione
498 1806 534 1868 ad
550 1805 833 1887 Archiepiscopatus
847 1813 875 1868 et
888 1806 1107 1892 Episcopatus,

125 1919 142 1955 ιι
164 1903 305 1976 respectu
320 1898 432 1978 ipsius,
455 1915 531 1958 nova
548 1895 707 1958 conventio
722 1894 784 1956 liet.

168 2007 184 2045 ιι
206 1985 449 2049 Ratilieaticnum
470 1985 589 2046 traditio
604 1985 724 2045 Parisiis
747 1983 797 2046 uer
813 1985 1014 2066 quadraginta
1037 1985 1105 2047 die-

126 2098 143 2135 ιι
165 2093 239 2136 rum
258 2076 364 2156 spatio.

168 2185 185 2222 ιι
205 2164 318 2224 Datum
334 2163 473 2237 Parisiis,
490 2167 538 2222 die
554 2166 590 2224 15
611 2163 722 2222 mensis
734 2162 800 2241 julii
816 2165 903 2225 1801.

169 2275 185 2310 ιι
206 2252 352 2322 Hercules
360 2250 446 2313 Card.
457 2251 604 2326 Consalvi,
616 2253 632 2312 J
637 2297 643 2310 .
655 2251 832 2330 Bonaparte.
842 2253 858 2312 J
861 2252 954 2331 oseph
964 2251 1104 2332 Archiep.

126 2366 143 2402 ιι
162 2341 318 2415 Corinthi,
335 2341 476 2415 Bernier,
491 2340 525 2402 F.
543 2338 664 2400 Carolus
678 2339 794 2415 Caselli‚
811 2341 918 2400 Cretet.
935 2361 950 2397 ι)

165 2433 237 2494 lla.
265 2431 364 2491 Varias
386 2430 486 2491 Bullas
507 2434 559 2490 aut
583 2427 685 2487 Brevia
705 2427 905 2508 promulgavit
919 2429 950 2489 S.
969 2429 1106 2492 Pontifex

122 2541 181 2604 pro
194 2520 372 2582 executione
386 2519 512 2600 hujusce
526 2514 716 2590 Concurdati,
726 2515 863 2577 videlicet
879 2517 996 2578 Bullam
1008 2519 1105 2581 Eccle

120 2613 170 2674 sia
187 2609 311 2681 Christi,
325 2612 360 2669 15
377 2609 495 2688 augusti
513 2609 601 2682 1801,
614 2623 668 2686 pro
679 2604 758 2666 illius
772 2605 1001 2669 confirmatione
1007 2628 1017 2682 ;
1034 2611 1097 2671 Bul·

123 2701 188 2762 lam
204 2698 264 2774 Oui
279 2697 395 2760 Christi
420 2696 542 2757 Domini
555 2695 593 2755 ad
616 2712 762 2756 novarum
781 2693 957 2758 dioecesium
972 2700 1097 2760 circum·

123 2788 325 2868 scriptionem
338 2785 548 2846 ordinandam.

168 2878 228 2937 Pro
256 2874 334 2936 felici
367 2875 544 2935 executione
572 2872 685 2953 praelati
714 2874 892 2936 Concordati
917 2875 1026 2938 missus
1052 2878 1094 2940 lui

123 2967 219 3029 etium
229 2963 316 3026 Card.
335 2965 463 3044 Caprara
476 2971 622 3042 tanquam
634 2963 762 3043 Legatm
773 2961 789 3023 ἀ
802 2963 892 3026 lutere
904 2984 973 3026 cum
988 2969 1105 3047 amplis·

123 3056 213 3118 simis
238 3051 447 3125 facultatibus,
472 3052 545 3132 qui,
569 3068 624 3112 suo
638 3049 755 3113 indulto
779 3055 798 3114 9
821 3054 923 3134 aprilis
949 3059 1045 3129 1802,
1068 3057 1104 3116 ad

123 3149 258 3226 quatuor
282 3142 400 3202 tantum
430 3139 518 3202 festos
550 3138 614 3200 dies
638 3144 745 3220 praeter
770 3141 944 3204 Dominicas
967 3144 1103 3221 reduxit,

123 3239 200 3306 etc,
217 3239 275 3294 etc.

167 3324 238 3383 110.
264 3317 362 3382 Simul
385 3335 456 3381 cum
477 3316 679 3394 Concordem,
704 3319 845 3398 8aprilis
872 3324 963 3398 1802,
990 3323 1105 3386 Guber-

125 3412 215 3474 uium
247 3407 449 3490 promulgavit
483 3406 567 3486 quasi
598 3404 740 3467 Codicem
768 3407 1012 3472 Ecclesiasticum
1049 3415 1106 3476 sub

126 3500 252 3562 nomine
279 3518 286 3558 :
309 3497 438 3560 Artirler
460 3495 637 3578 erpaniques
654 3492 694 3554 du
716 3495 792 3556 culte
814 3495 987 3580 catholiqee.
1011 3505 1045 3563 ln
1070 3503 1106 3565 iis

125 3588 354 3672 proclamantur
379 3586 544 3646 libertates
574 3590 732 3665 praetensae
755 3586 898 3650 Ecclesiae
921 3591 1104 3664 Gallicaoae;

125 3677 292 3741 necessitas
309 3675 426 3739 Placiti
439 3673 606 3756 imponitur
623 3690 679 3754 pro
701 3673 844 3738 omnibus
863 3679 1105 3759 expeditionibus

125 3769 271 3829 Ronrouae
299 3764 415 3836 Curiae,
445 3766 536 3824 etiam
564 3759 692 3840 privatos
715 3764 833 3825 tantum
852 3767 1103 3844 respicientibus;
