<?xml version="1.0" encoding="UTF-8"?>
<!DOCTYPE html PUBLIC "-//W3C//DTD XHTML 1.0 Transitional//EN"
    "http://www.w3.org/TR/xhtml1/DTD/xhtml1-transitional.dtd">
<html xmlns="http://www.w3.org/1999/xhtml" xml:lang="en" lang="en">
 <head>
  <title>
</title>
<meta http-equiv="Content-Type" content="text/html;charset=utf-8" />
  <meta name='ocr-system' content='tesseract 3.04.00' />
  <meta name='ocr-capabilities' content='ocr_page ocr_carea ocr_par ocr_line ocrx_word'/>
</head>
<body>
  <div class='ocr_page' id='page_1' title='image "./elementajurisca01craigoog_0158.png"; bbox 0 0 2562 4224; ppageno 0'>
   <div class='ocr_carea' id='block_1_1' title="bbox 402 295 1083 353">
    <p class='ocr_par' dir='ltr' id='par_1_1' title="bbox 402 295 1083 353">
     <span class='ocr_line' id='line_1_1' title="bbox 402 295 1083 353; baseline -0.001 0"><span class='ocrx_word' id='word_1_1' title='bbox 402 345 406 353; x_wconf 89' lang='lat'>.</span> <span class='ocrx_word' id='word_1_2' title='bbox 478 308 563 353; x_wconf 83' lang='lat' dir='ltr'>crana</span> <span class='ocrx_word' id='word_1_3' title='bbox 584 308 700 353; x_wconf 75' lang='lat' dir='ltr'>antuus.</span> <span class='ocrx_word' id='word_1_4' title='bbox 1021 295 1083 352; x_wconf 76' lang='lat' dir='ltr'>tae</span> 
     </span>
    </p>
   </div>
   <div class='ocr_carea' id='block_1_2' title="bbox 112 409 1165 2084">
    <p class='ocr_par' dir='ltr' id='par_1_2' title="bbox 112 409 1165 934">
     <span class='ocr_line' id='line_1_2' title="bbox 150 409 1165 493; baseline -0.005 -18"><span class='ocrx_word' id='word_1_5' title='bbox 150 411 287 486; x_wconf 83' lang='lat' dir='ltr'>Ouandiu</span> <span class='ocrx_word' id='word_1_6' title='bbox 303 410 438 474; x_wconf 90' lang='lat' dir='ltr'>libertate</span> <span class='ocrx_word' id='word_1_7' title='bbox 453 413 582 493; x_wconf 89' lang='lat' dir='ltr'>potitum</span> <span class='ocrx_word' id='word_1_8' title='bbox 596 411 654 472; x_wconf 89' lang='lat' dir='ltr'>luit</span> <span class='ocrx_word' id='word_1_9' title='bbox 665 411 855 487; x_wconf 70' lang='lat' dir='ltr'>Concilium,</span> <span class='ocrx_word' id='word_1_10' title='bbox 876 428 940 472; x_wconf 89' lang='lat' dir='ltr'>sese</span> <span class='ocrx_word' id='word_1_11' title='bbox 959 409 1078 471; x_wconf 89' lang='lat' dir='ltr'>incom-</span> <span class='ocrx_word' id='word_1_12' title='bbox 1161 428 1165 437; x_wconf 71' lang='grc'><strong>“</strong></span> 
     </span>
     <span class='ocr_line' id='line_1_3' title="bbox 112 498 1085 574; baseline -0.005 -8"><span class='ocrx_word' id='word_1_13' title='bbox 112 508 243 566; x_wconf 75' lang='lat' dir='ltr'>&#39;retentes</span> <span class='ocrx_word' id='word_1_14' title='bbox 269 499 306 561; x_wconf 91' lang='lat' dir='ltr'>ad</span> <span class='ocrx_word' id='word_1_15' title='bbox 334 499 507 574; x_wconf 86' lang='lat' dir='ltr'>solvendam</span> <span class='ocrx_word' id='word_1_16' title='bbox 530 498 735 561; x_wconf 85' lang='lat' dir='ltr'>difficultatem</span> <span class='ocrx_word' id='word_1_17' title='bbox 763 498 955 562; x_wconf 79' lang='lat' dir='ltr'>declararunt</span> <span class='ocrx_word' id='word_1_18' title='bbox 978 501 1085 561; x_wconf 87' lang='lat' dir='ltr'>Patres</span> 
     </span>
     <span class='ocr_line' id='line_1_4' title="bbox 113 585 1079 668; baseline -0.003 -16"><span class='ocrx_word' id='word_1_19' title='bbox 113 588 233 652; x_wconf 86' lang='lat' dir='ltr'>Concilii</span> <span class='ocrx_word' id='word_1_20' title='bbox 240 606 250 662; x_wconf 84' lang='lat'>3</span> <span class='ocrx_word' id='word_1_21' title='bbox 261 587 390 668; x_wconf 78' lang='lat' dir='ltr'>ideoque</span> <span class='ocrx_word' id='word_1_22' title='bbox 401 588 544 650; x_wconf 88' lang='lat' dir='ltr'>violenter</span> <span class='ocrx_word' id='word_1_23' title='bbox 554 590 571 648; x_wconf 82' lang='lat' dir='ltr'>a</span> <span class='ocrx_word' id='word_1_24' title='bbox 581 587 752 668; x_wconf 90' lang='lat' dir='ltr'>Napoleone</span> <span class='ocrx_word' id='word_1_25' title='bbox 765 587 909 649; x_wconf 87' lang='lat' dir='ltr'>dissoluta</span> <span class='ocrx_word' id='word_1_26' title='bbox 920 585 975 648; x_wconf 89' lang='lat' dir='ltr'>luit</span> <span class='ocrx_word' id='word_1_27' title='bbox 988 588 1079 668; x_wconf 86' lang='lat' dir='ltr'>Syno-</span> 
     </span>
     <span class='ocr_line' id='line_1_5' title="bbox 113 674 1081 757; baseline -0.005 -17"><span class='ocrx_word' id='word_1_28' title='bbox 113 679 177 741; x_wconf 89' lang='lat' dir='ltr'>dus.</span> <span class='ocrx_word' id='word_1_29' title='bbox 192 679 261 739; x_wconf 88' lang='lat' dir='ltr'>Mox</span> <span class='ocrx_word' id='word_1_30' title='bbox 278 675 366 752; x_wconf 78' lang='lat' dir='ltr'>vero,</span> <span class='ocrx_word' id='word_1_31' title='bbox 383 676 490 738; x_wconf 80' lang='lat' dir='ltr'>ilerum</span> <span class='ocrx_word' id='word_1_32' title='bbox 503 677 692 757; x_wconf 82' lang='lat' dir='ltr'>congregatis</span> <span class='ocrx_word' id='word_1_33' title='bbox 708 675 881 756; x_wconf 90' lang='lat' dir='ltr'>Episcopis,</span> <span class='ocrx_word' id='word_1_34' title='bbox 894 679 962 754; x_wconf 88' lang='lat' dir='ltr'>¹post</span> <span class='ocrx_word' id='word_1_35' title='bbox 983 674 1081 736; x_wconf 91' lang='lat' dir='ltr'>incar·</span> 
     </span>
     <span class='ocr_line' id='line_1_6' title="bbox 114 761 1085 846; baseline -0.003 -18"><span class='ocrx_word' id='word_1_36' title='bbox 114 765 294 828; x_wconf 91' lang='lat' dir='ltr'>cerationem</span> <span class='ocrx_word' id='word_1_37' title='bbox 306 765 526 846; x_wconf 87' lang='lat' dir='ltr'>quorumdam,</span> <span class='ocrx_word' id='word_1_38' title='bbox 542 765 686 826; x_wconf 90' lang='lat' dir='ltr'>emissum</span> <span class='ocrx_word' id='word_1_39' title='bbox 700 763 756 825; x_wconf 89' lang='lat' dir='ltr'>fuit</span> <span class='ocrx_word' id='word_1_40' title='bbox 770 766 787 825; x_wconf 77' lang='lat' dir='ltr'>a</span> <span class='ocrx_word' id='word_1_41' title='bbox 800 761 967 842; x_wconf 73' lang='lat' dir='ltr'>majoritate</span> <span class='ocrx_word' id='word_1_42' title='bbox 978 762 1085 825; x_wconf 88' lang='lat' dir='ltr'>decre·</span> 
     </span>
     <span class='ocr_line' id='line_1_7' title="bbox 112 859 344 934; baseline -0.013 -17"><span class='ocrx_word' id='word_1_43' title='bbox 112 859 175 917; x_wconf 89' lang='lat' dir='ltr'>lum</span> <span class='ocrx_word' id='word_1_44' title='bbox 189 871 320 934; x_wconf 86' lang='lat' dir='ltr'>sequens</span> <span class='ocrx_word' id='word_1_45' title='bbox 337 872 344 914; x_wconf 94' lang='lat'><strong>:</strong></span> 
     </span>
    </p>

    <p class='ocr_par' dir='ltr' id='par_1_3' title="bbox 118 935 1086 1287">
     <span class='ocr_line' id='line_1_8' title="bbox 154 935 1086 1022; baseline 0.001 -22"><span class='ocrx_word' id='word_1_46' title='bbox 154 965 169 1000; x_wconf 72' lang='grc' dir='ltr'>(ι</span> <span class='ocrx_word' id='word_1_47' title='bbox 191 944 248 1003; x_wconf 93' lang='lat' dir='ltr'>Les</span> <span class='ocrx_word' id='word_1_48' title='bbox 262 942 306 1003; x_wconf 86' lang='lat' dir='ltr'>six</span> <span class='ocrx_word' id='word_1_49' title='bbox 327 941 405 1003; x_wconf 90' lang='lat' dir='ltr'>mois</span> <span class='ocrx_word' id='word_1_50' title='bbox 422 940 558 1022; x_wconf 77' lang='lat' dir='ltr'>expires,</span> <span class='ocrx_word' id='word_1_51' title='bbox 577 959 646 1003; x_wconf 90' lang='lat' dir='ltr'>sans</span> <span class='ocrx_word' id='word_1_52' title='bbox 665 959 725 1022; x_wconf 93' lang='lat' dir='ltr'>que</span> <span class='ocrx_word' id='word_1_53' title='bbox 744 940 771 1002; x_wconf 94' lang='lat' dir='ltr'>le</span> <span class='ocrx_word' id='word_1_54' title='bbox 794 942 874 1020; x_wconf 91' lang='lat' dir='ltr'>Pape</span> <span class='ocrx_word' id='word_1_55' title='bbox 897 939 938 1001; x_wconf 91' lang='lat' dir='ltr'>ait</span> <span class='ocrx_word' id='word_1_56' title='bbox 958 935 1086 1001; x_wconf 77' lang='lat' dir='ltr'>necorde</span> 
     </span>
     <span class='ocr_line' id='line_1_9' title="bbox 118 1027 1084 1110; baseline -0.001 -21"><span class='ocrx_word' id='word_1_57' title='bbox 118 1029 362 1106; x_wconf 78' lang='lat' dir='ltr'>ol’institution,</span> <span class='ocrx_word' id='word_1_58' title='bbox 378 1030 406 1092; x_wconf 92' lang='lat' dir='ltr'>le</span> <span class='ocrx_word' id='word_1_59' title='bbox 429 1029 650 1110; x_wconf 82' lang='lat' dir='ltr'>metropolitain</span> <span class='ocrx_word' id='word_1_60' title='bbox 676 1027 838 1109; x_wconf 91' lang='lat' dir='ltr'>proce&#39;dcra</span> <span class='ocrx_word' id='word_1_61' title='bbox 859 1029 876 1088; x_wconf 79' lang='lat' dir='ltr'>a</span> <span class='ocrx_word' id='word_1_62' title='bbox 898 1027 1084 1090; x_wconf 89' lang='lat' dir='ltr'>l&#39;instilution</span> 
     </span>
     <span class='ocr_line' id='line_1_10' title="bbox 119 1105 1084 1200; baseline 0 -23"><span class='ocrx_word' id='word_1_63' title='bbox 119 1141 134 1177; x_wconf 76' lang='lat' dir='ltr'>a</span> <span class='ocrx_word' id='word_1_64' title='bbox 152 1118 190 1182; x_wconf 87' lang='lat' dir='ltr'>de</span> <span class='ocrx_word' id='word_1_65' title='bbox 205 1105 358 1200; x_wconf 70' lang='lat' dir='ltr'>l’l&#39;jvequc.</span> <span class='ocrx_word' id='word_1_66' title='bbox 374 1112 415 1180; x_wconf 88' lang='lat' dir='ltr'>Le</span> <span class='ocrx_word' id='word_1_67' title='bbox 429 1119 549 1200; x_wconf 80' lang='lat' dir='ltr'>present</span> <span class='ocrx_word' id='word_1_68' title='bbox 563 1118 665 1180; x_wconf 77' lang='lat' dir='ltr'>decret</span> <span class='ocrx_word' id='word_1_69' title='bbox 678 1135 744 1179; x_wconf 88' lang='lat' dir='ltr'>sera</span> <span class='ocrx_word' id='word_1_70' title='bbox 757 1116 872 1179; x_wconf 90' lang='lat' dir='ltr'>soumis</span> <span class='ocrx_word' id='word_1_71' title='bbox 885 1117 902 1178; x_wconf 77' lang='lat' dir='ltr'>a</span> <span class='ocrx_word' id='word_1_72' title='bbox 916 1115 1084 1198; x_wconf 86' lang='lat' dir='ltr'>l’approba-</span> 
     </span>
     <span class='ocr_line' id='line_1_11' title="bbox 121 1206 620 1287; baseline -0.006 -20"><span class='ocrx_word' id='word_1_73' title='bbox 121 1231 134 1267; x_wconf 77' lang='lat' dir='ltr'>a</span> <span class='ocrx_word' id='word_1_74' title='bbox 156 1208 215 1269; x_wconf 92' lang='lat' dir='ltr'>tion</span> <span class='ocrx_word' id='word_1_75' title='bbox 231 1207 316 1270; x_wconf 90' lang='lat' dir='ltr'>ch.</span> <span class='ocrx_word' id='word_1_76' title='bbox 332 1207 364 1269; x_wconf 84' lang='lat' dir='ltr'>S.</span> <span class='ocrx_word' id='word_1_77' title='bbox 380 1207 455 1268; x_wconf 80' lang='lat' dir='ltr'>Pere</span> <span class='ocrx_word' id='word_1_78' title='bbox 467 1206 493 1267; x_wconf 89' lang='lat' dir='ltr'>le</span> <span class='ocrx_word' id='word_1_79' title='bbox 505 1207 620 1287; x_wconf 76' lang='lat' dir='ltr'>Papo.»</span> 
     </span>
    </p>

    <p class='ocr_par' dir='ltr' id='par_1_4' title="bbox 117 1293 1092 1977">
     <span class='ocr_line' id='line_1_12' title="bbox 154 1293 1085 1378; baseline -0.003 -22"><span class='ocrx_word' id='word_1_80' title='bbox 154 1295 233 1357; x_wconf 86' lang='lat' dir='ltr'>Nihil</span> <span class='ocrx_word' id='word_1_81' title='bbox 254 1295 446 1378; x_wconf 79' lang='lat' dir='ltr'>praetermisit</span> <span class='ocrx_word' id='word_1_82' title='bbox 464 1296 597 1376; x_wconf 85' lang='lat' dir='ltr'>Napoleo</span> <span class='ocrx_word' id='word_1_83' title='bbox 615 1294 689 1374; x_wconf 88' lang='lat' dir='ltr'>quin</span> <span class='ocrx_word' id='word_1_84' title='bbox 714 1297 745 1356; x_wconf 91' lang='lat' dir='ltr'>S.</span> <span class='ocrx_word' id='word_1_85' title='bbox 771 1293 970 1368; x_wconf 87' lang='lat' dir='ltr'>Pontificem,</span> <span class='ocrx_word' id='word_1_86' title='bbox 994 1310 1085 1373; x_wconf 89' lang='lat' dir='ltr'>quem</span> 
     </span>
     <span class='ocr_line' id='line_1_13' title="bbox 117 1381 1089 1464; baseline -0.002 -22"><span class='ocrx_word' id='word_1_87' title='bbox 117 1381 269 1446; x_wconf 87' lang='lat' dir='ltr'>detinebat</span> <span class='ocrx_word' id='word_1_88' title='bbox 283 1385 313 1444; x_wconf 95' lang='lat' dir='ltr'>in</span> <span class='ocrx_word' id='word_1_89' title='bbox 325 1383 505 1464; x_wconf 75' lang='lat' dir='ltr'>captivitate,</span> <span class='ocrx_word' id='word_1_90' title='bbox 514 1382 674 1444; x_wconf 87' lang='lat' dir='ltr'>adduceret</span> <span class='ocrx_word' id='word_1_91' title='bbox 683 1383 721 1444; x_wconf 94' lang='lat' dir='ltr'>ad</span> <span class='ocrx_word' id='word_1_92' title='bbox 730 1381 923 1444; x_wconf 84' lang='lat' dir='ltr'>sanciendam</span> <span class='ocrx_word' id='word_1_93' title='bbox 934 1382 1089 1461; x_wconf 89' lang='lat' dir='ltr'>praelatam</span> 
     </span>
     <span class='ocr_line' id='line_1_14' title="bbox 117 1468 1086 1553; baseline -0.002 -23"><span class='ocrx_word' id='word_1_94' title='bbox 117 1471 344 1552; x_wconf 85' lang='lat' dir='ltr'>dispositionem</span> <span class='ocrx_word' id='word_1_95' title='bbox 362 1479 524 1553; x_wconf 88' lang='lat' dir='ltr'>:optatum</span> <span class='ocrx_word' id='word_1_96' title='bbox 543 1471 636 1532; x_wconf 89' lang='lat' dir='ltr'>tinem</span> <span class='ocrx_word' id='word_1_97' title='bbox 655 1489 687 1532; x_wconf 93' lang='lat' dir='ltr'>se</span> <span class='ocrx_word' id='word_1_98' title='bbox 704 1470 823 1550; x_wconf 85' lang='lat' dir='ltr'>assequi</span> <span class='ocrx_word' id='word_1_99' title='bbox 839 1468 1017 1532; x_wconf 81' lang='lat' dir='ltr'>existimavit</span> <span class='ocrx_word' id='word_1_100' title='bbox 1035 1487 1086 1549; x_wconf 88' lang='lat' dir='ltr'>per</span> 
     </span>
     <span class='ocr_line' id='line_1_15' title="bbox 119 1556 1091 1638; baseline -0.003 -18"><span class='ocrx_word' id='word_1_101' title='bbox 119 1559 337 1622; x_wconf 74' lang='lat' dir='ltr'>concordatum</span> <span class='ocrx_word' id='word_1_102' title='bbox 351 1564 389 1623; x_wconf 66' lang='lat'>25</span> <span class='ocrx_word' id='word_1_103' title='bbox 402 1563 520 1638; x_wconf 86' lang='lat' dir='ltr'>januar.</span> <span class='ocrx_word' id='word_1_104' title='bbox 538 1563 627 1635; x_wconf 88' lang='lat' dir='ltr'>l8l3,</span> <span class='ocrx_word' id='word_1_105' title='bbox 642 1560 690 1621; x_wconf 92' lang='lat' dir='ltr'>cui</span> <span class='ocrx_word' id='word_1_106' title='bbox 705 1557 839 1620; x_wconf 80' lang='lat' dir='ltr'>Pontifex</span> <span class='ocrx_word' id='word_1_107' title='bbox 855 1557 962 1619; x_wconf 91' lang='lat' dir='ltr'>morbo</span> <span class='ocrx_word' id='word_1_108' title='bbox 971 1563 1001 1618; x_wconf 93' lang='lat' dir='ltr'>et</span> <span class='ocrx_word' id='word_1_109' title='bbox 1014 1556 1091 1618; x_wconf 77' lang='lat' dir='ltr'>dur&#39;a</span> 
     </span>
     <span class='ocr_line' id='line_1_16' title="bbox 118 1645 1092 1728; baseline -0.003 -20"><span class='ocrx_word' id='word_1_110' title='bbox 118 1648 286 1728; x_wconf 89' lang='lat' dir='ltr'>captivitate</span> <span class='ocrx_word' id='word_1_111' title='bbox 307 1649 498 1723; x_wconf 88' lang='lat' dir='ltr'>debilitatus,</span> <span class='ocrx_word' id='word_1_112' title='bbox 514 1648 701 1728; x_wconf 83' lang='lat' dir='ltr'>subscripsit.</span> <span class='ocrx_word' id='word_1_113' title='bbox 719 1649 757 1707; x_wconf 85' lang='lat' dir='ltr'>At</span> <span class='ocrx_word' id='word_1_114' title='bbox 771 1647 852 1720; x_wconf 81' lang='lat' dir='ltr'>vero,</span> <span class='ocrx_word' id='word_1_115' title='bbox 872 1645 984 1726; x_wconf 90' lang='lat' dir='ltr'>absque</span> <span class='ocrx_word' id='word_1_116' title='bbox 999 1645 1092 1725; x_wconf 73' lang='lat' dir='ltr'>longa</span> 
     </span>
     <span class='ocr_line' id='line_1_17' title="bbox 119 1735 1089 1816; baseline -0.001 -21"><span class='ocrx_word' id='word_1_117' title='bbox 119 1739 214 1814; x_wconf 75' lang='lat' dir='ltr'>mora,</span> <span class='ocrx_word' id='word_1_118' title='bbox 231 1744 334 1799; x_wconf 91' lang='lat' dir='ltr'>contra</span> <span class='ocrx_word' id='word_1_119' title='bbox 349 1737 406 1799; x_wconf 92' lang='lat' dir='ltr'>hoc</span> <span class='ocrx_word' id='word_1_120' title='bbox 421 1736 663 1814; x_wconf 72' lang='lat' dir='ltr'>concordatum,</span> <span class='ocrx_word' id='word_1_121' title='bbox 678 1737 704 1796; x_wconf 94' lang='lat' dir='ltr'>vi</span> <span class='ocrx_word' id='word_1_122' title='bbox 721 1735 736 1796; x_wconf 78' lang='lat' dir='ltr'>a</span> <span class='ocrx_word' id='word_1_123' title='bbox 751 1754 783 1797; x_wconf 90' lang='lat' dir='ltr'>se</span> <span class='ocrx_word' id='word_1_124' title='bbox 800 1741 951 1816; x_wconf 89' lang='lat' dir='ltr'>ereptum,</span> <span class='ocrx_word' id='word_1_125' title='bbox 969 1735 1089 1796; x_wconf 77' lang='lat' dir='ltr'>strenue</span> 
     </span>
     <span class='ocr_line' id='line_1_18' title="bbox 119 1823 1089 1906; baseline 0 -22"><span class='ocrx_word' id='word_1_126' title='bbox 119 1841 152 1885; x_wconf 89' lang='lat' dir='ltr'>ac</span> <span class='ocrx_word' id='word_1_127' title='bbox 165 1826 401 1906; x_wconf 78' lang='lat' dir='ltr'>magnanimiter</span> <span class='ocrx_word' id='word_1_128' title='bbox 412 1823 581 1888; x_wconf 87' lang='lat' dir='ltr'>reclamavit</span> <span class='ocrx_word' id='word_1_129' title='bbox 595 1825 665 1886; x_wconf 87' lang='lat' dir='ltr'>Pius</span> <span class='ocrx_word' id='word_1_130' title='bbox 682 1826 750 1901; x_wconf 88' lang='lat' dir='ltr'>Vll,</span> <span class='ocrx_word' id='word_1_131' title='bbox 767 1823 848 1906; x_wconf 92' lang='lat' dir='ltr'>quod</span> <span class='ocrx_word' id='word_1_132' title='bbox 863 1825 964 1885; x_wconf 77' lang='lat' dir='ltr'>revera</span> <span class='ocrx_word' id='word_1_133' title='bbox 979 1840 1089 1884; x_wconf 79' lang='lat' dir='ltr'>execu-</span> 
     </span>
     <span class='ocr_line' id='line_1_19' title="bbox 119 1911 465 1977; baseline 0.014 -5"><span class='ocrx_word' id='word_1_134' title='bbox 119 1911 234 1975; x_wconf 89' lang='lat' dir='ltr'>tionem</span> <span class='ocrx_word' id='word_1_135' title='bbox 250 1933 311 1976; x_wconf 92' lang='lat' dir='ltr'>non</span> <span class='ocrx_word' id='word_1_136' title='bbox 326 1914 465 1977; x_wconf 91' lang='lat' dir='ltr'>obtinuit.</span> 
     </span>
    </p>

    <p class='ocr_par' dir='ltr' id='par_1_5' title="bbox 158 1997 1091 2084">
     <span class='ocr_line' id='line_1_20' title="bbox 158 1997 1091 2084; baseline -0.001 -22"><span class='ocrx_word' id='word_1_137' title='bbox 158 2001 258 2065; x_wconf 88' lang='lat' dir='ltr'>Hodie</span> <span class='ocrx_word' id='word_1_138' title='bbox 273 2003 304 2064; x_wconf 94' lang='lat' dir='ltr'>in</span> <span class='ocrx_word' id='word_1_139' title='bbox 319 2003 412 2065; x_wconf 79' lang='lat' dir='ltr'>Gallia</span> <span class='ocrx_word' id='word_1_140' title='bbox 425 2005 644 2084; x_wconf 84' lang='lat' dir='ltr'>Episcoporum</span> <span class='ocrx_word' id='word_1_141' title='bbox 658 2001 820 2064; x_wconf 85' lang='lat' dir='ltr'>electiones</span> <span class='ocrx_word' id='word_1_142' title='bbox 834 2000 910 2063; x_wconf 85' lang='lat' dir='ltr'>liunt</span> <span class='ocrx_word' id='word_1_143' title='bbox 921 2001 1007 2080; x_wconf 88' lang='lat' dir='ltr'>juxta</span> <span class='ocrx_word' id='word_1_144' title='bbox 1027 1997 1091 2061; x_wconf 91' lang='lat' dir='ltr'>dis·</span> 
     </span>
    </p>
   </div>
   <div class='ocr_carea' id='block_1_3' title="bbox 30 2088 1093 2170">
    <p class='ocr_par' dir='ltr' id='par_1_6' title="bbox 30 2088 1093 2170">
     <span class='ocr_line' id='line_1_21' title="bbox 30 2088 1093 2170; baseline -0.002 -20"><span class='ocrx_word' id='word_1_145' title='bbox 30 2133 34 2140; x_wconf 79' lang='lat'>·</span> <span class='ocrx_word' id='word_1_146' title='bbox 121 2090 301 2168; x_wconf 89' lang='lat' dir='ltr'>positionem</span> <span class='ocrx_word' id='word_1_147' title='bbox 313 2091 489 2152; x_wconf 83' lang='lat' dir='ltr'>Concordati</span> <span class='ocrx_word' id='word_1_148' title='bbox 501 2091 682 2168; x_wconf 85' lang='lat' dir='ltr'>l8lll‚cujus</span> <span class='ocrx_word' id='word_1_149' title='bbox 692 2088 1093 2170; x_wconf 87' lang='lat' dir='ltr'>articulusquintusinnovat</span> 
     </span>
    </p>
   </div>
   <div class='ocr_carea' id='block_1_4' title="bbox 121 2177 1098 3415">
    <p class='ocr_par' dir='ltr' id='par_1_7' title="bbox 121 2177 1092 2349">
     <span class='ocr_line' id='line_1_22' title="bbox 121 2177 1092 2260; baseline 0.002 -25"><span class='ocrx_word' id='word_1_150' title='bbox 121 2177 150 2236; x_wconf 93' lang='lat' dir='ltr'>in</span> <span class='ocrx_word' id='word_1_151' title='bbox 166 2178 224 2240; x_wconf 81' lang='lat' dir='ltr'>hac</span> <span class='ocrx_word' id='word_1_152' title='bbox 239 2185 322 2260; x_wconf 86' lang='lat' dir='ltr'>parte</span> <span class='ocrx_word' id='word_1_153' title='bbox 339 2179 548 2260; x_wconf 88' lang='lat' dir='ltr'>dispositiones</span> <span class='ocrx_word' id='word_1_154' title='bbox 567 2177 745 2240; x_wconf 79' lang='lat' dir='ltr'>Concordati</span> <span class='ocrx_word' id='word_1_155' title='bbox 764 2177 842 2239; x_wconf 91' lang='lat' dir='ltr'>inter</span> <span class='ocrx_word' id='word_1_156' title='bbox 862 2179 995 2240; x_wconf 91' lang='lat' dir='ltr'>Leonem</span> <span class='ocrx_word' id='word_1_157' title='bbox 1015 2177 1042 2238; x_wconf 90' lang='lat' dir='ltr'>X</span> <span class='ocrx_word' id='word_1_158' title='bbox 1064 2185 1092 2238; x_wconf 89' lang='lat' dir='ltr'>ct</span> 
     </span>
     <span class='ocr_line' id='line_1_23' title="bbox 122 2264 826 2349; baseline 0.003 -25"><span class='ocrx_word' id='word_1_159' title='bbox 122 2264 317 2330; x_wconf 80' lang='lat' dir='ltr'>Frarrciscum</span> <span class='ocrx_word' id='word_1_160' title='bbox 333 2271 346 2329; x_wconf 92' lang='lat' dir='ltr'>l</span> <span class='ocrx_word' id='word_1_161' title='bbox 360 2268 422 2329; x_wconf 93' lang='lat' dir='ltr'>initi</span> <span class='ocrx_word' id='word_1_162' title='bbox 435 2276 484 2344; x_wconf 91' lang='lat' dir='ltr'>,et</span> <span class='ocrx_word' id='word_1_163' title='bbox 498 2268 586 2349; x_wconf 84' lang='lat' dir='ltr'>cujus</span> <span class='ocrx_word' id='word_1_164' title='bbox 599 2275 686 2328; x_wconf 91' lang='lat' dir='ltr'>tenor</span> <span class='ocrx_word' id='word_1_165' title='bbox 700 2266 748 2327; x_wconf 89' lang='lat' dir='ltr'>hic</span> <span class='ocrx_word' id='word_1_166' title='bbox 762 2273 826 2327; x_wconf 86' lang='lat' dir='ltr'>est:</span> 
     </span>
    </p>

    <p class='ocr_par' dir='ltr' id='par_1_8' title="bbox 127 2350 1098 2773">
     <span class='ocr_line' id='line_1_24' title="bbox 164 2350 1096 2438; baseline 0 -24"><span class='ocrx_word' id='word_1_167' title='bbox 164 2377 180 2414; x_wconf 81' lang='lat' dir='ltr'>u</span> <span class='ocrx_word' id='word_1_168' title='bbox 201 2355 314 2419; x_wconf 90' lang='lat' dir='ltr'>Consul</span> <span class='ocrx_word' id='word_1_169' title='bbox 327 2357 446 2418; x_wconf 92' lang='lat' dir='ltr'>Primus</span> <span class='ocrx_word' id='word_1_170' title='bbox 460 2357 496 2418; x_wconf 86' lang='lat' dir='ltr'>ad</span> <span class='ocrx_word' id='word_1_171' title='bbox 512 2355 703 2438; x_wconf 87' lang='lat' dir='ltr'>Episcopales</span> <span class='ocrx_word' id='word_1_172' title='bbox 712 2354 809 2430; x_wconf 76' lang='lat' dir='ltr'>sedeS,</span> <span class='ocrx_word' id='word_1_173' title='bbox 820 2371 889 2435; x_wconf 80' lang='lat' dir='ltr'>quae</span> <span class='ocrx_word' id='word_1_174' title='bbox 899 2351 929 2414; x_wconf 93' lang='lat' dir='ltr'>in</span> <span class='ocrx_word' id='word_1_175' title='bbox 939 2350 1096 2435; x_wconf 76' lang='lat' dir='ltr'>posterum</span> 
     </span>
     <span class='ocr_line' id='line_1_25' title="bbox 127 2441 1097 2522; baseline 0 -20"><span class='ocrx_word' id='word_1_176' title='bbox 127 2465 141 2502; x_wconf 89' lang='lat' dir='ltr'>u</span> <span class='ocrx_word' id='word_1_177' title='bbox 161 2446 353 2521; x_wconf 79' lang='lat' dir='ltr'>vacaverint,</span> <span class='ocrx_word' id='word_1_178' title='bbox 375 2464 468 2507; x_wconf 82' lang='lat' dir='ltr'>novos</span> <span class='ocrx_word' id='word_1_179' title='bbox 488 2444 643 2506; x_wconf 86' lang='lat' dir='ltr'>Antistites</span> <span class='ocrx_word' id='word_1_180' title='bbox 662 2443 849 2516; x_wconf 87' lang='lat' dir='ltr'>nominabit;</span> <span class='ocrx_word' id='word_1_181' title='bbox 872 2441 986 2522; x_wconf 88' lang='lat' dir='ltr'>iisque,</span> <span class='ocrx_word' id='word_1_182' title='bbox 1006 2449 1041 2504; x_wconf 91' lang='lat' dir='ltr'>ut</span> <span class='ocrx_word' id='word_1_183' title='bbox 1064 2443 1097 2502; x_wconf 93' lang='lat' dir='ltr'>in</span> 
     </span>
     <span class='ocr_line' id='line_1_26' title="bbox 127 2529 1098 2614; baseline 0.003 -25"><span class='ocrx_word' id='word_1_184' title='bbox 127 2553 141 2589; x_wconf 84' lang='lat' dir='ltr'>a</span> <span class='ocrx_word' id='word_1_185' title='bbox 162 2533 249 2594; x_wconf 86' lang='lat' dir='ltr'>artic.</span> <span class='ocrx_word' id='word_1_186' title='bbox 266 2533 447 2614; x_wconf 80' lang='lat' dir='ltr'>praecedenti</span> <span class='ocrx_word' id='word_1_187' title='bbox 461 2534 658 2595; x_wconf 90' lang='lat' dir='ltr'>coustitutum</span> <span class='ocrx_word' id='word_1_188' title='bbox 672 2538 731 2608; x_wconf 89' lang='lat' dir='ltr'>est,</span> <span class='ocrx_word' id='word_1_189' title='bbox 745 2531 830 2610; x_wconf 76' lang='lat' dir='ltr'>Juxta</span> <span class='ocrx_word' id='word_1_190' title='bbox 848 2529 959 2592; x_wconf 87' lang='lat' dir='ltr'>formas</span> <span class='ocrx_word' id='word_1_191' title='bbox 974 2530 1098 2592; x_wconf 75' lang='lat' dir='ltr'>relativa</span> 
     </span>
     <span class='ocr_line' id='line_1_27' title="bbox 128 2621 1094 2703; baseline -0.001 -21"><span class='ocrx_word' id='word_1_192' title='bbox 128 2641 142 2677; x_wconf 83' lang='lat' dir='ltr'>u</span> <span class='ocrx_word' id='word_1_193' title='bbox 162 2621 200 2684; x_wconf 89' lang='lat' dir='ltr'>ad</span> <span class='ocrx_word' id='word_1_194' title='bbox 217 2622 326 2683; x_wconf 88' lang='lat' dir='ltr'>Gallias</span> <span class='ocrx_word' id='word_1_195' title='bbox 335 2629 405 2684; x_wconf 88' lang='lat' dir='ltr'>ante</span> <span class='ocrx_word' id='word_1_196' title='bbox 415 2621 845 2703; x_wconf 81' lang='lat' dir='ltr'>regiminiscommutationem</span> <span class='ocrx_word' id='word_1_197' title='bbox 855 2625 990 2698; x_wconf 89' lang='lat' dir='ltr'>statutas,</span> <span class='ocrx_word' id='word_1_198' title='bbox 1004 2625 1094 2703; x_wconf 47' lang='lat' dir='ltr'>Apes*</span> 
     </span>
     <span class='ocr_line' id='line_1_28' title="bbox 128 2709 931 2773; baseline 0.002 -7"><span class='ocrx_word' id='word_1_199' title='bbox 128 2729 143 2766; x_wconf 84' lang='lat' dir='ltr'>u</span> <span class='ocrx_word' id='word_1_200' title='bbox 163 2710 256 2772; x_wconf 88' lang='lat' dir='ltr'>tolica</span> <span class='ocrx_word' id='word_1_201' title='bbox 270 2710 361 2773; x_wconf 86' lang='lat' dir='ltr'>Sedes</span> <span class='ocrx_word' id='word_1_202' title='bbox 374 2712 551 2773; x_wconf 87' lang='lat' dir='ltr'>canonicam</span> <span class='ocrx_word' id='word_1_203' title='bbox 565 2710 648 2772; x_wconf 91' lang='lat' dir='ltr'>dabit</span> <span class='ocrx_word' id='word_1_204' title='bbox 657 2709 931 2771; x_wconf 68' lang='lat' dir='ltr'>institutionem.»</span> 
     </span>
    </p>

    <p class='ocr_par' dir='ltr' id='par_1_9' title="bbox 126 2795 1098 3218">
     <span class='ocr_line' id='line_1_29' title="bbox 162 2795 1098 2880; baseline -0.002 -21"><span class='ocrx_word' id='word_1_205' title='bbox 162 2799 223 2861; x_wconf 87' lang='lat' dir='ltr'>Per</span> <span class='ocrx_word' id='word_1_206' title='bbox 236 2801 321 2862; x_wconf 87' lang='lat' dir='ltr'>artic.</span> <span class='ocrx_word' id='word_1_207' title='bbox 333 2801 403 2861; x_wconf 88' lang='lat' dir='ltr'>verd</span> <span class='ocrx_word' id='word_1_208' title='bbox 415 2803 451 2861; x_wconf 79' lang='lat' dir='ltr'>l&#39;l</span> <span class='ocrx_word' id='word_1_209' title='bbox 466 2806 649 2862; x_wconf 89' lang='lat' dir='ltr'>conventum</span> <span class='ocrx_word' id='word_1_210' title='bbox 658 2798 734 2874; x_wconf 92' lang='lat' dir='ltr'>luit,</span> <span class='ocrx_word' id='word_1_211' title='bbox 750 2807 785 2860; x_wconf 92' lang='lat' dir='ltr'>ut</span> <span class='ocrx_word' id='word_1_212' title='bbox 802 2797 924 2880; x_wconf 84' lang='lat' dir='ltr'>praelata</span> <span class='ocrx_word' id='word_1_213' title='bbox 940 2795 1098 2878; x_wconf 89' lang='lat' dir='ltr'>dispositio</span> 
     </span>
     <span class='ocr_line' id='line_1_30' title="bbox 126 2886 1093 2969; baseline 0 -23"><span class='ocrx_word' id='word_1_214' title='bbox 126 2886 228 2950; x_wconf 91' lang='lat' dir='ltr'>locum</span> <span class='ocrx_word' id='word_1_215' title='bbox 242 2907 303 2950; x_wconf 90' lang='lat' dir='ltr'>non</span> <span class='ocrx_word' id='word_1_216' title='bbox 317 2896 396 2950; x_wconf 89' lang='lat' dir='ltr'>esset</span> <span class='ocrx_word' id='word_1_217' title='bbox 413 2888 552 2951; x_wconf 87' lang='lat' dir='ltr'>habitura</span> <span class='ocrx_word' id='word_1_218' title='bbox 565 2889 597 2949; x_wconf 94' lang='lat' dir='ltr'>in</span> <span class='ocrx_word' id='word_1_219' title='bbox 610 2907 681 2950; x_wconf 89' lang='lat' dir='ltr'>casu</span> <span class='ocrx_word' id='word_1_220' title='bbox 696 2906 756 2968; x_wconf 85' lang='lat' dir='ltr'>quo</span> <span class='ocrx_word' id='word_1_221' title='bbox 770 2887 885 2969; x_wconf 83' lang='lat' dir='ltr'>clr&#39;quis</span> <span class='ocrx_word' id='word_1_222' title='bbox 901 2906 938 2948; x_wconf 83' lang='lat' dir='ltr'>eac</span> <span class='ocrx_word' id='word_1_223' title='bbox 955 2905 1093 2948; x_wconf 85' lang='lat' dir='ltr'>successo-</span> 
     </span>
     <span class='ocr_line' id='line_1_31' title="bbox 126 2976 1094 3057; baseline -0.002 -21"><span class='ocrx_word' id='word_1_224' title='bbox 126 2976 208 3038; x_wconf 77' lang='lat' dir='ltr'>ribus</span> <span class='ocrx_word' id='word_1_225' title='bbox 217 2977 320 3038; x_wconf 84' lang='lat' dir='ltr'>Primi</span> <span class='ocrx_word' id='word_1_226' title='bbox 327 2977 644 3040; x_wconf 79' lang='lat' dir='ltr'>Coarulr&#39;scatlrolc&#39;ccm</span> <span class='ocrx_word' id='word_1_227' title='bbox 653 2976 889 3057; x_wconf 78' lang='lat' dir='ltr'>relr&#39;pionemnon</span> <span class='ocrx_word' id='word_1_228' title='bbox 897 2979 1094 3057; x_wconf 80' lang='lat' dir='ltr'>profiteretur.</span> 
     </span>
     <span class='ocr_line' id='line_1_32' title="bbox 128 3062 1098 3147; baseline -0.003 -21"><span class='ocrx_word' id='word_1_229' title='bbox 128 3066 242 3130; x_wconf 81' lang='lat' dir='ltr'>Similia</span> <span class='ocrx_word' id='word_1_230' title='bbox 252 3066 436 3129; x_wconf 85' lang='lat' dir='ltr'>Concordata</span> <span class='ocrx_word' id='word_1_231' title='bbox 445 3085 515 3128; x_wconf 92' lang='lat' dir='ltr'>cum</span> <span class='ocrx_word' id='word_1_232' title='bbox 526 3066 662 3147; x_wconf 91' lang='lat' dir='ltr'>pluribus</span> <span class='ocrx_word' id='word_1_233' title='bbox 671 3066 736 3127; x_wconf 90' lang='lat' dir='ltr'>aliis</span> <span class='ocrx_word' id='word_1_234' title='bbox 749 3065 851 3146; x_wconf 81' lang='lat' dir='ltr'>regnis</span> <span class='ocrx_word' id='word_1_235' title='bbox 860 3062 1015 3126; x_wconf 92' lang='lat' dir='ltr'>catholicis</span> <span class='ocrx_word' id='word_1_236' title='bbox 1024 3063 1098 3126; x_wconf 78' lang='lat' dir='ltr'>inita</span> 
     </span>
     <span class='ocr_line' id='line_1_33' title="bbox 128 3153 558 3218; baseline 0.007 -4"><span class='ocrx_word' id='word_1_237' title='bbox 128 3153 249 3218; x_wconf 87' lang='lat' dir='ltr'>luerunt</span> <span class='ocrx_word' id='word_1_238' title='bbox 259 3158 337 3218; x_wconf 81' lang='lat' dir='ltr'>ass,</span> <span class='ocrx_word' id='word_1_239' title='bbox 352 3153 558 3217; x_wconf 86' lang='lat' dir='ltr'>Pontificibus.</span> 
     </span>
    </p>

    <p class='ocr_par' dir='ltr' id='par_1_10' title="bbox 129 3241 1098 3415">
     <span class='ocr_line' id='line_1_34' title="bbox 167 3241 1098 3326; baseline -0.011 -18"><span class='ocrx_word' id='word_1_240' title='bbox 167 3248 238 3308; x_wconf 72' lang='lat'>263.</span> <span class='ocrx_word' id='word_1_241' title='bbox 254 3245 376 3321; x_wconf 84' lang='lat' dir='ltr'>Quaerit.</span> <span class='ocrx_word' id='word_1_242' title='bbox 387 3249 419 3306; x_wconf 73' lang='lat'>2⁰</span> <span class='ocrx_word' id='word_1_243' title='bbox 434 3243 479 3305; x_wconf 85' lang='lat' dir='ltr'>lld</span> <span class='ocrx_word' id='word_1_244' title='bbox 489 3263 579 3326; x_wconf 92' lang='lat' dir='ltr'>quem</span> <span class='ocrx_word' id='word_1_245' title='bbox 590 3244 738 3324; x_wconf 90' lang='lat' dir='ltr'>pertineat</span> <span class='ocrx_word' id='word_1_246' title='bbox 747 3241 871 3305; x_wconf 89' lang='lat' dir='ltr'>Collatio</span> <span class='ocrx_word' id='word_1_247' title='bbox 880 3241 1098 3304; x_wconf 80' lang='lat' dir='ltr'>beneficiorum</span> 
     </span>
     <span class='ocr_line' id='line_1_35' title="bbox 129 3331 870 3415; baseline -0.007 -19"><span class='ocrx_word' id='word_1_248' title='bbox 129 3343 158 3396; x_wconf 88' lang='lat' dir='ltr'>et</span> <span class='ocrx_word' id='word_1_249' title='bbox 171 3334 339 3396; x_wconf 88' lang='lat' dir='ltr'>officiorum</span> <span class='ocrx_word' id='word_1_250' title='bbox 354 3352 422 3415; x_wconf 85' lang='lat' dir='ltr'>quae</span> <span class='ocrx_word' id='word_1_251' title='bbox 436 3335 452 3394; x_wconf 79' lang='lat' dir='ltr'>a</span> <span class='ocrx_word' id='word_1_252' title='bbox 467 3333 635 3395; x_wconf 84' lang='lat' dir='ltr'>Praelaturis</span> <span class='ocrx_word' id='word_1_253' title='bbox 649 3332 762 3394; x_wconf 85' lang='lat' dir='ltr'>diversa</span> <span class='ocrx_word' id='word_1_254' title='bbox 778 3331 870 3392; x_wconf 80' lang='lat' dir='ltr'>sunt?</span> 
     </span>
    </p>
   </div>
   <div class='ocr_carea' id='block_1_5' title="bbox 131 3572 1099 3852">
    <p class='ocr_par' dir='ltr' id='par_1_11' title="bbox 131 3572 1099 3852">
     <span class='ocr_line' id='line_1_36' title="bbox 160 3572 1083 3640; baseline -0.005 -13"><span class='ocrx_word' id='word_1_255' title='bbox 160 3581 167 3607; x_wconf 74' lang='lat' dir='ltr'>r</span> <span class='ocrx_word' id='word_1_256' title='bbox 184 3577 229 3627; x_wconf 81' lang='lat' dir='ltr'>illo</span> <span class='ocrx_word' id='word_1_257' title='bbox 241 3583 278 3627; x_wconf 90' lang='lat' dir='ltr'>est</span> <span class='ocrx_word' id='word_1_258' title='bbox 293 3577 419 3627; x_wconf 76' lang='lat' dir='ltr'>referenda</span> <span class='ocrx_word' id='word_1_259' title='bbox 431 3574 565 3640; x_wconf 86' lang='lat' dir='ltr'>propositio</span> <span class='ocrx_word' id='word_1_260' title='bbox 579 3573 619 3633; x_wconf 82' lang='lat'>50,</span> <span class='ocrx_word' id='word_1_261' title='bbox 631 3573 655 3622; x_wconf 92' lang='lat' dir='ltr'>in</span> <span class='ocrx_word' id='word_1_262' title='bbox 672 3572 770 3638; x_wconf 69' lang='lat' dir='ltr'>Syllabo</span> <span class='ocrx_word' id='word_1_263' title='bbox 783 3573 896 3623; x_wconf 89' lang='lat' dir='ltr'>damnata</span> <span class='ocrx_word' id='word_1_264' title='bbox 911 3589 938 3623; x_wconf 76' lang='lat' dir='ltr'>:a</span> <span class='ocrx_word' id='word_1_265' title='bbox 953 3573 1023 3624; x_wconf 89' lang='lat' dir='ltr'>Laica</span> <span class='ocrx_word' id='word_1_266' title='bbox 1037 3587 1083 3622; x_wconf 86' lang='lat' dir='ltr'>auc</span> 
     </span>
     <span class='ocr_line' id='line_1_37' title="bbox 131 3643 1097 3713; baseline -0.005 -18"><span class='ocrx_word' id='word_1_267' title='bbox 131 3665 141 3695; x_wconf 81' lang='grc' dir='ltr'>ι</span> <span class='ocrx_word' id='word_1_268' title='bbox 159 3647 246 3698; x_wconf 82' lang='lat' dir='ltr'>toritas</span> <span class='ocrx_word' id='word_1_269' title='bbox 264 3648 339 3698; x_wconf 85' lang='lat' dir='ltr'>habet</span> <span class='ocrx_word' id='word_1_270' title='bbox 356 3663 399 3713; x_wconf 88' lang='lat' dir='ltr'>per</span> <span class='ocrx_word' id='word_1_271' title='bbox 417 3661 444 3697; x_wconf 84' lang='lat' dir='ltr'>se</span> <span class='ocrx_word' id='word_1_272' title='bbox 459 3647 499 3712; x_wconf 79' lang='lat' dir='ltr'>jus</span> <span class='ocrx_word' id='word_1_273' title='bbox 516 3645 678 3710; x_wconf 79' lang='lat' dir='ltr'>praesentandi</span> <span class='ocrx_word' id='word_1_274' title='bbox 698 3643 848 3709; x_wconf 81' lang='lat' dir='ltr'>Episcopus,</span> <span class='ocrx_word' id='word_1_275' title='bbox 869 3651 892 3695; x_wconf 88' lang='lat' dir='ltr'>el</span> <span class='ocrx_word' id='word_1_276' title='bbox 909 3651 989 3710; x_wconf 84' lang='lat' dir='ltr'>potest</span> <span class='ocrx_word' id='word_1_277' title='bbox 1007 3643 1037 3694; x_wconf 91' lang='lat' dir='ltr'>ab</span> <span class='ocrx_word' id='word_1_278' title='bbox 1051 3643 1097 3692; x_wconf 76' lang='lat' dir='ltr'>tttn</span> 
     </span>
     <span class='ocr_line' id='line_1_38' title="bbox 133 3714 1099 3784; baseline -0.006 -18"><span class='ocrx_word' id='word_1_279' title='bbox 133 3737 142 3766; x_wconf 78' lang='grc' dir='ltr'>ι</span> <span class='ocrx_word' id='word_1_280' title='bbox 160 3719 260 3784; x_wconf 74' lang='lat' dir='ltr'>exigere</span> <span class='ocrx_word' id='word_1_281' title='bbox 266 3716 536 3769; x_wconf 81' lang='lat' dir='ltr'>ulincantdioecesium</span> <span class='ocrx_word' id='word_1_282' title='bbox 545 3716 752 3780; x_wconf 86' lang='lat' dir='ltr'>procurationem,</span> <span class='ocrx_word' id='word_1_283' title='bbox 760 3723 891 3781; x_wconf 87' lang='lat' dir='ltr'>antequam</span> <span class='ocrx_word' id='word_1_284' title='bbox 902 3715 945 3781; x_wconf 88' lang='lat' dir='ltr'>ipsi</span> <span class='ocrx_word' id='word_1_285' title='bbox 955 3714 1099 3765; x_wconf 85' lang='lat' dir='ltr'>canonicam</span> 
     </span>
     <span class='ocr_line' id='line_1_39' title="bbox 134 3787 916 3852; baseline -0.013 -12"><span class='ocrx_word' id='word_1_286' title='bbox 134 3808 142 3834; x_wconf 85' lang='grc' dir='ltr'>ι</span> <span class='ocrx_word' id='word_1_287' title='bbox 161 3789 253 3840; x_wconf 77' lang='lat' dir='ltr'>dSedc</span> <span class='ocrx_word' id='word_1_288' title='bbox 262 3789 441 3841; x_wconf 81' lang='lat' dir='ltr'>institutionem</span> <span class='ocrx_word' id='word_1_289' title='bbox 456 3794 482 3839; x_wconf 80' lang='lat' dir='ltr'>at</span> <span class='ocrx_word' id='word_1_290' title='bbox 493 3787 641 3852; x_wconf 82' lang='lat' dir='ltr'>apostolicas</span> <span class='ocrx_word' id='word_1_291' title='bbox 656 3787 749 3837; x_wconf 84' lang='lat' dir='ltr'>litteras</span> <span class='ocrx_word' id='word_1_292' title='bbox 760 3788 889 3850; x_wconf 87' lang='lat' dir='ltr'>accipiant.</span> <span class='ocrx_word' id='word_1_293' title='bbox 907 3805 916 3830; x_wconf 73' lang='grc' dir='ltr'>ι</span> 
     </span>
    </p>
   </div>
   <div class='ocr_carea' id='block_1_6' title="bbox 0 0 1311 4224">
    <p class='ocr_par' dir='ltr' id='par_1_12' title="bbox 0 0 1311 4224">
     <span class='ocr_line' id='line_1_40' title="bbox 0 0 1311 4224; baseline 0 0"><span class='ocrx_word' id='word_1_294' title='bbox 0 0 1311 4224; x_wconf 95' lang='lat' dir='ltr'> </span> 
     </span>
    </p>
   </div>
  </div>
 </body>
</html>
