2590 4214
495 210 582 255 mem
603 210 722 256 ramus.
1040 198 1097 257 reo

131 331 146 366 a
166 325 202 369 ex
220 307 319 370 verbis
338 310 403 370 Divi
429 311 641 390 Augustini...,
666 310 761 373 Nemo
785 316 923 394 ipoorot,
937 312 1101 394 Episcopos

129 419 143 456 a
166 397 310 460 Ecclesiis
330 397 513 462 Salvatorem
537 399 721 474 instincta&
743 399 806 481 ipse
830 402 909 464 enim
924 395 1102 485 potusquom

163 485 249 550 ccelos
261 487 445 564 ascenderet,
460 489 612 570 imponens
625 508 729 550 monos
742 489 897 571 Apostoiis,
914 491 1044 553 instituit
1056 509 1102 554 cos

163 577 344 658 Episcopos,
359 586 387 640 et
401 575 568 653 ordioooit3
584 584 686 639 tamen
698 580 891 641 communior
904 580 1009 661 opinio
1022 586 1102 642 tanet

165 665 263 728 solum
280 665 403 728 Petrum
415 665 507 728 tuisse
521 667 695 728 immediati
710 667 747 728 ab
762 667 828 748 ipso
842 668 957 730 Christo
971 670 1102 731 Domino

165 753 350 836 Episcopum
373 761 583 817 consecratum
605 753 741 836 (quando
760 756 802 818 itti
823 757 921 820 dixit:
939 758 1102 820 Posceooos

164 861 253 905 meos.
272 843 353 906 idem
372 841 415 926 (v⁰
429 844 646 926 Episcopatus,
658 853 691 905 n⁰
706 843 752 927 8.)
765 845 1018 918 Beitarminus...‚
1029 849 1103 910 Tur·

166 937 382 1010 recremata...,
394 932 578 1009 Barbosa...,
592 932 813 1014 Henriquez...,
826 937 1005 1015 Fagnan...,
1016 941 1045 998 et
1056 937 1103 998 ato

129 1043 145 1080 u
166 1021 315 1102 passim...
331 1023 363 1084 S.
380 1023 486 1083 Petrus
501 1021 575 1082 aiios
591 1022 750 1102 Apostolos
766 1023 797 1084 in
811 1025 977 1106 Episcopos
991 1043 1084 1088 conse

130 1134 145 1169 a
165 1110 277 1185 aravit,
293 1109 455 1191 exquibus
470 1110 560 1191 primi
582 1109 705 1172 fuerunt
720 1111 773 1172 filii
786 1113 913 1176 Zebedei
932 1103 1091 1178 Jacobuse

130 1223 144 1258 a
165 1201 459 1280 ioannes,quorum
469 1201 640 1262 interventu
650 1199 726 1262 facta
736 1199 791 1264 fuit
804 1205 1093 1267 consecratioiacnb

128 1312 143 1344 o
167 1287 280 1368 Alphaei
295 1287 326 1348 in
340 1287 524 1369 Episcopum
540 1289 860 1371 Hierosolymitanum.
876 1292 948 1375 Cap.
964 1293 1090 1356 Porro't

128 1403 141 1434 u
165 1376 235 1440 disi.
251 1381 300 1440 66.
322 1398 338 1436 ))

170 1504 187 1545 c
205 1485 326 1546 Inter...
348 1481 542 1565 (Theologos)
558 1484 762 1546 communiter
776 1487 918 1548 convenit
933 1505 1035 1549 veram
1054 1505 1087 1548 sa

128 1573 314 1637 «crementi
338 1572 487 1635 rationem
512 1573 690 1653 participare
717 1572 970 1655 Episcopatum...
991 1575 1025 1637 Id
1039 1594 1086 1638 ess

129 1687 144 1721 n
167 1662 277 1744 pariter
300 1680 334 1723 ex
360 1659 420 1722 tide
440 1659 569 1722 affirmat
592 1663 697 1723 Petrus
711 1662 835 1739 Soio...,
851 1663 1019 1726 autsaltem
1042 1683 1081 1726 no
1183 1708 1185 1711 ψ

126 1775 144 1810 a
166 1769 274 1835 posse,
286 1751 352 1813 sine
366 1749 500 1832 periculo
514 1756 545 1810 et
559 1750 656 1832 gravis
670 1751 781 1812 erroris
794 1753 880 1821 notit,
895 1751 954 1814 hoc
966 1757 1086 1832 tempor

122 1866 144 1899 n
167 1839 287 1922 negari,
301 1845 440 1902 asserunt
455 1839 574 1901 Medina
587 1844 618 1901 et
632 1841 775 1921 Vasquez.
792 1861 807 1899 t)
827 1839 954 1922 (Bened.
970 1841 1088 1920 XIV,It

122 1929 215 2014 Spu,
232 1929 284 1991 lib.
299 1931 331 2004 8,
345 1947 412 2010 cap.
426 1933 457 2006 9,
472 1938 506 1989 u⁰
519 1927 571 2011 li.)

165 2050 235 2110 587.
259 2045 382 2119 Quaerit.
407 2048 440 2105 1⁰
464 2047 510 2107 An
534 2045 730 2127 Episcopatus
746 2047 784 2108 sit
804 2047 879 2110 ordo
900 2047 1060 2113 distinctus
1074 2060 1102 2112 et

121 2141 349 2201 sacramentum
362 2134 539 2197 distinctum
553 2137 569 2196 t
583 2134 817 2216 presbyteratu?

165 2244 255 2324 Resp.
286 2243 361 2304 Cum
387 2244 419 2305 S.
451 2240 592 2322 Lignorio
622 2240 686 2320 (tib.
713 2243 743 2317 6,
772 2241 805 2302 n⁰
831 2241 903 2322 ⁵138)
925 2259 934 2304 t
959 2243 1101 2323 «Negant

128 2356 144 2394 ι
165 2333 198 2396 S.
223 2331 376 2405 Thomas,
397 2332 427 2393 S.
453 2331 664 2392 Bonaventura
689 2333 720 2390 et
744 2329 815 2390 atii:
833 2329 885 2391 sed
910 2331 1106 2393 communius

125 2445 143 2478 n
165 2417 535 2494 affirmantBeilarminus,
545 2417 749 2498 Tournely...:
760 2423 827 2480 tum
837 2418 907 2498 quia
918 2419 949 2480 in
963 2419 1028 2498 ipso
1042 2426 1086 2479 tra

125 2534 142 2570 a
164 2510 245 2572 ditur
258 2507 417 2571 distinctus
431 2513 566 2570 caracter
580 2512 610 2567 et
623 2504 761 2586 specialis
783 2513 914 2586 potestas
928 2506 965 2568 ad
980 2506 1090 2568 Eucha-

125 2622 142 2656 o
164 2598 294 2672 ristiam,
306 2597 418 2678 nempe
432 2594 634 2659 constituendi
646 2594 737 2673 huius
747 2596 924 2656 sacramenti
938 2596 1090 2658 ministros

125 2713 141 2747 o
164 2694 230 2749 tum
245 2685 316 2768 quia
330 2684 410 2748 Ordo
424 2684 623 2766 Episcopattrs
637 2682 791 2746 confertur
805 2701 860 2764 per
880 2701 1029 2745 mannum
1044 2685 1102 2746 im·

124 2802 141 2836 a
164 2776 345 2858 positionem
359 2779 390 2837 et
404 2793 458 2855 per
473 2773 602 2835 sormam
619 2771 752 2854 :Accipe
769 2770 921 2854 Spiritum
944 2773 1098 2844 Sanctam,

126 2890 141 2925 a
163 2872 221 2927 eto.
237 2865 299 2926 Nec
313 2862 391 2924 valet
404 2862 506 2925 dicere
518 2861 621 2943 quod,
638 2861 662 2922 si
678 2861 877 2942 Episcopatus
891 2869 970 2923 esset
982 2863 1101 2925 distinc·
1201 2920 1203 2924 .

122 2979 140 3014 a
162 2960 210 3017 tus
223 2951 317 3029 ordo,
334 2957 436 3034 posset
458 2951 625 3033 Episcopus
643 2949 739 3010 valide
761 2951 867 3011 saltem
885 2949 1018 3010 ordinari
1033 2950 1101 3014 ticet

126 3069 140 3102 a
162 3061 224 3105 non
238 3047 317 3104 esset
330 3040 489 3115 sacerd0s3
507 3057 578 3100 nam
592 3036 793 3118 respondetur
806 3037 888 3118 quoti
904 3037 961 3099 hoc
976 3037 1099 3100 ordina-

124 3158 140 3191 «
161 3132 243 3196 tione
257 3129 357 3192 divini
371 3129 553 3210 requiritur,
569 3127 647 3188 sicut
664 3124 827 3206 requiritur
840 3132 875 3188 ut
887 3125 925 3186 sit
937 3125 1098 3208 baptizatus

123 3249 139 3282 n
160 3220 288 3303 quivult
301 3216 495 3296 confirmari,
510 3222 563 3279 aut
576 3213 721 3277 ordinari.
744 3234 761 3274 o

160 3335 243 3401 Ultra
262 3332 360 3417 pergit
381 3334 515 3394 Perrone
535 3330 566 3392 in
585 3327 650 3392 suis
668 3327 807 3393 Proeiect.
825 3326 915 3390 ticol.
939 3326 1043 3406 (tract.
1055 3329 1098 3392 lta

122 3423 209 3501 Orci„
224 3433 260 3486 n⁰
273 3426 324 3502 78)
338 3421 443 3484 dicens
456 3419 539 3504 quod
558 3418 755 3493 «sententia,
772 3434 856 3480 nunc
869 3417 1013 3498 temporis
1025 3437 1097 3480 com·

123 3538 138 3575 u
158 3514 299 3576 munisct
312 3513 432 3573 manino
447 3508 587 3587 tenendo,
611 3515 655 3571 est
673 3507 891 3590 Episcopotopr
913 3513 943 3567 et
965 3504 1097 3570 ordinem

123 3626 138 3664 a
158 3622 215 3665 esse
231 3603 325 3685 specie
341 3600 511 3662 distinctum
526 3598 543 3660 ἀ
556 3597 779 3682 presbyteratu,
795 3607 824 3662 et
837 3607 1061 3664 innormatum.
1077 3625 1093 3660 o

117 3695 156 3756 Et
179 3693 211 3754 in
235 3690 306 3754 noto
326 3689 440 3770 (ibini,
464 3690 503 3753 de
526 3689 674 3753 sententio
689 3689 825 3771 oppositi
839 3688 933 3752 dicit:
955 3690 1098 3753 «nedum
