2590 4214
104 285 121 342 l
503 306 589 350 tinen
609 303 726 348 suiuus.
1048 289 1103 346 117

101 392 262 506 trimum,
274 405 407 485 tuteris,
426 406 572 470 curatoris
583 414 632 466 aut
647 403 849 486 procuratoris
859 403 1064 486 pupillorum
1080 408 1109 466 et

102 525 107 582 r
103 481 359 579 qualecumque
374 493 506 557 officium
528 493 685 556 ministerii
701 491 813 573 publici
827 511 864 554 ex
876 511 937 572 quo
950 497 1111 554 teneantur

102 583 268 646 rationes
293 582 420 645 reddere
444 583 482 644 de
503 583 616 662 justitie
638 581 685 642 vel
710 580 748 642 de
772 579 859 642 bonis
885 579 1109 643 administratis.

101 659 154 744 fu
176 673 273 736 Nemo
295 671 532 733 militansDeop
539 670 669 750 ‚inquit
694 669 877 750 Apostolus,
902 668 1112 748 simplicatsc

137 781 156 822 ι
177 759 305 840 negotiis
315 759 518 822 saecularibus
535 758 592 840 »(3
605 757 643 819 ad
654 757 848 820 Timotheum
852 774 936 838 ‚.oap
951 760 981 832 3,
992 775 1021 818 v
1028 758 1073 833 4)

107 852 123 860 ”
181 845 311 911 Possunt
330 839 433 910 tamen
452 865 517 910 esse
540 845 797 910 administratores
816 844 995 908 locorum
966 862 1107 926 prorum,

137 942 191 1000 aut
216 936 315 998 viduae
345 942 397 998 aut
421 937 527 1018 pupilli
557 934 740 1015 indigentis:
762 953 798 996 ex
822 951 889 1014 cap.
916 931 1112 1010 Peruenitl,

138 1044 168 1088 c.
179 1027 231 1101 21,
245 1045 276 1106 q.
293 1029 322 1099 1;
339 1043 374 1086 ac
387 1041 454 1106 cap.
471 1023 640 1086 Indaeorum
654 1030 685 1102 5,
701 1024 829 1088 disttld.

179 1111 321 1176 illicitum
335 1114 406 1176 vend
417 1119 462 1175 est
471 1113 588 1174 clericis
602 1113 845 1194 procurationem
859 1131 963 1194 gerere
977 1129 1116 1194 porsonoe

140 1200 294 1263 saecularis
305 1201 428 1282 privatae
441 1219 501 1262 non
510 1202 697 1275 miserabilis,
710 1219 780 1264 cum
793 1201 974 1282 obligatione
984 1201 1115 1264 rationes

141 1285 310 1351 reddendi:
325 1307 391 1370 cap.
410 1287 472 1352 Sed
483 1309 534 1350 nec
544 1295 576 1367 1,
590 1290 639 1352 Ne
649 1289 753 1353 clerici
771 1289 817 1352 uel
825 1307 903 1352 mon.

183 1375 408 1439 Consuetudine
431 1385 533 1439 autem
560 1377 719 1440 inductum
734 1376 814 1454 fuit,
843 1383 877 1439 ut
899 1375 1001 1440 clerici
1016 1377 1117 1441 officio

141 1464 328 1539 canceltarii,
345 1465 512 1527 Consiliarii
528 1513 537 1541 ‚
567 1465 630 1528 imd
643 1474 675 1529 et
694 1464 804 1544 Judicis
819 1464 850 1526 in
866 1465 966 1527 causis
978 1465 1116 1548 civilibus

142 1551 228 1634 fungi
242 1553 369 1634 possint.

184 1643 297 1703 Auctor
309 1642 380 1704 verb
394 1640 529 1706 Proelect.
544 1641 579 1704 S.
593 1641 736 1725 Sulpitr‘r',
749 1650 782 1704 n⁰
792 1645 867 1717 320,
881 1661 896 1700 r
909 1659 968 1702 noo
980 1640 1117 1704 arbitra·

147 1752 162 1788 ι
186 1737 236 1790 tur
249 1729 434 1792 contrariom
448 1750 505 1792 esse
521 1730 690 1812 disciplinae
700 1730 937 1793 ecclesiastico...
956 1775 964 1804 ,
979 1728 1005 1792 si
1016 1730 1117 1794 clerici

147 1842 162 1873 a
184 1818 573 1900 comitiismunicipiorum,
586 1817 1118 1900 autprovinciaeinteriuerint,modo

147 1929 161 1964 a
185 1924 246 1968 non
259 1914 414 1969 assumant
427 1907 594 1988 gestionem
608 1925 711 1970 rerum
723 1907 947 1988 temporalium,
957 1923 1014 1970 nec
1026 1912 1119 1970 caete·

147 2017 162 2054 c
184 1994 405 2076 roquindesint
418 1993 523 2058 officiis
537 1997 667 2078 propriis
681 1996 726 2060 sui
740 1997 845 2080 status.
859 2017 875 2056 n

183 2083 270 2160 Etsi,
294 2089 328 2144 ut
346 2083 496 2158 diximus,
514 2085 647 2148 officium
662 2086 875 2148 advocatorum
884 2083 1001 2146 clericis
1014 2083 1117 2166 prohi-

142 2171 271 2248 beatur,
294 2171 366 2252 ipsis
384 2177 486 2235 tamen
502 2174 648 2236 advocare
673 2175 742 2236 licet
755 2191 810 2255 pro
823 2172 972 2246 Ecclesit,
994 2173 1040 2234 rel
1063 2191 1118 2254 pro

141 2260 280 2342 personis
290 2261 460 2340 conjunctis
473 2262 550 2324 intra
564 2268 706 2343 quartum
722 2261 848 2342 gradum
865 2309 873 2337 ,
891 2266 944 2324 aut
954 2279 1010 2342 pro
1024 2261 1118 2324 mise-

140 2347 285 2411 rabilibus
298 2349 446 2429 personis,
463 2350 606 2430 orphanis
620 2369 730 2432 nempe
743 2358 773 2413 et
791 2350 889 2413 viduis
903 2349 956 2431 qui
975 2349 1118 2412 defenso·

138 2455 208 2500 rem
223 2455 285 2498 non
299 2437 480 2502 invenirent.

182 2525 287 2588 Clerici
302 2531 404 2588 autem
414 2527 446 2588 in
456 2526 624 2590 minoribus
637 2527 717 2590 licite
728 2531 866 2610 possunt,
878 2525 910 2588 in
920 2543 1117 2608 quocumque

141 2614 209 2677 loro
225 2631 353 2691 ,causas
366 2614 468 2678 civiles
478 2617 555 2679 tueri
570 2664 578 2692 ‚
594 2625 623 2678 et
635 2617 726 2678 etiam
741 2617 800 2678 reis
814 2617 845 2677 in
854 2615 1120 2697 criminalibuspa·

140 2702 295 2766 trocinari.
317 2703 473 2766 Monachis
493 2705 676 2786 permissum
696 2711 762 2780 est,
788 2723 826 2769 err
839 2703 961 2767 licentia
973 2703 1118 2785 Praelati,

140 2809 248 2856 causas
262 2791 340 2854 tueri
354 2795 540 2856 monasterii.

182 2879 261 2942 Olim
276 2879 377 2942 clerici
391 2880 422 2942 in
433 2881 548 2961 judicio
562 2884 660 2964 (secus
674 2891 757 2949 extra
768 2880 945 2965 iudicium),
961 2900 1024 2944 non
1036 2885 1120 2964 pote-

141 2974 210 3034 rant
223 2969 326 3047 jurare
348 2968 496 3033 laicorum
517 2989 621 3049 more,
645 2974 698 3036 sed
722 2976 855 3036 nuncet
877 2970 934 3050 ipsi
956 2969 1060 3047 iurent
1083 2967 1126 3033 dt

140 3055 309 3134 culumm'd,
324 3057 418 3120 modo
431 3077 502 3121 cum
517 3061 605 3122 venit
619 3063 651 3124 S.
667 3060 822 3122 Pontideis
837 3056 862 3118 si
879 3055 1020 3136 Episcopi
1037 3055 1116 3134 sint3

140 3162 214 3210 cum
226 3145 314 3208 venit
326 3151 429 3208 autem
442 3148 555 3228 proprii
573 3149 740 3226 Antistius,
756 3147 781 3210 si
799 3145 858 3208 sint
878 3143 980 3206 clerici
997 3142 1119 3207 interio-

141 3251 251 3297 res.--
213 3235 330 3296 -Hoc
346 3233 424 3296 inter
436 3235 563 3298 clericos
576 3244 605 3298 et
619 3236 712 3300 laicos
729 3234 894 3298 discrimen
912 3231 1056 3313 estquod
1071 3231 1117 3294 isli

140 3323 243 3399 tectis,
257 3321 300 3383 illi
315 3323 388 3385 verb
399 3324 559 3405 propositis
568 3325 854 3408 evangelrrsjurant

180 3414 251 3474 611.
265 3412 354 3473 -ll.
381 3411 484 3486 Quoad
502 3421 612 3476 urtesr
636 3414 833 3513 prohibentur
852 3407 1117 3486 macellariorum,

140 3498 417 3577 tabernariorum,
407 3501 622 3580 joculatorum,
633 3521 765 3584 quorum
777 3502 868 3563 etiam
882 3497 961 3561 ludis
973 3497 1118 3560 interesse

141 3593 290 3652 vetantur.
307 3587 464 3665 (Clamant.
481 3589 677 3665 Hammonis,
693 3591 738 3654 De
751 3588 815 3653 vitet
828 3597 856 3651 et
865 3587 1013 3650 honestate
1025 3585 1117 3648 clera

141 3675 273 3757 corum.)

182 3766 258 3826 Item
267 3761 454 3829 medicorum
465 3775 515 3830 aut
528 3767 751 3847 chirurgorum,
764 3766 816 3832 ubi
825 3785 902 3847 opus
916 3771 961 3828 est
971 3761 1119 3826 incisione
