2616 4228
490 246 584 290 curra
605 247 792 294 raouuntn.
1096 243 1114 299 3

140 343 225 406 tilioe
238 343 316 420 latta,
332 344 384 405 sed
399 344 488 404 etiarn
499 343 579 424 leges
594 344 759 426 legatorum
771 364 826 426 pro
835 346 1116 430 oiruumsoriptione

140 431 282 514 ipsorum
295 431 471 513 legationis,
487 431 607 496 decreta
620 433 819 497 conciliorum
836 435 898 497 sive
918 437 1116 500 nationalium

139 521 207 584 sivo
217 520 460 598 provincialium,
470 527 579 584 statuta
589 513 770 597 dioeoes'ana,
779 529 809 584 et
821 523 1014 587 Praelatorunr
1029 523 1135 610 regu-¹

140 608 275 690 luriunt,
296 615 349 673 aut
374 609 594 692 cujuscumque
618 610 859 693 jurisdictionem
883 613 1115 677 eeclesiasticam

143 697 279 778 legitime
293 698 483 780 possidentis.

184 791 214 850 6.
237 789 502 865 Jusoanonieurn‚
517 795 607 869 prout
622 789 747 852 seientia
761 797 816 866 est,
832 797 956 853 vocatur
964 791 1117 874 jurisprn·

144 874 244 938 atentia
258 877 408 951 canoniea,
427 882 456 938 et
470 878 550 938 recte
564 877 708 940 delinitur
722 879 754 940 in
769 879 872 941 stricto
887 898 980 942 sensu
996 899 1004 940 τ
1019 881 1114 942 seien-

146 964 190 1026 tio
204 964 303 1046 lepram
326 965 586 1028 ecclesiastieorum
599 968 776 1029 auctoritate
791 970 887 1050 Papo
901 969 1114 1051 firmaturum

144 1053 242 1116 latiori
261 1055 334 1117 vero
361 1073 473 1117 sensu:
496 1055 622 1118 seientia
640 1057 737 1138 lepram
764 1057 1025 1120 ecelesiasticorum
1054 1078 1114 1119 om·

141 1163 237 1206 naum.

184 1237 215 1295 ⁵1.
238 1231 481 1314 Jurisprudentia
494 1233 640 1296 canonico
654 1233 753 1298 differt
767 1236 856 1298 sivea
869 1235 1039 1316 theologie,
1056 1237 1114 1299 siva

141 1321 310 1386 &scientio
331 1322 409 1400 juris
435 1323 608 1401 naturalis,
635 1323 697 1387 sive
723 1323 997 1406 ajurisprudentia
1024 1324 1113 1387 civili.

113 1483 116 1488 Ι
144 1409 265 1472 Etenim
292 1412 324 1472 l·
350 1411 488 1491 quamvis
514 1411 668 1491 ohjeotum
696 1413 849 1476 materiale
871 1412 1116 1494 jurisprudentiae

140 1499 301 1563 oenonioae
319 1498 400 1561 idem
424 1499 478 1571 sit,
503 1519 558 1581 pro
577 1502 691 1580 majore
710 1505 756 1564 sut
780 1510 884 1584 parte,
904 1521 940 1564 ao
962 1502 1116 1582 objectum

146 1588 300 1650 materiale
313 1587 489 1669 theologiae,
513 1595 643 1650 attamen
654 1590 818 1652 formaliter
829 1597 858 1652 et
870 1591 902 1651 in
917 1591 1046 1651 essentie
1059 1587 1116 1649 dil-

145 1674 247 1738 terunt
261 1675 338 1737 inter
348 1695 380 1738 se
390 1676 541 1756 theologia
555 1683 583 1738 et
591 1678 828 1758 jurisprudentia
842 1678 987 1739 canoniea
1003 1695 1011 1737 :
1027 1676 1116 1738 theo-

145 1763 226 1844 logia
241 1767 325 1828 enirn
342 1771 388 1827 est
413 1765 536 1826 seientia
553 1784 620 1846 qnae
641 1765 785 1827 de'sonrrit
807 1786 844 1828 en
865 1765 1026 1847 principiis
1045 1764 1118 1847 fidei

143 1853 225 1914 eirea
240 1854 334 1915 Deum
346 1861 376 1915 et
386 1853 468 1914 cirea
481 1853 636 1934 euquoead
648 1855 740 1916 Deam
748 1855 848 1938 aliquo
858 1855 938 1916 modo
944 1855 1114 1936 pertinent.

141 1941 222 2004 dum
235 1941 472 2023 jurisprudentia
484 1943 631 2004 canonica
644 1950 689 2004 est
708 1944 831 2004 seientia
842 1944 937 2024 lepnrn
956 1944 1112 2006 ecelesias-

142 2031 286 2108 ticorum,
301 2032 363 2094 sive
375 2031 597 2109 omnium,sivo
614 2050 716 2094 earum
730 2035 848 2095 tanthm
862 2052 931 2114 quae
941 2032 1116 2094 auctoritate

145 2119 433 2204 Papaelirrnantur¹;
446 2129 476 2182 et
491 2121 535 2182 sio
547 2121 655 2182 iteruin
666 2121 804 2182 2⁰differt
820 2121 870 2182 illa
881 2120 1116 2202 jurisprudentia

140 2211 162 2271 ὲ
177 2210 302 2273 scientia
320 2210 399 2291 juris
413 2209 556 2272 naturalis
570 2226 638 2290 quae
652 2217 696 2272 est
715 2211 844 2291 eopnitio
856 2210 994 2271 ordinata
1004 2210 1117 2290 repula-

144 2319 212 2361 rnm
230 2317 297 2382 qnae
320 2299 384 2380 ipset
411 2319 511 2360 rernm
539 2299 649 2360 naturai
670 2299 855 2380 snnduntnr;
884 2306 914 2360 et
932 2303 963 2360 3ο
979 2299 1077 2359 differt
1101 2295 1117 2360 {a

141 2388 379 2471 jurisprudentia
392 2388 482 2468 civili,
496 2390 584 2468 eujus
595 2387 749 2470 objectum
764 2393 835 2449 sunt
844 2388 925 2467 leges
939 2390 956 2448 a
971 2393 1117 2468 potestate

140 2479 222 2543 oivili
250 2477 376 2540 firmatae
400 2497 469 2560 quae
493 2477 608 2556 directe
631 2495 687 2557 pro
711 2476 771 2537 line
789 2476 902 2538 habent
924 2476 1116 2540 solummodo

141 2567 260 2631 honum
274 2568 439 2648 temporale
453 2566 576 2643 nivium,
587 2566 661 2628 diunt
671 2565 751 2646 leges
761 2565 971 2628 ecclesiastieae
986 2584 1040 2646 pro
1054 2565 1115 2628 fine

142 2657 259 2720 habent
272 2657 387 2718 bonum
401 2655 554 2738 spirituale
568 2655 703 2717 fidolium
719 2660 1032 2736 aeternamqueeorun
1044 2653 1114 2716 hea-

141 2747 315 2810 titudinem.

181 2839 212 2901 8.
233 2838 282 2898 lll.
306 2837 361 2899 Jus
378 2835 560 2897 canonicum
581 2833 740 2896 dividitur:
754 2838 785 2896 l⁰
799 2835 829 2896 in
852 2834 996 2915 seriptum
1015 2839 1115 2894 elnon

140 2926 295 3008 miptnm.
307 2923 495 2986 Traditiones
515 2931 545 2985 et
562 2923 797 2986 consuetudines
810 2924 871 2987 vim
884 2923 958 3004 legis
972 2921 1115 2985 hahentes

142 3015 331 3077 constituunt
343 3015 390 3090 jus
402 3031 464 3074 non
479 3013 635 3093 scriptum.

172 3251 181 3278 ¹
198 3243 360 3306 Quantumvis
370 3243 483 3293 differant
493 3243 558 3292 inter
568 3257 595 3294 se
608 3241 732 3307 theologia
745 3247 769 3294 et
779 3242 881 3292 scientia
891 3242 1018 3301 canoniea,
1028 3247 1115 3292 mutuo

143 3321 225 3367 tameo
236 3317 277 3367 tut
289 3305 393 3366 invicem
407 3313 499 3364 auxilio
514 3313 640 3379 indigent,
655 3328 701 3364 neo
713 3328 762 3364 una
775 3313 806 3364 ah
823 3313 900 3364 alterii
912 3312 1020 3375 separari
1035 3317 1116 3378 potest

144 3389 196 3440 aina
208 3387 319 3454 periculo
333 3404 339 3417 ·
354 3404 365 3434 e
378 3385 541 3450 'theologiam
553 3385 567 3435 d
580 3385 717 3435 canonibus
730 3384 872 3445 excludere,
886 3383 920 3434 uit
932 3383 1026 3435 Garson
1039 3387 1067 3450 (t.
1080 3396 1113 3445 tt,

145 3475 157 3507 t
173 3475 197 3525 p.
211 3458 267 3520 ott,
277 3474 301 3509 v.
313 3457 348 3522 Ξ),
358 3457 420 3506 nihil
432 3455 499 3506 aliud
509 3463 546 3507 est
558 3456 630 3522 quim
643 3471 703 3506 suos
715 3455 762 3506 sihi
775 3455 861 3506 oeulos
869 3454 988 3506 evellere:
1001 3455 1115 3506 similiter

146 3535 281 3582 «oenones
299 3529 363 3580 velle
382 3528 508 3578 destruere
530 3536 568 3580 est
586 3542 677 3592 eorpus
692 3527 818 3591 proprium
836 3526 1008 3577 ecclesiastieae
1023 3525 1114 3591 politica

147 3619 158 3649 ι
174 3601 317 3653 deformiter
330 3598 468 3650 habituara.
487 3599 601 3658 Quaerere
612 3597 693 3664 qualis
709 3597 810 3648 seientia
824 3597 879 3663 plus
895 3598 1023 3663 expediat,
1036 3610 1123 3646 evan--

148 3691 154 3714 ⁴
172 3673 250 3739 gelida
262 3671 301 3723 vel
311 3670 440 3729 aaronica,
453 3676 491 3720 est
500 3684 609 3736 querere
619 3669 686 3735 quod
695 3668 719 3718 iu
730 3683 833 3733 corpora
843 3668 980 3719 membrum
991 3667 1021 3716 ad
1032 3665 1112 3716 diren-

152 3755 154 3762 ·
173 3744 264 3796 tionem
276 3757 346 3794 suam
359 3742 415 3806 plus
428 3741 560 3806 exponitur
571 3741 609 3791 vel
622 3739 710 3790 oculus
725 3739 764 3790 vel
777 3739 876 3803 aliquod
890 3739 1001 3788 aliorum.
1018 3757 1027 3782 ι
