2548 4216
204 303 263 360 208
473 309 627 360 aerumna
647 307 730 354 runis
751 306 899 354 canonici.

203 407 330 470 mesdeo
339 409 539 486 confirmare3
554 409 625 470 ilem
641 404 698 486 ipsi
707 403 779 465 licet
791 401 974 466 confirmare
981 405 1074 467 etiam
1090 407 1121 469 in
1134 408 1179 474 die

207 497 396 560 noniesiivo

244 588 313 647 423.
338 586 459 658 Ouaerit.
477 591 509 650 l·
529 589 576 647 An
591 591 620 647 ei
638 580 736 664 qualis
749 579 787 641 sit
800 578 945 660 obligatio
961 583 1181 666 Episcopomm

205 681 428 737 ¹<aeramentum
443 671 689 738 confirmationis
702 667 960 731 administrandi?

244 765 334 844 Resp.
351 763 473 826 Certum
488 769 533 826 est
553 760 634 843 apud
650 775 759 822 omnes
772 756 901 838 graviter
916 776 1043 839 peecare
1061 762 1182 843 Episco-

207 868 294 930 pum,
311 852 335 913 si
356 851 447 934 longo
463 857 599 932 tempore
616 865 677 910 non
695 845 875 922 confirmet,
896 846 967 927 quia
980 847 1121 913 subditos
1137 855 1181 914 in·

206 940 286 1019 genii
309 939 391 1002 bono
408 940 513 1022 privat.
535 937 623 1003 Unde
643 937 727 1016 juxla
741 936 773 997 S.
793 933 916 1014 Lignor.
937 933 1010 1015 (ilc,
1036 949 1072 999 ῃ·
1093 944 1179 1020 175):

211 1049 225 1082 r
247 1028 411 1109 Episcopus
432 1035 589 1090 tenerur...
611 1025 671 1088 suis
685 1022 819 1104 repensis
838 1023 1001 1085 circumire
1015 1025 1056 1087 ad
1074 1028 1180 1090 confir-

210 1138 226 1171 u
247 1116 411 1192 mendum,
435 1123 469 1181 ut
491 1117 556 1178 Pai.
581 1120 610 1177 et
633 1111 741 1188 (boia,
763 1111 816 1192 qui
837 1117 938 1172 tamen
962 1114 1096 1196 excipit,
1117 1135 1184 1179 curn-

212 1204 363 1280 «Gob...‚
388 1205 445 1266 nisi
471 1205 509 1266 sit
531 1201 715 1266 rationabilis
738 1199 927 1262 consuetudo
950 1219 1102 1282 expensas
1125 1207 1180 1268 eri-

212 1313 227 1346 «
247 1292 349 1372 gendi.
377 1293 456 1356 Hinc
476 1293 549 1354 dicit
571 1291 695 1353 Croix...
716 1306 840 1368 peccare
858 1289 987 1368 graviter
1001 1293 1181 1374 Episcopum

164 1446 169 1455 x
213 1381 301 1462 oqui
315 1400 369 1463 per
391 1385 411 1446 8
428 1381 474 1444 vel
497 1386 535 1445 10
558 1398 655 1442 annos
676 1377 810 1440 differret
827 1377 987 1440 circumire
1008 1381 1119 1444 saltem
1136 1401 1183 1465 per

213 1491 228 1527 r
248 1469 313 1532 loca
332 1471 535 1552 praecipna...‚
551 1469 608 1530 nisi
624 1473 745 1530 excuset
759 1465 881 1527 moralis
898 1466 1128 1546 impossibilitas
1137 1491 1147 1547 ;
1161 1473 1181 1533 si

213 1581 227 1616 c
248 1566 351 1621 autem
365 1559 441 1621 adsit
460 1559 659 1638 insincerum,
675 1573 737 1616 non
752 1559 856 1636 peccat
874 1555 926 1636 qui
946 1555 1047 1620 differt
1061 1577 1117 1641 per
1130 1563 1182 1622 tres

215 1668 230 1706 r
250 1649 297 1709 vel
314 1648 416 1729 plnres
429 1666 567 1709 annos»
1253 1711 1254 1714 ,

251 1739 298 1796 An
309 1744 412 1817 peccet
427 1735 554 1818 graviter
568 1734 736 1815 Episcopus
749 1751 811 1793 non
824 1732 1010 1796 confirmans
1025 1737 1180 1800 moribun-

210 1821 284 1884 dum
309 1823 486 1904 petentem?
506 1857 544 1870 -
568 1821 804 1884 Controvertitnr
826 1827 857 1882 et
880 1821 1038 1902 probabile
1068 1833 1182 1889 estnec
1253 1831 1254 1842 ¹

210 1913 300 1972 etiarn
310 1912 410 1974 inhoc
420 1912 525 1974 adesse
537 1909 830 1993 peecatumveniale,
841 1909 881 1970 ob
895 1909 1182 1991 incommoditaiem,
1253 1921 1254 1926 ’

212 2005 242 2060 et
255 2001 371 2080 praxim
386 2019 591 2063 communem.
1252 1935 1254 2092 i

250 2090 340 2151 iuxta
361 2088 583 2151 Caieobismum
601 2090 772 2148 Romanum
790 2085 839 2166 (1⁴2⁰
856 2086 925 2168 18),
946 2089 1045 2152 minius
1069 2090 1184 2174 enpedit

211 2177 294 2257 qudd
319 2183 542 2240 sacramentum
568 2175 811 2237 confirmationis
835 2176 937 2256 pueris
963 2177 1186 2242 administretur

212 2273 280 2329 ante
296 2285 387 2330 usum
401 2265 534 2328 rationis.
556 2267 692 2341 «Quare,
705 2264 820 2345 inquit,
836 2265 861 2326 si
875 2263 1079 2330 duodecimus
1094 2288 1185 2331 annus

217 2355 455 2438 «expectandus
478 2354 714 2432 mundemur,
738 2352 899 2434 usquead
920 2355 1090 2434 septimum
1114 2359 1185 2420 cern

217 2467 233 2504 o
252 2445 309 2507 hoc
324 2449 548 2508 sacramentum
562 2442 683 2504 differre
697 2442 829 2504 maxime
841 2443 1020 2506 convenii.»
1040 2447 1080 2506 Et
1095 2447 1126 2508 in
1141 2449 1185 2508 sud

213 2535 336 2596 Constit.
358 2531 575 2614 Bacuenses,
593 2530 708 2593 Bened.
728 2533 794 2593 xlv
811 2530 884 2592 dicit
897 2530 955 2592 hoc
968 2534 1185 2597 consultissimis
1248 2555 1250 2562 ‘

212 2621 333 2683 decretis
344 2631 463 2684 courum
478 2639 545 2682 esse.

254 2712 374 2771 Certum
387 2716 432 2771 est
445 2715 547 2770 tamen
563 2707 643 2790 apud
658 2725 764 2770 omnes
778 2707 859 2770 licite
872 2709 1049 2773 confirmari
1065 2713 1185 2776 insanies
1246 2729 1247 2734 ¹

215 2807 283 2859 anie
295 2817 383 2860 usum
398 2797 541 2873 rationis,
559 2798 583 2860 si
595 2798 684 2880 Justae
699 2795 967 2873 ascensurorum,
984 2818 1101 2883 nempe
1115 2802 1184 2884 peri-

214 2888 318 2950 culum
332 2887 447 2961 mortis,
464 2889 598 2951 absentia
610 2887 769 2971 Episcopi,
785 2904 859 2948 usus
872 2885 903 2946 in
918 2887 1021 2970 aliquo
1035 2889 1107 2954 loco
1119 2891 1185 2954 eris

214 2983 292 3055 tens,
308 2983 397 3058 prout
412 2976 442 3038 in
453 2977 597 3059 Hispania
608 2983 637 3039 et
651 2975 730 3060 apud
746 2977 865 3036 Graecos
876 2995 884 3052 ;
897 2975 922 3036 si
936 2975 1007 3038 verb
1020 2997 1087 3042 non
1097 2980 1184 3042 adsini

213 3085 313 3129 cnusae
328 3065 517 3148 hujusmodi,
532 3065 620 3128 bodie
636 3065 766 3146 amplius
781 3082 842 3126 non
857 3064 925 3127 iicet
939 3065 982 3127 sic
996 3067 1182 3130 confirmare.

214 3157 257 3216 lta
271 3155 393 3237 praefata
408 3155 533 3218 constit.
551 3154 663 3216 Bened.
680 3155 747 3216 XIV
761 3152 834 3215 anni
850 3155 939 3215 1745.

255 3245 353 3306 Etiam
368 3243 540 3305 amentibus
554 3241 748 3304 Confirmatio
760 3248 804 3303 est
820 3242 1004 3305 conferenda
1015 3290 1024 3320 ,
1033 3245 1119 3326 juxta
1133 3247 1184 3307 Be·

216 3334 287 3397 ned.
303 3333 382 3404 xlv,
397 3331 470 3393 ibid.
485 3350 493 3391 ι
506 3338 551 3393 est
565 3348 748 3406 commune,
764 3329 864 3412 inquit
882 3331 913 3394 S.
933 3331 1078 3414 Lignum,
1094 3333 1144 3396 lib.
1158 3337 1183 3406 6,

217 3426 337 3486 n0180.

256 3515 290 3572 ln
309 3513 364 3573 sua
377 3509 539 3590 Encyolica
565 3509 637 3572 Etsi
654 3507 775 3570 minimi
795 3509 867 3570 anni
882 3513 980 3588 1742,
997 3511 1112 3574 Bened.
1126 3511 1184 3574 XIV

215 3599 301 3681 jubet
314 3606 348 3661 ut
362 3597 503 3680 Episcopi
518 3603 661 3661 moneant
674 3597 833 3680 parochos,
844 3598 950 3680 eisque
962 3597 1105 3662 distincte
1120 3615 1185 3680 prae·

218 3688 332 3766 cipiant
344 3705 383 3747 ne
398 3688 466 3767 quis
475 3705 582 3750 eorum
593 3685 764 3749 schedulam
776 3686 1021 3750 Confirmationis
1035 3688 1073 3751 iis
1086 3687 1183 3762 tradat,

219 3775 271 3850 cui
285 3774 418 3854 graviora
433 3774 502 3834 fidei
518 3776 614 3852 capita
628 3781 659 3836 et
672 3777 851 3838 sacramenti
866 3777 926 3837 vim
937 3777 1090 3856 ignorant.
