2548 4216
485 280 571 324 tincta
592 279 708 330 PRIMUS·
1025 269 1082 327 365

115 395 131 433 c
151 376 184 436 in
203 377 240 439 iis
253 380 415 458 requiritur
433 378 557 441 scientia
570 377 662 456 quam
683 376 715 438 in
732 377 861 460 simplici
875 378 1041 443 sacerdote.
1063 401 1079 440 s

111 463 228 526 Forum
244 465 376 549 benefic,
395 487 423 546 p.
444 471 473 542 l,
489 485 520 547 q.
537 467 606 528 ato.

150 557 220 618 aut.
238 557 360 627 Quaerit.
378 559 410 617 3⁰
428 557 493 628 Oult
513 553 610 616 lormt
630 551 831 616 constituendi
856 554 917 617 sint
935 557 1100 637 parochi‘l·

150 644 241 725 Resp.
256 649 345 708 Juxta
359 645 527 708 Concilium
538 643 748 706 Tridentinum
761 644 845 721 (sess.
862 648 911 720 hl,
928 664 955 707 c.
975 650 1023 720 18,
1039 647 1083 712 De

108 731 260 814 reseram),
287 733 487 797 instituendus
504 739 548 795 est
568 750 735 795 concursus
758 730 790 793 in
813 751 874 814 quo
890 735 1081 802 examinandi

109 829 182 883 sunt
192 823 355 900 candidati,
367 830 397 886 et
406 822 535 904 digniori
550 826 668 903 reperto
681 819 822 901 parochia
835 828 878 883 est
887 822 1080 887 conferenda.

109 911 171 972 Sed
189 911 260 974 edm
279 913 344 976 haec
362 913 420 992 lex,
437 915 454 974 a
475 919 610 993 tempore
629 909 808 972 Concordati
828 913 901 974 l80l
926 931 1023 994 usque
1045 913 1084 977 ad
1174 971 1177 981 ,

108 1007 290 1080 praesentem
313 1002 407 1079 dienr,
434 1018 591 1082 nunquam
618 998 699 1082 apud
722 1017 778 1062 nos
801 997 890 1062 luerit
917 999 1081 1080 observata,

108 1089 257 1169 quaeritur
276 1109 314 1152 an
333 1088 436 1152 revera
454 1090 492 1151 de
513 1089 581 1170 J'ure
599 1089 630 1150 in
649 1087 743 1152 (tallia
764 1106 826 1150 non
846 1087 980 1168 obliget?
993 1123 1030 1136 -
1046 1092 1081 1152 Ι).

107 1177 220 1256 Bouix,
237 1178 267 1240 in
283 1198 337 1242 suo
355 1185 482 1241 tractatu
496 1177 542 1240 De
555 1178 688 1242 Peracto
705 1175 748 1258 (p.
769 1178 924 1260 aaa-361),
941 1179 1084 1259 expendit

106 1266 206 1330 varias
221 1270 350 1331 rationes
364 1288 433 1351 quae
451 1287 506 1350 pro
524 1274 552 1330 et
567 1274 672 1330 contra
694 1265 802 1329 adduci
824 1273 967 1348 possunt3
983 1275 1023 1345 et,
1039 1271 1085 1331 sat

106 1356 190 1419 clare
204 1359 330 1440 probato
349 1358 431 1440 quod
453 1376 551 1441 neque
568 1358 586 1419 a
604 1354 791 1419 concordata
805 1374 904 1435 neque
923 1358 940 1417 h
958 1374 1084 1420 consue·

105 1445 216 1510 tudine
236 1448 353 1512 sublata
372 1447 461 1510 fuerit
479 1445 622 1529 praedicta
643 1445 692 1506 lex
712 1445 743 1504 in
767 1443 942 1523 regionibus
962 1447 1082 1525 nostris,

105 1535 232 1598 undem
247 1537 290 1600 sic
307 1536 481 1600 concludit:
503 1534 681 1616 «Expositis
699 1531 770 1594 hinc
789 1532 860 1594 inde
878 1533 1081 1598 rationibus...

112 1648 127 1682 u
149 1625 244 1688 fateor
266 1645 396 1690 menon
418 1625 529 1688 audere
543 1626 575 1686 iu
593 1641 626 1685 re
647 1623 709 1683 tam
731 1621 813 1702 gravi
829 1621 997 1702 quidquam
1013 1641 1083 1686 con·

111 1739 127 1774 u
149 1714 282 1779 cludere.
307 1719 410 1780 Unum
430 1714 574 1778 duntaxat
597 1709 749 1774 annotabo
768 1709 938 1772 :nimirum
958 1709 1083 1774 difficul-

111 1830 126 1864 (ι
148 1810 223 1867 tates
242 1805 305 1868 illus
328 1813 357 1867 et
371 1802 609 1886 pertimescenda
628 1796 842 1873 incommoda,
858 1799 972 1879 quaein
992 1803 1083 1866 causa

111 1919 126 1952 c
148 1911 214 1956 esse
233 1900 397 1976 potuerunt
419 1912 484 1967 cur,
510 1890 615 1972 prImis
634 1893 702 1969 post
720 1886 943 1950 concordatum
960 1893 1083 1971 tempo·

110 2006 125 2041 u
147 1981 242 2061 ribus,
262 1982 462 2065 praetermissa
478 1979 567 2042 luerit
582 1974 749 2041 concursixs
766 1975 863 2038 forma
877 1975 977 2042 adhuc
991 1979 1089 2043 ctiam

110 2095 125 2130 ι(
148 2069 224 2134 forth
245 2090 282 2134 ex
302 2079 385 2154 parte
400 2087 589 2151 perseverare
607 2087 614 2129 ε
631 2072 664 2129 ut
682 2065 757 2128 adeo
777 2065 888 2128 mirum
909 2066 1003 2129 videri
1020 2085 1082 2131 non

110 2159 274 2236 udeheat,
300 2161 467 2223 etiamnum
491 2156 613 2221 retineri
641 2155 758 2237 praxim
780 2154 882 2228 illam,
911 2153 965 2216 etsi
993 2154 1079 2235 forth,

102 2263 126 2310 'c
148 2268 248 2331 neque
266 2251 293 2312 vi
315 2249 511 2326 concordati,
528 2264 626 2328 nequo
645 2244 674 2306 vi
692 2237 921 2306 consuetudinis
935 2243 1005 2304 salis
1019 2250 1081 2308 tuta

110 2363 126 2400 u
148 2339 345 2402 existimetur.
359 2340 481 2402 Certum
497 2338 580 2398 enim
592 2339 637 2397 est
649 2352 710 2396 non
726 2331 859 2412 obligare
873 2329 973 2411 legem
988 2332 1080 2395 eccle·

109 2452 125 2488 u
146 2429 308 2506 siasticam,
321 2447 389 2510 quae
403 2427 449 2489 vel
470 2425 554 2488 nullo
568 2421 672 2498 modo,
688 2421 734 2484 vel
748 2418 870 2482 nonnisi
883 2437 954 2481 cum
970 2437 1081 2502 magno

109 2541 125 2576 c
147 2517 342 2580 incommodo
357 2524 387 2580 et
400 2516 570 2579 animarum
585 2512 778 2585 detrimento,
794 2507 834 2571 oh
848 2507 1012 2590 peculiares
1024 2509 1081 2572 cir·

108 2629 124 2665 a
146 2609 341 2668 cumslantias
353 2604 502 2669 observari
516 2608 623 2685 potest.
639 2623 655 2660 n

146 2698 218 2759 502.
241 2696 363 2767 Quaerit.
383 2698 416 2757 4⁰
434 2692 593 2768 Quomodo
607 2687 782 2754 removendi
801 2687 861 2749 sint
878 2686 1001 2767 parochi
1018 2688 1079 2753 siva

103 2784 291 2858 amoribiles,
307 2785 368 2847 sive
380 2782 540 2866 perpetui?

145 2875 235 2956 Resp.
255 2877 310 2936 Pro
325 2873 474 2935 solutione
494 2871 585 2951 hujus
601 2868 686 2932 duhii
704 2866 772 2930 vide
791 2884 881 2947 supra
899 2865 978 2929 dicta
993 2864 1075 2949 (307,

101 2965 172 3034 308,
198 2967 267 3042 313)
280 2971 309 3026 et
324 2969 462 3024 nostrum
477 2959 627 3036 Manuale,
643 2960 732 3030 6337,
743 2957 833 3032 6353,
847 2959 937 3032 6570,
952 2962 1009 3016 etc.

144 3054 215 3114 503.
240 3053 362 3125 Ouaerit.
378 3055 412 3112 5⁰
425 3054 533 3115 Utrum
547 3062 576 3111 et
590 3046 785 3128 quandonam
800 3042 892 3105 dandi
910 3043 969 3104 sint
983 3043 1078 3106 coad-

98 3141 217 3225 jutores
236 3142 264 3205 ei
285 3141 338 3222 qul
359 3139 498 3204 Officium
516 3134 645 3220 parochi
663 3132 763 3195 debite
783 3149 845 3193 non
867 3136 964 3214 potest
983 3131 1078 3194 adim·

99 3228 234 3400 neptes}
256 3323 279 3382 l.
303 3323 360 3384 Per
376 3320 579 3400 coadjutorem
596 3308 731 3396 parochi,
747 3306 923 3389 intelligitur
938 3306 1077 3371 sacerdos

100 3408 169 3492 qui,
183 3409 333 3472 Ordinarii
354 3409 544 3483 auctoritate,
559 3422 596 3467 ex
618 3399 718 3464 causis
736 3399 753 3461 a
772 3398 840 3477 jure
857 3395 1074 3476 determinatis,

100 3497 265 3579 deputatur
277 3499 314 3561 ad
327 3498 532 3562 auxiliandum
547 3490 679 3576 parocho
691 3489 723 3550 in
737 3483 878 3550 exercitio
889 3502 971 3549 curae
983 3490 1077 3567 pasto·

99 3585 186 3650 ralis.
202 3587 404 3670 Distinguilur
422 3590 439 3650 h
456 3583 586 3667 simplici
601 3577 726 3654 vicario,
742 3575 811 3658 quia
825 3575 897 3652 iste,
912 3573 980 3655 iure
994 3590 1076 3636 com·

100 3668 718 3752 muni,assumiturhunrochoobnimiam
727 3663 830 3748 populi
840 3661 1074 3738 multitudinem,

100 3771 156 3828 aut
178 3763 219 3825 ob
236 3766 309 3828 alias
328 3747 449 3839 causam
472 3761 630 3840 coadjutor
648 3755 719 3820 neth
737 3753 914 3819 auctoritate
931 3746 1082 3814 Ordinarh
