2616 4228
197 228 215 285 Β
469 231 618 276 arsurum
639 231 720 276 tuuis
741 234 890 280 ctaohtct.

199 331 304 396 residet
319 333 350 393 in
360 327 527 413 pastoribus
541 335 574 388 ut
588 347 678 408 neque
690 328 731 388 ad
747 349 791 390 eos
802 351 857 410 per
874 330 974 412 fideles
995 328 1172 412 perveniat,
1287 365 1288 368 =

197 442 288 505 neque
302 423 334 482 in
347 439 397 482 sua
410 415 550 480 coercitio
563 415 687 496 pendeat
699 417 717 477 d
730 417 861 498 fidelium
876 425 1020 482 consensu.

238 510 385 573 Probatur
398 527 435 570 ex
451 505 535 568 Bulla
549 507 702 567 Auctorem
716 506 787 586 fidei
807 515 876 570 11⁰2
892 529 900 572 ι
917 507 1083 590 Propositio
1103 525 1174 586 quae

204 625 217 659 a
238 592 339 662 statuit
350 604 521 679 potestatem
537 595 554 654 ὰ
570 594 629 656 lieo
643 593 740 654 dotans
754 597 916 672 Ecclesia,
931 605 966 659 ut
979 595 1174 658 communica·
1260 621 1264 624 ·

203 713 218 748 u
239 697 325 752 retur
339 683 511 752 Pastorilus
523 681 578 766 qui
588 691 655 744 sunt
664 682 728 763 ejus
741 685 876 748 ministri
882 706 938 768 pro
950 686 1046 748 salute
1054 685 1173 764 aninsu-

203 803 216 836 ο
237 797 317 854 rum,
331 778 374 838 sic
385 774 586 846 intellectuat
597 773 836 836 acommunitate
847 775 984 837 fidelium
995 775 1176 835 inPastores

203 891 215 924 u
236 867 389 928 derivetur
400 859 593 924 ecclesiastici
609 859 765 922 ministerii
787 880 823 924 aa
841 863 998 944 regiminis
1017 867 1173 943 potestas:

203 978 216 1010 u
238 989 276 1002 -
292 952 439 1014 taretia.
463 971 478 1012 a
1049 1029 1053 1034 ἱ

189 1049 193 1060 ’
238 1045 277 1103 Et
291 1051 325 1102 n⁰
340 1045 357 1102 3
372 1061 378 1101 :
395 1061 410 1099 a
425 1043 551 1116 Insuper
565 1055 633 1118 quta
648 1038 747 1100 statuit
757 1040 919 1102 itomanam
930 1040 1107 1122 Pontificem
1118 1059 1176 1100 csse

205 1155 217 1187 u
238 1139 326 1214 caput
345 1127 563 1204 ministeriale,
580 1126 623 1187 sic
644 1127 789 1208 explicato
804 1136 836 1190 ut
850 1131 1006 1191 Romanus
1025 1127 1174 1202 Pontifex,
1287 1131 1288 1138 ’

198 1215 218 1278 ai
241 1239 300 1280 non
316 1221 332 1280 a
348 1215 504 1300 Christoin
520 1217 649 1295 persona
665 1217 697 1276 B.
713 1217 805 1288 Petri,
817 1217 870 1279 sed
881 1218 918 1280 ah
932 1217 1068 1279 Ecclesia
1079 1222 1178 1297 potes-

191 1331 218 1378 ζα
242 1313 332 1368 tatem
347 1305 490 1384 accipiat,
507 1305 566 1384 qut
582 1303 662 1364 vetut
677 1305 754 1366 Petri
770 1323 945 1382 successor,
960 1323 1049 1368 verus
1068 1303 1176 1367 Christi
1287 1299 1288 1302 ’

205 1422 217 1452 a
241 1395 370 1457 vicarius
384 1412 419 1454 ao
432 1393 524 1458 totius
537 1391 680 1454 uoctesiae
694 1401 802 1474 caput,
818 1395 908 1475 pollet
919 1394 949 1455 in
964 1393 1097 1458 Ecclesia
1114 1412 1122 1454 ε
1137 1427 1178 1438 -

205 1509 219 1542 u
240 1483 421 1546 heretica.»

242 1573 364 1636 Probari
380 1577 480 1652 posset
492 1569 592 1632 adhuc
603 1587 639 1632 ex
652 1571 838 1651 argumentis
854 1576 890 1632 {⁸
908 1569 1123 1654 propositionis,

609 1766 612 1772 -
648 1734 720 1819 pu.
1135 1759 1143 1789 2

419 1867 584 1952 Otratuplen
596 1870 637 1930 sit
649 1869 715 1952 fons
721 1869 808 1952 juris
821 1871 963 1934 canonice.

245 2020 293 2080 ta.
316 2017 360 2078 De
379 2015 447 2094 jure
466 2015 613 2078 aaronica
632 2015 732 2076 stricte
753 2016 871 2077 tantiam
890 2021 1011 2096 sumpto
1030 2015 1130 2096 agitur
1148 2015 1178 2076 in

203 2105 260 2168 hoc
272 2103 470 2186 paragrapho.
487 2105 530 2164 De
542 2104 610 2181 jure
627 2109 728 2165 autem
743 2103 958 2166 canonicotate
973 2111 1106 2184 sumpto,
1123 2103 1180 2167 hoc
1287 2117 1288 2176 ξ

205 2205 302 2272 unum
316 2193 454 2256 dicemus
467 2193 551 2274 quod
564 2197 609 2252 tot
623 2193 682 2252 sint
698 2191 795 2253 lantes
809 2201 882 2274 quot
895 2198 1011 2254 exstent
1025 2193 1056 2252 in
1070 2193 1179 2255 Eccle-
1287 2225 1288 2256 ;

203 2283 248 2354 sia¹
262 2283 451 2346 auctoritates
464 2284 514 2360 jus
527 2281 658 2343 condere
672 2281 813 2344 valentes.
892 2315 895 2321 ·
1287 2275 1288 2280 ’

244 2373 317 2434 Octo
331 2373 402 2435 vero
417 2371 514 2433 sontes
524 2371 599 2450 juris
613 2370 750 2432 canonici
766 2370 868 2432 stricte
884 2371 996 2452 sumpti
1006 2371 1179 2434 enumerari
1287 2405 1288 2446 3

204 2460 300 2522 solent
313 2482 321 2532 ;
336 2459 473 2520 videlieet
489 2481 496 2519 :
513 2459 673 2540 Scriptura
688 2477 787 2534 sacra,
805 2459 930 2522 traditio
943 2459 1062 2535 diuina,
1072 2459 1127 2540 jas
1143 2460 1181 2520 alr
1287 2457 1288 2532 ξ

204 2548 351 2630 Apostolus
364 2549 519 2620 sancitum,
531 2547 683 2608 sententia
696 2549 831 2620 Patrurn,
846 2547 962 2610 decreto
976 2548 1034 2610 SS.
1051 2549 1179 2630 Pontifi-
1287 2557 1288 2602 ἶ

205 2655 282 2710 canc,
297 2637 431 2700 Concilio
444 2635 632 2713 oecuncenica,
647 2635 786 2698 liarnanoe
801 2637 1045 2719 Conprepationes
1063 2645 1093 2698 et
1110 2657 1179 2698 con·
1287 2653 1288 2710 j

204 2723 465 2808 suetudoouidarn
479 2723 649 2804 adduntjas
661 2724 757 2797 ciuile,
767 2731 796 2786 et
810 2725 933 2806 quidem
946 2744 1006 2786 non
1016 2726 1178 2802 immerito,
1287 2733 1288 2802 t

204 2815 369 2894 pracsertim
385 2813 409 2874 si
430 2814 467 2874 sit
482 2814 608 2896 quaestio
619 2813 657 2874 tle
675 2813 743 2893 jure
758 2814 836 2876 civiti
850 2814 1040 2876 iustiniano:
1059 2815 1179 2894 quus-
1287 2813 1288 2886 i

210 2923 224 2963 a
245 2901 327 2962 modi
351 2901 431 2982 teges
452 2902 553 2964 civiles
574 2901 626 2982 qui
652 2920 708 2963 nec
732 2902 903 2982 approbatae
928 2921 983 2965 nec
1003 2903 1179 2984 improbata
1287 2891 1288 2986 i

210 3012 224 3048 o
244 2998 326 3066 sunt,
343 2983 440 3072 inquit
451 2990 564 3052 Bened.
581 2992 647 3052 xtv
664 2990 820 3071 (DeSpn.,
835 2990 888 3053 lib.
905 2995 935 3066 6,
951 3010 979 3054 o.
994 2992 1057 3074 ta),
1073 2991 1098 3052 si
1114 3009 1178 3054 rem

203 3101 223 3141 a
246 3086 380 3160 spectent
396 3081 479 3140 mere
492 3078 664 3160 profanam,
681 3096 737 3139 neo
752 3078 811 3140 ulla
826 3097 861 3139 cx
877 3087 960 3159 parte
977 3083 1069 3141 sacris
1084 3097 1178 3161 cauo·
1287 3081 1288 3108 ¹

208 3189 223 3224 u
244 3167 335 3229 nihus
351 3167 557 3240 adversentur,
572 3167 662 3250 tacitis
676 3167 847 3246 approbate
859 3169 997 3229 videntur
1010 3168 1041 3230 iu
1061 3187 1127 3250 cap.
1149 3173 1177 3245 t,

209 3279 224 3316 u
242 3257 287 3318 lle
298 3277 363 3318 noa.
380 3276 427 3339 op.
440 3266 555 3318 nunt.»

211 3349 214 3356 '
247 3347 294 3406 ta.
321 3346 365 3406 Ad
382 3347 505 3408 unicum
528 3345 745 3420 nihilhominus
762 3345 877 3408 fontem
897 3346 1056 3408 ultimatim
1077 3346 1179 3409 reduci

207 3425 332 3512 possunt
345 3441 412 3495 octo
425 3436 468 3496 vel
479 3453 588 3497 novem
603 3433 716 3516 praefati
731 3433 958 3513 fantasmatum
972 3435 1008 3495 ad
1017 3436 1179 3497 auctorita-

206 3527 266 3581 tem
283 3522 335 3583 SS.
353 3523 533 3584 Pontificum
550 3523 685 3584 :etenim
701 3523 800 3584 caeteri
812 3522 909 3584 lentes
918 3524 1017 3602 legem
1030 3523 1180 3585 ecelesias

206 3608 295 3670 ticam
311 3611 482 3689 generalem
497 3610 596 3672 facere
612 3616 768 3692 nequeunt
784 3610 840 3672 nisi
855 3611 1033 3674 interveniat
1047 3612 1079 3674 S.
1096 3611 1181 3673 Sedis

210 3711 262 3758 seu
274 3697 414 3760 Ecclesia
426 3699 585 3760 auotoritas

728 4103 1288 4214 ..ss-&A
