2548 4216
529 241 753 299 uracn'rntuus.
1071 239 1129 300 373

162 347 438 434 «ristiaetempore
463 351 603 428 Pascha,
625 369 660 413 ac
680 352 1005 417 Extremae-Unctionis
1027 353 1126 414 minis-

162 459 179 498 ι
199 441 289 516 trare,
307 459 362 502 nec
378 459 439 502 non
453 439 485 501 in
501 458 607 502 aarum
621 439 755 502 ecclesiis
770 441 884 502 eisdem
904 441 985 503 laicis
998 441 1132 541 sepultu-

162 549 178 586 ι
200 545 265 589 ram
280 488 377 590 daret
390 561 427 576 -
443 530 474 592 S
491 529 615 608 Congu,
629 528 687 592 suh
702 547 806 592 mense
817 529 884 610 jun.
900 534 975 592 tear
985 531 1133 653 ,rescrip-

161 616 260 677 usit:
272 637 394 698 posce.»

200 707 234 764 ln
254 703 406 768 decisione
421 711 521 768 autem
536 711 574 768 ιι
589 725 659 770 nov.
676 710 772 784 ital,
792 729 808 768 ι
828 707 890 770 dict
877 711 943 769 tum
963 705 1019 768 fuit
1039 706 1134 770 teneri
1249 769 1250 779 ,

162 813 180 852 ι
200 809 334 875 recipere
344 811 594 857 communionem
605 795 796 878 (paschalem)
807 797 837 858 in
847 795 999 878 parochia,
1008 795 1134 859 famulos

162 901 180 940 ιι
200 882 379 945 monialium
393 883 538 964 degentes
553 884 585 945 in
600 885 741 946 domibus
756 885 820 946 sitis
833 886 865 946 in
880 884 963 946 atriis
983 889 1132 946 monaste·

163 991 181 1030 ι
201 970 316 1034 riorum
331 990 420 1034 muro
433 973 674 1048 circumvallatis,
690 992 759 1055 quae
772 981 845 1036 sunt
857 973 998 1053 contigue
1011 991 1132 1036 monas·

163 1081 181 1120 ι
201 1059 282 1122 teriis
295 1079 366 1124 cum
378 1061 472 1141 janua
486 1080 554 1144 quae
568 1061 727 1125 clauditur.
749 1084 765 1121 a

201 1147 257 1220 oui
272 1155 430 1211 morantur
444 1150 525 1231 apud
538 1151 691 1232 regulares
705 1158 850 1232 tanquam
860 1151 1003 1232 hospites,
1013 1145 1138 1231 paseha·

158 1237 222 1301 lem
233 1237 482 1300 communionem
496 1239 526 1300 in
541 1239 683 1320 parochia
694 1241 827 1322 recipere
839 1239 960 1304 debent.

200 1327 366 1407 Regulares
379 1335 505 1408 possunt
518 1329 769 1391 communionem
784 1329 963 1392 distribuere
982 1328 1135 1394 sacculari-

157 1414 238 1494 hus,
253 1415 387 1495 quolibet
400 1415 448 1478 die
463 1417 534 1478 anni
547 1464 553 1490 ,
568 1416 632 1480 solo
646 1423 770 1498 excepto
784 1417 832 1478 die
846 1417 1008 1481 Paschatis.

200 1506 235 1566 In
250 1505 386 1566 oratoriis
400 1505 521 1586 priuatis
533 1506 709 1567 communio
723 1505 786 1566 dari
802 1506 906 1586 nequit
928 1505 993 1568 sint
1014 1505 1133 1568 licentid

157 1593 319 1677 Episcopi,
334 1595 421 1656 etsi'
414 1613 444 1655 m
465 1595 508 1656 eis
526 1594 649 1655 missam
673 1593 844 1656 celebrandi
867 1593 988 1656 obtenta
1008 1593 1132 1658 luerita

158 1683 193 1746 S.
209 1681 286 1746 Sede
302 1683 430 1744 lieentia.
447 1685 489 1745 Ita
503 1683 663 1746 declaravit
680 1681 793 1745 Bened.
813 1685 900 1760 XlV,
922 1683 954 1744 in
975 1683 1132 1766 Encyclicd

158 1771 282 1854 Magno,
300 1773 441 1853 supracit
429 1775 499 1835 tata.

201 1861 284 1923 Idem
300 1860 412 1922 Bened
426 1863 492 1923 XlV
504 1861 558 1942 (De
572 1862 662 1944 Syru,
678 1861 729 1924 lih.
745 1863 1133 1944 ll,cap.ll,n10)cum

158 1947 299 2031 plurihus
313 1949 378 2011 aliis
392 1951 520 2012 asserit·
513 1997 519 2012 .
541 1974 555 2010 ιι
570 1952 721 2033 integrum
734 1950 823 2013 hodie
837 1952 978 2014 omnibus
1001 1971 1086 2030 esse,
1102 1955 1134 2016 in

163 2059 180 2098 ι
200 2038 334 2120 qualibet
347 2039 489 2114 eeclesia,
504 2040 596 2102 modo
610 2060 672 2102 non
695 2041 768 2102 sit...
787 2041 949 2102 oratorium
967 2041 1132 2122 privatum,

163 2148 180 2188 ι
200 2129 293 2190 saeris
306 2127 449 2190 interesse
464 2131 635 2210 mysteriis,
652 2129 723 2211 quia
740 2129 891 2190 contraria
903 2129 1131 2209 consuetudine,

162 2239 179 2278 ι
199 2217 231 2278 in
246 2222 308 2280 toto
322 2217 483 2279 christiano
499 2217 571 2279 orbe
585 2219 718 2299 recepta,
733 2217 911 2297 derogatum
930 2223 1133 2300 estpraceepto

163 2330 179 2368 ι
199 2306 341 2370 audiendi
355 2305 478 2368 missam
493 2307 734 2387 parochialem...
750 2307 816 2367 Non
832 2323 919 2386 posse
936 2304 1025 2367 hodie
1044 2308 1132 2388 Epis-

163 2419 178 2458 ι
199 2413 311 2477 οοριιιιι
325 2395 487 2496 praecipere
502 2395 564 2457 suis
579 2394 704 2457 subditis
718 2401 751 2458 ut
763 2413 796 2456 se
810 2394 913 2455 sistant
928 2394 1026 2456 missae
1044 2413 1132 2476 paro-

162 2507 178 2546 ι
198 2483 304 2558 chiali,
321 2484 467 2566 quianon
483 2489 581 2584 potest
591 2483 691 2546 delere
705 2481 956 2544 consuetudinem
971 2501 1050 2562 quae,
1061 2485 1133 2548 cum

161 2596 178 2634 ι
198 2574 310 2674 vigeat
309 2579 369 2634 toto
382 2573 542 2652 orhc,1am
557 2571 672 2634 inducit
687 2565 846 2634 noturam'
837 2572 912 2648 Juris
923 2575 1105 2636 communis.
1112 2595 1128 2634 o

197 2662 263 2724 In
255 2661 327 2742 apsis
351 2661 446 2742 privat
447 2661 472 2722 is
495 2661 682 2741 regularium
704 2661 842 2722 or'atcrirs
864 2678 917 2722 seu
940 2661 1131 2739 domesticis,

157 2751 258 2813 missae
274 2749 431 2812 audiendae
445 2755 597 2831 praecepto
610 2748 745 2812 satisfieri
760 2753 874 2832 potest,
891 2750 975 2829 juxto
992 2769 1130 2814 cornmu·

125 2851 129 2856 '
158 2839 276 2901 niorem
288 2843 318 2901 et
332 2844 427 2901 tutam
440 2839 471 2899 in
486 2840 570 2919 praxi
586 2839 776 2901 sententiam.

197 2931 267 2989 5l5.
293 2930 339 2988 An
355 2927 448 3008 possit
460 2927 611 3008 parochus
624 2929 743 3008 exigere
757 2935 790 2991 ut
803 2927 908 2990 fideles
929 2928 1131 3009 parochialem

161 3037 177 3075 ι
196 3015 356 3078 eeclesiam
369 3014 477 3077 adeant
486 3015 524 3077 ad
536 3016 723 3078 audiendum
733 3017 858 3078 verbum
868 3017 942 3077 Dei?
952 3049 990 3062 -
1001 3019 1132 3096 Respon-

159 3125 176 3164 a
196 3102 347 3183 dandum,
362 3102 505 3185 negative.
521 3124 536 3162 a
555 3105 627 3176 Quae
639 3105 786 3166 sententia
797 3105 860 3186 jam
875 3111 993 3184 recepta
1008 3122 1131 3184 genera·

152 3191 238 3263 liter.
261 3212 323 3275 quo
345 3193 543 3256 fundamento
565 3194 677 3254 nitatur
694 3198 723 3254 et
741 3192 895 3274 quomodo
915 3192 1130 3274 respondeatur

154 3280 338 3344 Tridentinae
351 3280 489 3364 Synodo,
505 3280 537 3342 in
555 3283 616 3363 qua
632 3281 741 3345 dieitur
761 3281 857 3344 teneri
879 3299 1132 3364 unumquemque·

153 3369 305 3452 parochiae
320 3389 382 3432 suae
399 3371 558 3448 interesse,
574 3371 625 3433 uhi
646 3369 807 3434 commode
825 3371 854 3432 id
870 3367 934 3432 fieri
955 3375 1067 3450 potest,
1091 3371 1130 3434 ad

151 3458 341 3522 audiendum
355 3459 482 3522 verbum
497 3459 567 3536 Dei,
580 3459 646 3522 vide
662 3477 710 3541 ap.
732 3459 845 3522 Bened.
867 3461 954 3537 XlV,
970 3457 1015 3520 lle
1037 3457 1126 3540 Syn,

151 3546 206 3609 lib.
224 3551 274 3627 ll,
287 3566 315 3610 c.
334 3551 388 3626 ll,
404 3546 443 3608 nl·
459 3551 496 3610 lu
508 3555 539 3610 et
552 3550 601 3611 ι3.

191 3639 263 3699 516.
287 3635 408 3708 Quaerit.
425 3641 456 3700 l·
472 3639 518 3698 An
532 3637 627 3720 possit
637 3635 787 3719 parochus
800 3635 886 3700 hines
900 3637 1007 3701 missas
1018 3636 1127 3704 eadem

150 3723 389 3788 diecelehrare?
