<?xml version="1.0" encoding="UTF-8"?>
<!DOCTYPE html PUBLIC "-//W3C//DTD XHTML 1.0 Transitional//EN"
    "http://www.w3.org/TR/xhtml1/DTD/xhtml1-transitional.dtd">
<html xmlns="http://www.w3.org/1999/xhtml" xml:lang="en" lang="en">
 <head>
  <title>
</title>
<meta http-equiv="Content-Type" content="text/html;charset=utf-8" />
  <meta name='ocr-system' content='tesseract 3.04.00' />
  <meta name='ocr-capabilities' content='ocr_page ocr_carea ocr_par ocr_line ocrx_word'/>
</head>
<body>
  <div class='ocr_page' id='page_1' title='image "./elementajurisca01craigoog_0255.png"; bbox 0 0 2526 4210; ppageno 0'>
   <div class='ocr_carea' id='block_1_1' title="bbox 185 257 877 327">
    <p class='ocr_par' dir='ltr' id='par_1_1' title="bbox 185 257 877 327">
     <span class='ocr_line' id='line_1_1' title="bbox 185 257 877 327; baseline -0.003 -1"><span class='ocrx_word' id='word_1_1' title='bbox 185 273 241 326; x_wconf 68' lang='lat'>23⁴)</span> <span class='ocrx_word' id='word_1_2' title='bbox 455 282 607 327; x_wconf 79' lang='lat' dir='ltr'>arsurum</span> <span class='ocrx_word' id='word_1_3' title='bbox 627 280 710 326; x_wconf 79' lang='lat' dir='ltr'>runis</span> <span class='ocrx_word' id='word_1_4' title='bbox 731 257 877 327; x_wconf 71' lang='lat' dir='ltr'>cenorum.</span> 
     </span>
    </p>
   </div>
   <div class='ocr_carea' id='block_1_2' title="bbox 183 379 1164 816">
    <p class='ocr_par' dir='ltr' id='par_1_2' title="bbox 183 379 1164 816">
     <span class='ocr_line' id='line_1_2' title="bbox 187 379 1162 454; baseline 0.006 -14"><span class='ocrx_word' id='word_1_5' title='bbox 187 383 278 442; x_wconf 78' lang='lat' dir='ltr'>«ch</span> <span class='ocrx_word' id='word_1_6' title='bbox 300 400 360 444; x_wconf 93' lang='lat' dir='ltr'>non</span> <span class='ocrx_word' id='word_1_7' title='bbox 379 383 419 443; x_wconf 90' lang='lat' dir='ltr'>ait</span> <span class='ocrx_word' id='word_1_8' title='bbox 440 379 572 443; x_wconf 86' lang='lat' dir='ltr'>Christus</span> <span class='ocrx_word' id='word_1_9' title='bbox 593 399 600 440; x_wconf 90' lang='lat'>:</span> <span class='ocrx_word' id='word_1_10' title='bbox 626 381 760 454; x_wconf 70' lang='lat' dir='ltr'>liranum</span> <span class='ocrx_word' id='word_1_11' title='bbox 784 400 880 441; x_wconf 86' lang='lat' dir='ltr'>meum</span> <span class='ocrx_word' id='word_1_12' title='bbox 901 399 960 440; x_wconf 83' lang='lat' dir='ltr'>non</span> <span class='ocrx_word' id='word_1_13' title='bbox 983 390 1025 442; x_wconf 80' lang='lat' dir='ltr'>est</span> <span class='ocrx_word' id='word_1_14' title='bbox 1053 382 1087 442; x_wconf 84' lang='lat' dir='ltr'>iu</span> <span class='ocrx_word' id='word_1_15' title='bbox 1107 383 1162 446; x_wconf 81' lang='grc' dir='ltr'>Ιιοι</span> 
     </span>
     <span class='ocr_line' id='line_1_3' title="bbox 186 467 1164 552; baseline 0.005 -24"><span class='ocrx_word' id='word_1_16' title='bbox 186 489 203 528; x_wconf 76' lang='lat' dir='ltr'>e</span> <span class='ocrx_word' id='word_1_17' title='bbox 222 468 331 530; x_wconf 81' lang='lat' dir='ltr'>mundo</span> <span class='ocrx_word' id='word_1_18' title='bbox 343 470 395 531; x_wconf 92' lang='lat' dir='ltr'>sed</span> <span class='ocrx_word' id='word_1_19' title='bbox 405 489 462 530; x_wconf 84' lang='lat' dir='ltr'>non</span> <span class='ocrx_word' id='word_1_20' title='bbox 473 479 514 530; x_wconf 86' lang='lat' dir='ltr'>est</span> <span class='ocrx_word' id='word_1_21' title='bbox 523 467 558 530; x_wconf 84' lang='lat' dir='ltr'>de</span> <span class='ocrx_word' id='word_1_22' title='bbox 572 467 625 528; x_wconf 87' lang='lat' dir='ltr'>boc</span> <span class='ocrx_word' id='word_1_23' title='bbox 636 467 765 537; x_wconf 76' lang='lat' dir='ltr'>mundo:</span> <span class='ocrx_word' id='word_1_24' title='bbox 780 487 842 529; x_wconf 94' lang='lat' dir='ltr'>non</span> <span class='ocrx_word' id='word_1_25' title='bbox 856 469 896 528; x_wconf 91' lang='lat' dir='ltr'>ait</span> <span class='ocrx_word' id='word_1_26' title='bbox 910 489 917 528; x_wconf 75' lang='grc' dir='ltr'><strong>ε</strong></span> <span class='ocrx_word' id='word_1_27' title='bbox 938 489 1017 530; x_wconf 84' lang='lat' dir='ltr'>nune</span> <span class='ocrx_word' id='word_1_28' title='bbox 1034 490 1164 552; x_wconf 73' lang='lat' dir='ltr'>requam</span> 
     </span>
     <span class='ocr_line' id='line_1_4' title="bbox 187 557 1162 638; baseline 0.006 -22"><span class='ocrx_word' id='word_1_29' title='bbox 187 578 203 616; x_wconf 77' lang='lat' dir='ltr'>e</span> <span class='ocrx_word' id='word_1_30' title='bbox 223 577 317 619; x_wconf 86' lang='lat' dir='ltr'>meum</span> <span class='ocrx_word' id='word_1_31' title='bbox 332 577 391 619; x_wconf 85' lang='lat' dir='ltr'>uon</span> <span class='ocrx_word' id='word_1_32' title='bbox 405 569 447 620; x_wconf 86' lang='lat' dir='ltr'>est</span> <span class='ocrx_word' id='word_1_33' title='bbox 460 557 575 631; x_wconf 84' lang='lat' dir='ltr'>lric‚sed</span> <span class='ocrx_word' id='word_1_34' title='bbox 585 576 592 616; x_wconf 93' lang='lat'><strong>:</strong></span> <span class='ocrx_word' id='word_1_35' title='bbox 603 576 725 638; x_wconf 70' lang='lat' dir='ltr'>requam</span> <span class='ocrx_word' id='word_1_36' title='bbox 739 575 833 617; x_wconf 87' lang='lat' dir='ltr'>meum</span> <span class='ocrx_word' id='word_1_37' title='bbox 844 576 904 616; x_wconf 83' lang='lat' dir='ltr'>uon</span> <span class='ocrx_word' id='word_1_38' title='bbox 914 566 954 618; x_wconf 82' lang='lat' dir='ltr'>est</span> <span class='ocrx_word' id='word_1_39' title='bbox 964 557 1046 618; x_wconf 79' lang='lat' dir='ltr'>bine.</span> <span class='ocrx_word' id='word_1_40' title='bbox 1064 581 1080 617; x_wconf 80' lang='lat' dir='ltr'>u</span> <span class='ocrx_word' id='word_1_41' title='bbox 1086 561 1162 622; x_wconf 88' lang='lat' dir='ltr'>Vide</span> 
     </span>
     <span class='ocr_line' id='line_1_5' title="bbox 184 645 1162 726; baseline 0.004 -20"><span class='ocrx_word' id='word_1_42' title='bbox 184 646 284 708; x_wconf 87' lang='lat' dir='ltr'>Devoti</span> <span class='ocrx_word' id='word_1_43' title='bbox 298 693 307 722; x_wconf 83' lang='lat'>,</span> <span class='ocrx_word' id='word_1_44' title='bbox 323 647 374 708; x_wconf 90' lang='lat' dir='ltr'>lib.</span> <span class='ocrx_word' id='word_1_45' title='bbox 391 651 421 723; x_wconf 85' lang='lat'>3,</span> <span class='ocrx_word' id='word_1_46' title='bbox 434 648 480 708; x_wconf 85' lang='lat' dir='ltr'>tit.</span> <span class='ocrx_word' id='word_1_47' title='bbox 495 651 523 723; x_wconf 91' lang='lat' dir='ltr'>l,</span> <span class='ocrx_word' id='word_1_48' title='bbox 538 646 603 726; x_wconf 76' lang='lat'>§8,</span> <span class='ocrx_word' id='word_1_49' title='bbox 622 646 652 706; x_wconf 94' lang='lat' dir='ltr'>in</span> <span class='ocrx_word' id='word_1_50' title='bbox 667 647 748 707; x_wconf 75' lang='lat' dir='ltr'>nott.</span> <span class='ocrx_word' id='word_1_51' title='bbox 766 645 795 705; x_wconf 90' lang='lat' dir='ltr'>Si</span> <span class='ocrx_word' id='word_1_52' title='bbox 812 663 884 725; x_wconf 83' lang='lat' dir='ltr'>ergo</span> <span class='ocrx_word' id='word_1_53' title='bbox 899 663 1029 724; x_wconf 81' lang='lat' dir='ltr'>regnum</span> <span class='ocrx_word' id='word_1_54' title='bbox 1052 647 1162 710; x_wconf 77' lang='lat' dir='ltr'>Christi</span> 
     </span>
     <span class='ocr_line' id='line_1_6' title="bbox 183 733 1162 816; baseline 0.004 -21"><span class='ocrx_word' id='word_1_55' title='bbox 183 734 219 796; x_wconf 92' lang='lat' dir='ltr'>sit</span> <span class='ocrx_word' id='word_1_56' title='bbox 229 735 260 796; x_wconf 94' lang='lat' dir='ltr'>in</span> <span class='ocrx_word' id='word_1_57' title='bbox 275 735 470 814; x_wconf 89' lang='lat' dir='ltr'>hoomundo,</span> <span class='ocrx_word' id='word_1_58' title='bbox 485 733 624 816; x_wconf 84' lang='lat' dir='ltr'>quamvis</span> <span class='ocrx_word' id='word_1_59' title='bbox 632 733 670 797; x_wconf 88' lang='lat' dir='ltr'>de</span> <span class='ocrx_word' id='word_1_60' title='bbox 679 733 737 795; x_wconf 91' lang='lat' dir='ltr'>hoc</span> <span class='ocrx_word' id='word_1_61' title='bbox 751 733 867 794; x_wconf 92' lang='lat' dir='ltr'>mundo</span> <span class='ocrx_word' id='word_1_62' title='bbox 882 752 944 794; x_wconf 93' lang='lat' dir='ltr'>non</span> <span class='ocrx_word' id='word_1_63' title='bbox 959 734 1009 810; x_wconf 90' lang='lat' dir='ltr'>sit,</span> <span class='ocrx_word' id='word_1_64' title='bbox 1020 741 1120 815; x_wconf 88' lang='lat' dir='ltr'>potest</span> <span class='ocrx_word' id='word_1_65' title='bbox 1129 737 1162 798; x_wconf 96' lang='lat' dir='ltr'>in</span> 
     </span>
    </p>
   </div>
   <div class='ocr_carea' id='block_1_3' title="bbox 180 821 1163 2232">
    <p class='ocr_par' dir='ltr' id='par_1_3' title="bbox 183 821 1163 991">
     <span class='ocr_line' id='line_1_7' title="bbox 183 821 1163 905; baseline 0.004 -21"><span class='ocrx_word' id='word_1_66' title='bbox 183 823 287 884; x_wconf 91' lang='lat' dir='ltr'>multis</span> <span class='ocrx_word' id='word_1_67' title='bbox 300 843 389 905; x_wconf 76' lang='lat' dir='ltr'>egere</span> <span class='ocrx_word' id='word_1_68' title='bbox 401 825 491 885; x_wconf 86' lang='lat' dir='ltr'>etiam</span> <span class='ocrx_word' id='word_1_69' title='bbox 506 823 595 885; x_wconf 87' lang='lat' dir='ltr'>bonis</span> <span class='ocrx_word' id='word_1_70' title='bbox 605 822 732 902; x_wconf 76' lang='lat' dir='ltr'>huiusce</span> <span class='ocrx_word' id='word_1_71' title='bbox 748 821 854 883; x_wconf 90' lang='lat' dir='ltr'>mundi</span> <span class='ocrx_word' id='word_1_72' title='bbox 865 868 873 895; x_wconf 91' lang='lat'>,</span> <span class='ocrx_word' id='word_1_73' title='bbox 886 840 921 883; x_wconf 91' lang='lat' dir='ltr'>ac</span> <span class='ocrx_word' id='word_1_74' title='bbox 936 823 1065 903; x_wconf 75' lang='lat' dir='ltr'>proinde</span> <span class='ocrx_word' id='word_1_75' title='bbox 1079 824 1111 886; x_wconf 93' lang='lat' dir='ltr'>iu</span> <span class='ocrx_word' id='word_1_76' title='bbox 1124 843 1163 888; x_wconf 86' lang='lat' dir='ltr'>ea</span> 
     </span>
     <span class='ocr_line' id='line_1_8' title="bbox 183 912 495 991; baseline 0.01 -19"><span class='ocrx_word' id='word_1_77' title='bbox 183 917 360 991; x_wconf 89' lang='lat' dir='ltr'>potestatem</span> <span class='ocrx_word' id='word_1_78' title='bbox 374 912 495 974; x_wconf 88' lang='lat' dir='ltr'>habere.</span> 
     </span>
    </p>

    <p class='ocr_par' dir='ltr' id='par_1_4' title="bbox 182 1000 1163 1698">
     <span class='ocr_line' id='line_1_9' title="bbox 222 1000 1160 1082; baseline 0.004 -21"><span class='ocrx_word' id='word_1_79' title='bbox 222 1002 253 1061; x_wconf 88' lang='lat'>3⁰</span> <span class='ocrx_word' id='word_1_80' title='bbox 274 1001 369 1077; x_wconf 85' lang='lat' dir='ltr'>Objici</span> <span class='ocrx_word' id='word_1_81' title='bbox 384 1001 481 1063; x_wconf 88' lang='lat' dir='ltr'>adhue</span> <span class='ocrx_word' id='word_1_82' title='bbox 496 1006 594 1082; x_wconf 87' lang='lat' dir='ltr'>polest</span> <span class='ocrx_word' id='word_1_83' title='bbox 607 1000 700 1082; x_wconf 80' lang='lat' dir='ltr'>quod,</span> <span class='ocrx_word' id='word_1_84' title='bbox 717 1019 797 1062; x_wconf 91' lang='lat' dir='ltr'>anno</span> <span class='ocrx_word' id='word_1_85' title='bbox 815 1004 913 1075; x_wconf 72' lang='lat'>1789,</span> <span class='ocrx_word' id='word_1_86' title='bbox 930 1019 968 1062; x_wconf 84' lang='lat' dir='ltr'>ex</span> <span class='ocrx_word' id='word_1_87' title='bbox 985 1001 1064 1063; x_wconf 85' lang='lat' dir='ltr'>rotis</span> <span class='ocrx_word' id='word_1_88' title='bbox 1081 1001 1160 1065; x_wconf 87' lang='lat' dir='ltr'>celc-</span> 
     </span>
     <span class='ocr_line' id='line_1_10' title="bbox 184 1087 1163 1170; baseline 0.005 -23"><span class='ocrx_word' id='word_1_89' title='bbox 184 1087 305 1148; x_wconf 92' lang='lat' dir='ltr'>berrimi</span> <span class='ocrx_word' id='word_1_90' title='bbox 321 1091 397 1165; x_wconf 90' lang='lat' dir='ltr'>Pitt,</span> <span class='ocrx_word' id='word_1_91' title='bbox 413 1108 462 1150; x_wconf 82' lang='lat' dir='ltr'>sex</span> <span class='ocrx_word' id='word_1_92' title='bbox 479 1091 701 1170; x_wconf 69' lang='lat' dir='ltr'>praecipuarum</span> <span class='ocrx_word' id='word_1_93' title='bbox 716 1089 967 1163; x_wconf 85' lang='lat' dir='ltr'>Universitatum,</span> <span class='ocrx_word' id='word_1_94' title='bbox 983 1089 1163 1153; x_wconf 83' lang='lat' dir='ltr'>Parisiensis</span> 
     </span>
     <span class='ocr_line' id='line_1_11' title="bbox 183 1175 1161 1256; baseline 0.006 -21"><span class='ocrx_word' id='word_1_95' title='bbox 183 1175 337 1252; x_wconf 89' lang='lat' dir='ltr'>videlicet,</span> <span class='ocrx_word' id='word_1_96' title='bbox 352 1178 527 1252; x_wconf 88' lang='lat' dir='ltr'>Duacensis,</span> <span class='ocrx_word' id='word_1_97' title='bbox 544 1177 753 1251; x_wconf 80' lang='lat' dir='ltr'>Lemniensis,</span> <span class='ocrx_word' id='word_1_98' title='bbox 765 1176 1009 1256; x_wconf 69' lang='lat' dir='ltr'>complutensis,</span> <span class='ocrx_word' id='word_1_99' title='bbox 1027 1179 1161 1241; x_wconf 86' lang='lat' dir='ltr'>Salman-</span> 
     </span>
     <span class='ocr_line' id='line_1_12' title="bbox 184 1263 1162 1346; baseline 0.006 -23"><span class='ocrx_word' id='word_1_100' title='bbox 184 1263 303 1326; x_wconf 89' lang='lat' dir='ltr'>ticensis</span> <span class='ocrx_word' id='word_1_101' title='bbox 319 1271 349 1326; x_wconf 86' lang='lat' dir='ltr'>et</span> <span class='ocrx_word' id='word_1_102' title='bbox 369 1266 595 1328; x_wconf 89' lang='lat' dir='ltr'>Vallisolitensis</span> <span class='ocrx_word' id='word_1_103' title='bbox 614 1266 758 1327; x_wconf 85' lang='lat' dir='ltr'>consultae</span> <span class='ocrx_word' id='word_1_104' title='bbox 776 1266 856 1326; x_wconf 86' lang='lat' dir='ltr'>circa</span> <span class='ocrx_word' id='word_1_105' title='bbox 871 1271 1050 1346; x_wconf 86' lang='lat' dir='ltr'>potestatem</span> <span class='ocrx_word' id='word_1_106' title='bbox 1064 1268 1162 1329; x_wconf 89' lang='lat' dir='ltr'>eccle·-</span> 
     </span>
     <span class='ocr_line' id='line_1_13' title="bbox 183 1351 1162 1435; baseline 0.006 -24"><span class='ocrx_word' id='word_1_107' title='bbox 183 1351 331 1415; x_wconf 91' lang='lat' dir='ltr'>siasticam</span> <span class='ocrx_word' id='word_1_108' title='bbox 346 1355 377 1415; x_wconf 93' lang='lat' dir='ltr'>in</span> <span class='ocrx_word' id='word_1_109' title='bbox 392 1355 569 1435; x_wconf 88' lang='lat' dir='ltr'>temporalia</span> <span class='ocrx_word' id='word_1_110' title='bbox 583 1354 674 1434; x_wconf 83' lang='lat' dir='ltr'>Regis</span> <span class='ocrx_word' id='word_1_111' title='bbox 692 1353 825 1432; x_wconf 81' lang='lat' dir='ltr'>Angliae,</span> <span class='ocrx_word' id='word_1_112' title='bbox 843 1371 950 1414; x_wconf 92' lang='lat' dir='ltr'>omnes</span> <span class='ocrx_word' id='word_1_113' title='bbox 975 1355 1162 1417; x_wconf 90' lang='lat' dir='ltr'>unanimiter</span> 
     </span>
     <span class='ocr_line' id='line_1_14' title="bbox 183 1441 1160 1524; baseline 0.005 -24"><span class='ocrx_word' id='word_1_114' title='bbox 183 1443 404 1522; x_wconf 91' lang='lat' dir='ltr'>responderunt</span> <span class='ocrx_word' id='word_1_115' title='bbox 428 1462 527 1524; x_wconf 89' lang='lat' dir='ltr'>neque</span> <span class='ocrx_word' id='word_1_116' title='bbox 552 1445 689 1523; x_wconf 82' lang='lat' dir='ltr'>Papam,</span> <span class='ocrx_word' id='word_1_117' title='bbox 719 1459 819 1522; x_wconf 88' lang='lat' dir='ltr'>neque</span> <span class='ocrx_word' id='word_1_118' title='bbox 841 1441 1035 1517; x_wconf 86' lang='lat' dir='ltr'>Cardinales,</span> <span class='ocrx_word' id='word_1_119' title='bbox 1061 1461 1160 1524; x_wconf 78' lang='lat' dir='ltr'>neque</span> 
     </span>
     <span class='ocr_line' id='line_1_15' title="bbox 185 1530 1161 1612; baseline 0.004 -24"><span class='ocrx_word' id='word_1_120' title='bbox 185 1530 349 1593; x_wconf 75' lang='lat' dir='ltr'>Concilium</span> <span class='ocrx_word' id='word_1_121' title='bbox 366 1533 505 1612; x_wconf 84' lang='lat' dir='ltr'>generale</span> <span class='ocrx_word' id='word_1_122' title='bbox 519 1531 631 1592; x_wconf 88' lang='lat' dir='ltr'>habere</span> <span class='ocrx_word' id='word_1_123' title='bbox 652 1533 829 1612; x_wconf 87' lang='lat' dir='ltr'>potestatem</span> <span class='ocrx_word' id='word_1_124' title='bbox 844 1548 916 1591; x_wconf 89' lang='lat' dir='ltr'>enm</span> <span class='ocrx_word' id='word_1_125' title='bbox 937 1530 1111 1612; x_wconf 89' lang='lat' dir='ltr'>deponendi</span> <span class='ocrx_word' id='word_1_126' title='bbox 1130 1537 1161 1593; x_wconf 87' lang='lat' dir='ltr'>et</span> 
     </span>
     <span class='ocr_line' id='line_1_16' title="bbox 182 1619 971 1698; baseline 0.003 -20"><span class='ocrx_word' id='word_1_127' title='bbox 182 1619 318 1682; x_wconf 89' lang='lat' dir='ltr'>subditos</span> <span class='ocrx_word' id='word_1_128' title='bbox 332 1622 397 1698; x_wconf 87' lang='lat' dir='ltr'>ejus</span> <span class='ocrx_word' id='word_1_129' title='bbox 409 1624 425 1680; x_wconf 81' lang='lat' dir='ltr'>a</span> <span class='ocrx_word' id='word_1_130' title='bbox 438 1622 610 1698; x_wconf 78' lang='lat' dir='ltr'>Juramento</span> <span class='ocrx_word' id='word_1_131' title='bbox 624 1619 775 1682; x_wconf 87' lang='lat' dir='ltr'>fidelitatis</span> <span class='ocrx_word' id='word_1_132' title='bbox 786 1619 971 1682; x_wconf 91' lang='lat' dir='ltr'>absolvendi.</span> 
     </span>
    </p>

    <p class='ocr_par' dir='ltr' id='par_1_5' title="bbox 180 1707 1157 2232">
     <span class='ocr_line' id='line_1_17' title="bbox 220 1707 1155 1788; baseline 0.005 -21"><span class='ocrx_word' id='word_1_133' title='bbox 220 1707 428 1788; x_wconf 87' lang='lat' dir='ltr'>Respondetur</span> <span class='ocrx_word' id='word_1_134' title='bbox 452 1709 506 1770; x_wconf 90' lang='lat' dir='ltr'>has</span> <span class='ocrx_word' id='word_1_135' title='bbox 525 1708 739 1772; x_wconf 85' lang='lat' dir='ltr'>Universitates</span> <span class='ocrx_word' id='word_1_136' title='bbox 760 1707 891 1769; x_wconf 88' lang='lat' dir='ltr'>voluisse</span> <span class='ocrx_word' id='word_1_137' title='bbox 916 1708 1036 1770; x_wconf 90' lang='lat' dir='ltr'>tantinn</span> <span class='ocrx_word' id='word_1_138' title='bbox 1058 1708 1155 1772; x_wconf 79' lang='lat' dir='ltr'>dicere</span> 
     </span>
     <span class='ocr_line' id='line_1_18' title="bbox 183 1793 1157 1876; baseline 0.003 -21"><span class='ocrx_word' id='word_1_139' title='bbox 183 1793 310 1874; x_wconf 81' lang='lat' dir='ltr'>Papam,</span> <span class='ocrx_word' id='word_1_140' title='bbox 327 1797 518 1874; x_wconf 76' lang='lat' dir='ltr'>cardinales,</span> <span class='ocrx_word' id='word_1_141' title='bbox 534 1805 606 1873; x_wconf 80' lang='lat' dir='ltr'>ete,</span> <span class='ocrx_word' id='word_1_142' title='bbox 621 1815 683 1859; x_wconf 93' lang='lat' dir='ltr'>non</span> <span class='ocrx_word' id='word_1_143' title='bbox 700 1796 811 1857; x_wconf 89' lang='lat' dir='ltr'>habere</span> <span class='ocrx_word' id='word_1_144' title='bbox 826 1796 982 1876; x_wconf 71' lang='lat' dir='ltr'>praefatam</span> <span class='ocrx_word' id='word_1_145' title='bbox 996 1797 1157 1858; x_wconf 88' lang='lat' dir='ltr'>auctorita·</span> 
     </span>
     <span class='ocr_line' id='line_1_19' title="bbox 182 1883 1155 1967; baseline 0.005 -26"><span class='ocrx_word' id='word_1_146' title='bbox 182 1888 241 1942; x_wconf 91' lang='lat' dir='ltr'>tem</span> <span class='ocrx_word' id='word_1_147' title='bbox 253 1901 308 1964; x_wconf 90' lang='lat' dir='ltr'>pro</span> <span class='ocrx_word' id='word_1_148' title='bbox 323 1903 378 1946; x_wconf 92' lang='lat' dir='ltr'>suo</span> <span class='ocrx_word' id='word_1_149' title='bbox 388 1886 510 1948; x_wconf 89' lang='lat' dir='ltr'>arbitrio</span> <span class='ocrx_word' id='word_1_150' title='bbox 523 1891 554 1948; x_wconf 86' lang='lat' dir='ltr'>et</span> <span class='ocrx_word' id='word_1_151' title='bbox 566 1886 694 1959; x_wconf 78' lang='lat' dir='ltr'>directe,</span> <span class='ocrx_word' id='word_1_152' title='bbox 711 1885 795 1965; x_wconf 88' lang='lat' dir='ltr'>quasi</span> <span class='ocrx_word' id='word_1_153' title='bbox 811 1883 956 1946; x_wconf 88' lang='lat' dir='ltr'>hactenus</span> <span class='ocrx_word' id='word_1_154' title='bbox 970 1892 1060 1967; x_wconf 89' lang='lat' dir='ltr'>prout</span> <span class='ocrx_word' id='word_1_155' title='bbox 1071 1885 1155 1959; x_wconf 93' lang='lat' dir='ltr'>olim,</span> 
     </span>
     <span class='ocr_line' id='line_1_20' title="bbox 182 1972 1156 2054; baseline 0.004 -23"><span class='ocrx_word' id='word_1_156' title='bbox 182 1988 232 2032; x_wconf 85' lang='lat' dir='ltr'>rex</span> <span class='ocrx_word' id='word_1_157' title='bbox 246 1973 362 2054; x_wconf 83' lang='lat' dir='ltr'>Angliae</span> <span class='ocrx_word' id='word_1_158' title='bbox 381 1973 485 2036; x_wconf 87' lang='lat' dir='ltr'>fuisset</span> <span class='ocrx_word' id='word_1_159' title='bbox 502 1975 646 2036; x_wconf 92' lang='lat' dir='ltr'>vassallus</span> <span class='ocrx_word' id='word_1_160' title='bbox 661 1991 714 2035; x_wconf 92' lang='lat' dir='ltr'>seu</span> <span class='ocrx_word' id='word_1_161' title='bbox 730 1973 825 2034; x_wconf 89' lang='lat' dir='ltr'>eliens</span> <span class='ocrx_word' id='word_1_162' title='bbox 846 1975 877 2034; x_wconf 88' lang='lat' dir='ltr'>S.</span> <span class='ocrx_word' id='word_1_163' title='bbox 900 1972 1007 2051; x_wconf 87' lang='lat' dir='ltr'>Sedis,</span> <span class='ocrx_word' id='word_1_164' title='bbox 1032 1973 1156 2036; x_wconf 68' lang='lat' dir='ltr'>minime</span> 
     </span>
     <span class='ocr_line' id='line_1_21' title="bbox 181 2063 1157 2143; baseline 0.006 -24"><span class='ocrx_word' id='word_1_165' title='bbox 181 2065 280 2121; x_wconf 90' lang='lat' dir='ltr'>lamen</span> <span class='ocrx_word' id='word_1_166' title='bbox 290 2070 457 2124; x_wconf 84' lang='lat' dir='ltr'>asserentes</span> <span class='ocrx_word' id='word_1_167' title='bbox 469 2063 607 2124; x_wconf 89' lang='lat' dir='ltr'>eamdem</span> <span class='ocrx_word' id='word_1_168' title='bbox 617 2063 674 2143; x_wconf 95' lang='lat' dir='ltr'>ipsi</span> <span class='ocrx_word' id='word_1_169' title='bbox 687 2081 747 2123; x_wconf 90' lang='lat' dir='ltr'>non</span> <span class='ocrx_word' id='word_1_170' title='bbox 757 2068 929 2142; x_wconf 80' lang='lat' dir='ltr'>competere</span> <span class='ocrx_word' id='word_1_171' title='bbox 937 2063 1157 2139; x_wconf 87' lang='lat' dir='ltr'>auctoritatem,</span> 
     </span>
     <span class='ocr_line' id='line_1_22' title="bbox 180 2148 1066 2232; baseline 0.006 -23"><span class='ocrx_word' id='word_1_172' title='bbox 180 2148 203 2209; x_wconf 89' lang='lat' dir='ltr'>si</span> <span class='ocrx_word' id='word_1_173' title='bbox 219 2149 301 2212; x_wconf 90' lang='lat' dir='ltr'>salus</span> <span class='ocrx_word' id='word_1_174' title='bbox 314 2151 486 2212; x_wconf 89' lang='lat' dir='ltr'>animarum</span> <span class='ocrx_word' id='word_1_175' title='bbox 501 2161 530 2214; x_wconf 88' lang='lat' dir='ltr'>et</span> <span class='ocrx_word' id='word_1_176' title='bbox 544 2151 661 2213; x_wconf 93' lang='lat' dir='ltr'>bonum</span> <span class='ocrx_word' id='word_1_177' title='bbox 675 2150 828 2231; x_wconf 87' lang='lat' dir='ltr'>religionis</span> <span class='ocrx_word' id='word_1_178' title='bbox 843 2151 873 2212; x_wconf 95' lang='lat' dir='ltr'>id</span> <span class='ocrx_word' id='word_1_179' title='bbox 887 2152 1066 2232; x_wconf 87' lang='lat' dir='ltr'>requireret.</span> 
     </span>
    </p>
   </div>
   <div class='ocr_carea' id='block_1_4' title="bbox 333 2307 996 2354">
    <p class='ocr_par' dir='ltr' id='par_1_6' title="bbox 333 2307 996 2354">
     <span class='ocr_line' id='line_1_23' title="bbox 333 2307 996 2354; baseline 0.002 -2"><span class='ocrx_word' id='word_1_180' title='bbox 333 2307 371 2352; x_wconf 84' lang='lat' dir='ltr'>DE</span> <span class='ocrx_word' id='word_1_181' title='bbox 393 2309 569 2354; x_wconf 76' lang='lat' dir='ltr'>rmnclraru</span> <span class='ocrx_word' id='word_1_182' title='bbox 589 2307 755 2354; x_wconf 69' lang='lat' dir='ltr'>Tauronem</span> <span class='ocrx_word' id='word_1_183' title='bbox 776 2307 801 2353; x_wconf 87' lang='lat' dir='ltr'>S.</span> <span class='ocrx_word' id='word_1_184' title='bbox 824 2307 996 2354; x_wconf 72' lang='lat' dir='ltr'>rottrlrrms</span> 
     </span>
    </p>
   </div>
   <div class='ocr_carea' id='block_1_5' title="bbox 171 2420 1175 3829">
    <p class='ocr_par' dir='ltr' id='par_1_7' title="bbox 171 2420 1175 3829">
     <span class='ocr_line' id='line_1_24' title="bbox 217 2420 1157 2502; baseline -0.005 -20"><span class='ocrx_word' id='word_1_185' title='bbox 217 2423 286 2482; x_wconf 76' lang='grc'><strong>364.</strong></span> <span class='ocrx_word' id='word_1_186' title='bbox 311 2423 421 2482; x_wconf 87' lang='lat' dir='ltr'>Praeter</span> <span class='ocrx_word' id='word_1_187' title='bbox 435 2422 603 2483; x_wconf 83' lang='lat' dir='ltr'>Primatum</span> <span class='ocrx_word' id='word_1_188' title='bbox 615 2420 834 2502; x_wconf 74' lang='lat' dir='ltr'>iurisdictionis</span> <span class='ocrx_word' id='word_1_189' title='bbox 845 2421 875 2481; x_wconf 96' lang='lat' dir='ltr'>in</span> <span class='ocrx_word' id='word_1_190' title='bbox 890 2421 1091 2483; x_wconf 85' lang='lat' dir='ltr'>universalem</span> <span class='ocrx_word' id='word_1_191' title='bbox 1102 2423 1157 2487; x_wconf 84' lang='lat' dir='ltr'>Ec.</span> 
     </span>
     <span class='ocr_line' id='line_1_25' title="bbox 178 2507 1175 2598; baseline 0.005 -28"><span class='ocrx_word' id='word_1_192' title='bbox 178 2507 318 2579; x_wconf 75' lang='lat' dir='ltr'>ciceiam,</span> <span class='ocrx_word' id='word_1_193' title='bbox 334 2512 489 2594; x_wconf 84' lang='lat' dir='ltr'>Romanus</span> <span class='ocrx_word' id='word_1_194' title='bbox 501 2509 650 2586; x_wconf 79' lang='lat' dir='ltr'>Pontifex,</span> <span class='ocrx_word' id='word_1_195' title='bbox 668 2527 751 2571; x_wconf 91' lang='lat' dir='ltr'>more</span> <span class='ocrx_word' id='word_1_196' title='bbox 762 2509 936 2590; x_wconf 89' lang='lat' dir='ltr'>principum</span> <span class='ocrx_word' id='word_1_197' title='bbox 951 2510 1142 2574; x_wconf 76' lang='lat' dir='ltr'>secularium</span> <span class='ocrx_word' id='word_1_198' title='bbox 1165 2543 1175 2598; x_wconf 72' lang='grc' dir='ltr'>Ιι,</span> 
     </span>
     <span class='ocr_line' id='line_1_26' title="bbox 178 2597 1168 2680; baseline 0.004 -22"><span class='ocrx_word' id='word_1_199' title='bbox 178 2598 289 2678; x_wconf 91' lang='lat' dir='ltr'>potitur</span> <span class='ocrx_word' id='word_1_200' title='bbox 301 2599 475 2660; x_wconf 87' lang='lat' dir='ltr'>auctoritate</span> <span class='ocrx_word' id='word_1_201' title='bbox 489 2597 647 2679; x_wconf 91' lang='lat' dir='ltr'>temporali</span> <span class='ocrx_word' id='word_1_202' title='bbox 662 2599 694 2658; x_wconf 96' lang='lat' dir='ltr'>in</span> <span class='ocrx_word' id='word_1_203' title='bbox 715 2599 832 2679; x_wconf 86' lang='lat' dir='ltr'>aliquas</span> <span class='ocrx_word' id='word_1_204' title='bbox 849 2598 942 2660; x_wconf 85' lang='lat' dir='ltr'>Italiae</span> <span class='ocrx_word' id='word_1_205' title='bbox 964 2599 1151 2680; x_wconf 86' lang='lat' dir='ltr'>provincias,</span> <span class='ocrx_word' id='word_1_206' title='bbox 1165 2605 1168 2613; x_wconf 85' lang='grc'><strong><em>’</em></strong></span> 
     </span>
     <span class='ocr_line' id='line_1_27' title="bbox 177 2685 1151 2770; baseline 0.006 -24"><span class='ocrx_word' id='word_1_207' title='bbox 177 2704 252 2768; x_wconf 84' lang='lat' dir='ltr'>quas</span> <span class='ocrx_word' id='word_1_208' title='bbox 265 2685 405 2762; x_wconf 85' lang='lat' dir='ltr'>obtinuit,</span> <span class='ocrx_word' id='word_1_209' title='bbox 422 2688 483 2749; x_wconf 88' lang='lat' dir='ltr'>sire</span> <span class='ocrx_word' id='word_1_210' title='bbox 495 2687 668 2770; x_wconf 83' lang='lat' dir='ltr'>principum</span> <span class='ocrx_word' id='word_1_211' title='bbox 681 2687 902 2764; x_wconf 79' lang='lat' dir='ltr'>munificentia,</span> <span class='ocrx_word' id='word_1_212' title='bbox 914 2688 977 2749; x_wconf 89' lang='lat' dir='ltr'>sive</span> <span class='ocrx_word' id='word_1_213' title='bbox 986 2689 1151 2752; x_wconf 78' lang='lat' dir='ltr'>voluntaria</span> 
     </span>
     <span class='ocr_line' id='line_1_28' title="bbox 178 2775 1152 2856; baseline 0.002 -21"><span class='ocrx_word' id='word_1_214' title='bbox 178 2775 358 2856; x_wconf 90' lang='lat' dir='ltr'>populorum</span> <span class='ocrx_word' id='word_1_215' title='bbox 381 2775 602 2853; x_wconf 91' lang='lat' dir='ltr'>submissione,</span> <span class='ocrx_word' id='word_1_216' title='bbox 627 2775 688 2838; x_wconf 89' lang='lat' dir='ltr'>sive</span> <span class='ocrx_word' id='word_1_217' title='bbox 709 2775 776 2836; x_wconf 90' lang='lat' dir='ltr'>aliis</span> <span class='ocrx_word' id='word_1_218' title='bbox 797 2775 937 2855; x_wconf 82' lang='lat' dir='ltr'>legitimis</span> <span class='ocrx_word' id='word_1_219' title='bbox 960 2777 1055 2838; x_wconf 87' lang='lat' dir='ltr'>titulis</span> <span class='ocrx_word' id='word_1_220' title='bbox 1077 2795 1085 2838; x_wconf 74' lang='grc' dir='ltr'><strong>ε</strong></span> <span class='ocrx_word' id='word_1_221' title='bbox 1105 2777 1152 2839; x_wconf 90' lang='lat' dir='ltr'>bic</span> 
     </span>
     <span class='ocr_line' id='line_1_29' title="bbox 177 2864 1151 2944; baseline 0.006 -19"><span class='ocrx_word' id='word_1_222' title='bbox 177 2864 347 2942; x_wconf 89' lang='lat' dir='ltr'>temporalis</span> <span class='ocrx_word' id='word_1_223' title='bbox 370 2864 573 2944; x_wconf 76' lang='lat' dir='ltr'>principatuS,</span> <span class='ocrx_word' id='word_1_224' title='bbox 598 2869 701 2926; x_wconf 84' lang='lat' dir='ltr'>eontra</span> <span class='ocrx_word' id='word_1_225' title='bbox 725 2881 838 2943; x_wconf 84' lang='lat' dir='ltr'>quem,</span> <span class='ocrx_word' id='word_1_226' title='bbox 860 2865 1026 2944; x_wconf 89' lang='lat' dir='ltr'>praesertim</span> <span class='ocrx_word' id='word_1_227' title='bbox 1042 2864 1151 2932; x_wconf 80' lang='lat' dir='ltr'>hodie.</span> 
     </span>
     <span class='ocr_line' id='line_1_30' title="bbox 176 2952 1153 3034; baseline 0.004 -20"><span class='ocrx_word' id='word_1_228' title='bbox 176 2955 255 3014; x_wconf 80' lang='lat' dir='ltr'>lanta</span> <span class='ocrx_word' id='word_1_229' title='bbox 270 2953 351 3014; x_wconf 92' lang='lat' dir='ltr'>rabie</span> <span class='ocrx_word' id='word_1_230' title='bbox 365 2952 566 3016; x_wconf 81' lang='lat' dir='ltr'>debacchatur</span> <span class='ocrx_word' id='word_1_231' title='bbox 585 2953 730 3016; x_wconf 88' lang='lat' dir='ltr'>saeculum</span> <span class='ocrx_word' id='word_1_232' title='bbox 745 2970 895 3033; x_wconf 87' lang='lat' dir='ltr'>nequam,</span> <span class='ocrx_word' id='word_1_233' title='bbox 912 2956 943 3013; x_wconf 91' lang='lat' dir='ltr'>et</span> <span class='ocrx_word' id='word_1_234' title='bbox 956 2971 1049 3034; x_wconf 86' lang='lat' dir='ltr'>quem</span> <span class='ocrx_word' id='word_1_235' title='bbox 1068 2959 1153 3018; x_wconf 83' lang='lat' dir='ltr'>tanto</span> 
     </span>
     <span class='ocr_line' id='line_1_31' title="bbox 176 3040 1169 3114; baseline 0.004 -12"><span class='ocrx_word' id='word_1_236' title='bbox 176 3041 243 3103; x_wconf 90' lang='lat' dir='ltr'>nisu</span> <span class='ocrx_word' id='word_1_237' title='bbox 253 3049 384 3104; x_wconf 88' lang='lat' dir='ltr'>evertere</span> <span class='ocrx_word' id='word_1_238' title='bbox 399 3047 548 3105; x_wconf 88' lang='lat' dir='ltr'>conantur</span> <span class='ocrx_word' id='word_1_239' title='bbox 566 3042 667 3104; x_wconf 92' lang='lat' dir='ltr'>omnis</span> <span class='ocrx_word' id='word_1_240' title='bbox 684 3040 800 3103; x_wconf 90' lang='lat' dir='ltr'>ordinis</span> <span class='ocrx_word' id='word_1_241' title='bbox 823 3046 854 3102; x_wconf 88' lang='lat' dir='ltr'>et</span> <span class='ocrx_word' id='word_1_242' title='bbox 873 3041 1060 3104; x_wconf 88' lang='lat' dir='ltr'>auctoritatis</span> <span class='ocrx_word' id='word_1_243' title='bbox 1078 3045 1169 3114; x_wconf 73' lang='lat' dir='ltr'>uni-,¹</span> 
     </span>
     <span class='ocr_line' id='line_1_32' title="bbox 176 3129 1150 3211; baseline 0 -20"><span class='ocrx_word' id='word_1_244' title='bbox 176 3129 248 3192; x_wconf 80' lang='lat' dir='ltr'>uersi</span> <span class='ocrx_word' id='word_1_245' title='bbox 262 3129 362 3192; x_wconf 91' lang='lat' dir='ltr'>hostes</span> <span class='ocrx_word' id='word_1_246' title='bbox 380 3131 494 3210; x_wconf 88' lang='lat' dir='ltr'>aperti,</span> <span class='ocrx_word' id='word_1_247' title='bbox 514 3131 647 3194; x_wconf 89' lang='lat' dir='ltr'>Summis</span> <span class='ocrx_word' id='word_1_248' title='bbox 669 3129 883 3204; x_wconf 82' lang='lat' dir='ltr'>Pontificibus,</span> <span class='ocrx_word' id='word_1_249' title='bbox 905 3129 950 3200; x_wconf 85' lang='lat' dir='ltr'>sie</span> <span class='ocrx_word' id='word_1_250' title='bbox 972 3129 1150 3211; x_wconf 80' lang='lat' dir='ltr'>disponente</span> 
     </span>
     <span class='ocr_line' id='line_1_33' title="bbox 174 3217 1145 3298; baseline 0.006 -20"><span class='ocrx_word' id='word_1_251' title='bbox 174 3217 322 3298; x_wconf 73' lang='lat' dir='ltr'>sapienter</span> <span class='ocrx_word' id='word_1_252' title='bbox 335 3219 436 3281; x_wconf 66' lang='lat' dir='ltr'>divinet</span> <span class='ocrx_word' id='word_1_253' title='bbox 451 3217 841 3296; x_wconf 58' lang='lat' dir='ltr'>Providentiaadvenitpe,</span> <span class='ocrx_word' id='word_1_254' title='bbox 853 3218 919 3279; x_wconf 94' lang='lat' dir='ltr'>siin</span> <span class='ocrx_word' id='word_1_255' title='bbox 932 3217 1047 3280; x_wconf 84' lang='lat' dir='ltr'>ditione</span> <span class='ocrx_word' id='word_1_256' title='bbox 1059 3220 1145 3284; x_wconf 89' lang='lat' dir='ltr'>alieu-</span> 
     </span>
     <span class='ocr_line' id='line_1_34' title="bbox 174 3306 1147 3390; baseline 0.003 -23"><span class='ocrx_word' id='word_1_257' title='bbox 174 3306 222 3385; x_wconf 89' lang='lat' dir='ltr'>jus</span> <span class='ocrx_word' id='word_1_258' title='bbox 244 3306 389 3388; x_wconf 87' lang='lat' dir='ltr'>principis</span> <span class='ocrx_word' id='word_1_259' title='bbox 411 3308 582 3385; x_wconf 89' lang='lat' dir='ltr'>saecularis,</span> <span class='ocrx_word' id='word_1_260' title='bbox 604 3325 728 3370; x_wconf 89' lang='lat' dir='ltr'>manere</span> <span class='ocrx_word' id='word_1_261' title='bbox 750 3307 846 3368; x_wconf 86' lang='lat' dir='ltr'>coacti</span> <span class='ocrx_word' id='word_1_262' title='bbox 870 3306 1015 3384; x_wconf 87' lang='lat' dir='ltr'>luissent,</span> <span class='ocrx_word' id='word_1_263' title='bbox 1040 3307 1147 3390; x_wconf 87' lang='lat' dir='ltr'>reliqui</span> 
     </span>
     <span class='ocr_line' id='line_1_35' title="bbox 173 3395 1147 3478; baseline 0.006 -24"><span class='ocrx_word' id='word_1_264' title='bbox 173 3395 323 3476; x_wconf 88' lang='lat' dir='ltr'>principes</span> <span class='ocrx_word' id='word_1_265' title='bbox 350 3402 380 3457; x_wconf 88' lang='lat' dir='ltr'>et</span> <span class='ocrx_word' id='word_1_266' title='bbox 407 3397 511 3477; x_wconf 91' lang='lat' dir='ltr'>populi</span> <span class='ocrx_word' id='word_1_267' title='bbox 538 3396 652 3458; x_wconf 89' lang='lat' dir='ltr'>eisdem</span> <span class='ocrx_word' id='word_1_268' title='bbox 683 3395 879 3457; x_wconf 82' lang='lat' dir='ltr'>Pontificibus</span> <span class='ocrx_word' id='word_1_269' title='bbox 907 3395 1031 3457; x_wconf 89' lang='lat' dir='ltr'>subesse</span> <span class='ocrx_word' id='word_1_270' title='bbox 1060 3402 1147 3478; x_wconf 88' lang='lat' dir='ltr'>atque</span> 
     </span>
     <span class='ocr_line' id='line_1_36' title="bbox 171 3481 1150 3562; baseline 0.004 -20"><span class='ocrx_word' id='word_1_271' title='bbox 171 3481 378 3562; x_wconf 91' lang='lat' dir='ltr'>obtemperare</span> <span class='ocrx_word' id='word_1_272' title='bbox 393 3491 589 3560; x_wconf 86' lang='lat' dir='ltr'>vererentur,</span> <span class='ocrx_word' id='word_1_273' title='bbox 610 3485 700 3546; x_wconf 89' lang='lat' dir='ltr'>etsie</span> <span class='ocrx_word' id='word_1_274' title='bbox 717 3485 869 3546; x_wconf 91' lang='lat' dir='ltr'>orirentur</span> <span class='ocrx_word' id='word_1_275' title='bbox 893 3484 1098 3546; x_wconf 91' lang='lat' dir='ltr'>dissensiones</span> <span class='ocrx_word' id='word_1_276' title='bbox 1119 3490 1150 3548; x_wconf 81' lang='lat' dir='ltr'>et</span> 
     </span>
     <span class='ocr_line' id='line_1_37' title="bbox 171 3569 1144 3654; baseline 0.006 -24"><span class='ocrx_word' id='word_1_277' title='bbox 171 3569 329 3631; x_wconf 86' lang='lat' dir='ltr'>schismata</span> <span class='ocrx_word' id='word_1_278' title='bbox 343 3573 375 3632; x_wconf 93' lang='lat' dir='ltr'>in</span> <span class='ocrx_word' id='word_1_279' title='bbox 387 3573 520 3636; x_wconf 76' lang='lat' dir='ltr'>Ecclesia</span> <span class='ocrx_word' id='word_1_280' title='bbox 534 3593 542 3635; x_wconf 90' lang='lat'>:</span> <span class='ocrx_word' id='word_1_281' title='bbox 567 3595 583 3634; x_wconf 80' lang='lat' dir='ltr'>o</span> <span class='ocrx_word' id='word_1_282' title='bbox 600 3573 696 3651; x_wconf 90' lang='lat' dir='ltr'>Dieu,</span> <span class='ocrx_word' id='word_1_283' title='bbox 718 3572 815 3653; x_wconf 88' lang='lat' dir='ltr'>inquit</span> <span class='ocrx_word' id='word_1_284' title='bbox 838 3573 1012 3634; x_wconf 88' lang='lat' dir='ltr'>Bossuetius</span> <span class='ocrx_word' id='word_1_285' title='bbox 1033 3571 1144 3654; x_wconf 77' lang='lat' dir='ltr'>(Seru.</span> 
     </span>
     <span class='ocr_line' id='line_1_38' title="bbox 174 3644 1144 3744; baseline 0.009 -29"><span class='ocrx_word' id='word_1_286' title='bbox 174 3677 190 3715; x_wconf 79' lang='lat' dir='ltr'>a</span> <span class='ocrx_word' id='word_1_287' title='bbox 209 3674 262 3716; x_wconf 85' lang='lat' dir='ltr'>sur</span> <span class='ocrx_word' id='word_1_288' title='bbox 276 3657 420 3740; x_wconf 83' lang='lat' dir='ltr'>l&#39;llm&#39;te&#39;),</span> <span class='ocrx_word' id='word_1_289' title='bbox 436 3661 488 3740; x_wconf 90' lang='lat' dir='ltr'>qui</span> <span class='ocrx_word' id='word_1_290' title='bbox 502 3659 614 3724; x_wconf 89' lang='lat' dir='ltr'>voulait</span> <span class='ocrx_word' id='word_1_291' title='bbox 627 3679 686 3742; x_wconf 89' lang='lat' dir='ltr'>que</span> <span class='ocrx_word' id='word_1_292' title='bbox 704 3667 780 3722; x_wconf 90' lang='lat' dir='ltr'>cette</span> <span class='ocrx_word' id='word_1_293' title='bbox 795 3644 896 3741; x_wconf 71' lang='lat' dir='ltr'>Eglise</span> <span class='ocrx_word' id='word_1_294' title='bbox 913 3660 952 3738; x_wconf 80' lang='lat' dir='ltr'>(la</span> <span class='ocrx_word' id='word_1_295' title='bbox 973 3661 1144 3744; x_wconf 85' lang='lat' dir='ltr'>Romaine),</span> 
     </span>
     <span class='ocr_line' id='line_1_39' title="bbox 174 3744 1147 3829; baseline 0.013 -28"><span class='ocrx_word' id='word_1_296' title='bbox 174 3764 189 3800; x_wconf 76' lang='lat' dir='ltr'>r</span> <span class='ocrx_word' id='word_1_297' title='bbox 209 3744 238 3804; x_wconf 83' lang='lat' dir='ltr'>la</span> <span class='ocrx_word' id='word_1_298' title='bbox 253 3747 335 3807; x_wconf 81' lang='lat' dir='ltr'>mere</span> <span class='ocrx_word' id='word_1_299' title='bbox 349 3765 514 3812; x_wconf 85' lang='lat' dir='ltr'>commune</span> <span class='ocrx_word' id='word_1_300' title='bbox 527 3749 565 3811; x_wconf 92' lang='lat' dir='ltr'>de</span> <span class='ocrx_word' id='word_1_301' title='bbox 574 3756 642 3812; x_wconf 89' lang='lat' dir='ltr'>tous</span> <span class='ocrx_word' id='word_1_302' title='bbox 654 3750 697 3812; x_wconf 91' lang='lat' dir='ltr'>les</span> <span class='ocrx_word' id='word_1_303' title='bbox 710 3768 889 3829; x_wconf 85' lang='lat' dir='ltr'>royaumes,</span> <span class='ocrx_word' id='word_1_304' title='bbox 906 3749 982 3811; x_wconf 90' lang='lat' dir='ltr'>dans</span> <span class='ocrx_word' id='word_1_305' title='bbox 1000 3748 1028 3810; x_wconf 86' lang='lat' dir='ltr'>la</span> <span class='ocrx_word' id='word_1_306' title='bbox 1046 3749 1147 3827; x_wconf 85' lang='lat' dir='ltr'>suile,</span> 
     </span>
    </p>
   </div>
   <div class='ocr_carea' id='block_1_6' title="bbox 0 0 1268 4210">
    <p class='ocr_par' dir='ltr' id='par_1_8' title="bbox 0 0 1268 4210">
     <span class='ocr_line' id='line_1_40' title="bbox 0 0 1268 4210; baseline 0 3"><span class='ocrx_word' id='word_1_307' title='bbox 0 0 1268 4210; x_wconf 95' lang='lat' dir='ltr'> </span> 
     </span>
    </p>
   </div>
  </div>
 </body>
</html>
