2548 4216
206 275 263 330 aci
482 283 633 327 cratinum
654 283 737 328 turus
757 281 906 332 cauomcr.

206 385 379 466 dispositio,
395 383 423 444 vi
441 384 529 462 cujus
544 384 763 446 succursaiistae
780 391 810 446 et
822 385 970 466 capellani
991 404 1052 446 non
1073 398 1161 450 essent

207 473 263 537 nisi
277 472 376 534 vicarii
390 472 613 551 parochorum,
629 490 691 534 non
704 472 835 535 admissa
847 473 903 536 init
917 474 956 535 ab
965 475 1164 555 Episcopis‚ct

206 562 370 643 ipsummet
389 561 577 623 Gubernium
597 579 687 622 suum
708 561 871 624 articulum
887 562 1072 624 intellectum
1085 563 1165 626 votuit

207 669 244 715 co
265 668 354 712 sensu
375 649 427 730 qui
446 649 538 710 modo
559 649 667 729 agendi
687 650 910 730 Episcoporum
929 658 1165 729 consonaret,nt

207 738 308 802 videre
321 743 366 800 est
381 740 411 798 in
426 737 560 819 Epistola
574 740 610 799 D.
625 737 750 800 Portaiis
765 740 817 818 (25
832 739 945 800 therm.
961 757 1000 800 an
1013 737 1065 820 X).

248 827 440 891 Succursaies
449 844 531 903 ergo,
545 826 609 888 imd
618 826 953 908 etcapellaniaeruraies
962 826 1165 889 conhabenda

209 924 278 982 sunt
289 916 368 995 apud
378 932 433 977 nos
448 913 539 976 hodie
552 914 644 977 veluti
659 933 730 996 pars
744 915 883 996 paroeciae
892 916 1081 996 principalis,
1092 920 1167 996 prout

209 1005 281 1068 olim
302 1009 403 1079 erant,
419 1009 449 1064 et
465 1009 555 1084 prout
574 1002 675 1065 adhuc
692 1009 764 1066 sunt
782 1010 864 1066 extra
880 1004 1026 1079 Galliam3
1042 1003 1166 1084 quadam

208 1100 310 1155 tamen
331 1092 491 1167 dioeceses
511 1092 602 1154 etiam
622 1090 713 1154 hodie
734 1092 767 1153 in
790 1093 885 1155 Gallia
898 1140 905 1172 ,
920 1099 993 1155 sunt
1005 1091 1082 1154 torte
1099 1093 1165 1154 exci-

210 1181 338 1263 piendae.

250 1271 326 1332 Sunt
345 1286 417 1349 ergo
436 1266 516 1349 apud
536 1288 591 1331 nos
606 1269 727 1351 parochi
742 1269 873 1352 duplicis
889 1269 1021 1353 speciei,
1037 1266 1166 1332 immori·

210 1357 285 1421 biles
303 1364 331 1420 et
348 1355 538 1431 amovihiies,
556 1364 585 1419 et
598 1359 743 1440 quaeritur
761 1365 863 1422 utrum
882 1360 943 1421 sint
960 1357 1166 1422 omnesveriet

212 1447 332 1529 proprie
346 1447 418 1508 dicti
434 1405 576 1528 parochi.

250 1539 339 1617 Resp.
363 1541 394 1600 1⁰
414 1537 458 1597 De
478 1535 616 1616 parochis
640 1535 882 1600 inamovibiiibus
898 1535 981 1600 nulia
1000 1541 1167 1620 potestesse

210 1626 380 1688 difficultas.

248 1715 524 1788 admonitores,
548 1713 617 1776 iicet
637 1713 827 1792 amovibiles‚
855 1714 918 1777 veri
941 1714 1035 1777 etiam
1060 1709 1165 1797 parochi

210 1810 297 1880 sunt,
311 1809 340 1864 et
350 1804 440 1864 vetuti
455 1802 528 1864 tales
541 1801 646 1863 haberi
660 1802 772 1865 debent
785 1823 793 1865 ε
808 1821 880 1865 nam
895 1803 968 1886 ipsis
981 1821 1058 1866 cura
1068 1803 1166 1866 anima·

211 1911 279 1956 rum
293 1892 414 1972 proprio
426 1892 549 1952 nornine
564 1891 733 1954 exercenda
748 1891 963 1965 commiti-itum
979 1898 1166 1970 tenenturqne
1242 1951 1243 1968 p

211 1981 267 2062 ipsi
278 1999 316 2042 ex
330 1979 429 2041 officio
444 1987 631 2041 sacramenta
645 1980 815 2042 ministrare
830 1980 893 2042 suis
907 1980 1113 2061 parochianis,
1124 1976 1165 2059 qui
1242 1971 1243 1980 ’

210 2070 340 2132 vicissim
355 2069 393 2130 ad
409 2069 488 2150 ipsos
503 2087 659 2130 recurrere
668 2067 817 2130 debentia
831 2068 975 2130 omnibus
983 2067 1102 2131 casibus
1113 2065 1166 2148 qui·

210 2157 267 2222 bus
281 2157 455 2240 parochiani
465 2157 548 2218 athre
563 2175 654 2219 suum
665 2157 833 2238 parochnm
847 2162 1000 2220 tenentur.
1019 2160 1107 2239 Ergo,
1120 2162 1164 2218 etc.

250 2249 361 2309 Revera
375 2265 440 2307 non
458 2251 528 2308 sunt
547 2246 704 2326 perpetui,
721 2245 791 2321 sed,
803 2252 836 2308 ut
850 2263 943 2328 supra
956 2244 1104 2323 vidimus,
1118 2260 1165 2306 non

210 2335 380 2399 necessarid
395 2333 543 2415 parochus
558 2340 603 2396 est
617 2340 780 2415 perpetuus
794 2337 886 2413 (495).

249 2427 317 2488 498.
342 2424 463 2497 Quaerit.
485 2424 517 2484 4⁰
539 2425 584 2484 An
606 2424 774 2505 Episcopus
792 2423 907 2504 possit,
927 2422 1045 2506 absque
1065 2420 1167 2486 Induito

210 2513 385 2596 pontificio,
401 2512 599 2574 deservitores
612 2511 738 2574 reddere
751 2511 982 2574 inamovihiies?

250 2601 325 2664 Vide
339 2602 521 2664 solutionem
535 2601 602 2680 eius
615 2600 701 2662 dubii
716 2619 807 2683 supra
820 2600 916 2682 (220).

684 2727 735 2790 ΙΙΙ.

252 2839 298 2904 De
312 2836 450 2902 coucaicd
463 2839 565 2901 cornici
578 2725 720 2921 ρανοῗήοε
731 2837 910 2903 instituendi
922 2849 952 2904 et
962 2840 1134 2907 removendi.
1218 2897 1219 2902 ,

248 2963 318 3024 499.
342 2957 463 3030 Ouaerit.
481 2960 512 3019 1ο
528 2957 600 3028 Quis
615 2956 709 3018 valeat
723 2956 870 3036 parochos
885 2957 1068 3022 instituere?

247 3051 338 3131 Resp.
353 3046 430 3109 Huic
442 3045 601 3128 quaestioni
616 3043 815 3107 satisfecimus
829 3063 930 3127 supra,
947 3051 1019 3124 267,
1032 3053 1088 3110 etc.

247 3143 318 3202 500.
343 3135 464 3208 Quaerit.
480 3138 513 3197 2⁰
527 3136 673 3206 Quaenam
693 3131 778 3196 dotes
797 3135 991 3215 requirantur
1009 3135 1042 3197 in
1061 3149 1163 3217 promo·

207 3227 312 3291 vendis
327 3225 364 3286 ad
377 3224 510 3286 officium
524 3221 718 3304 parochiale?

246 3319 336 3396 Resp.
349 3315 410 3374 Etsi
421 3332 489 3394 quae
497 3309 817 3392 supradiximus(2i3‚
826 3310 898 3394 etc.)
908 3313 1047 3377 sufficere
1054 3311 1160 3397 possint,

208 3405 406 3467 nobistamen
424 3402 496 3465 utiie
509 3401 628 3462 videtur
640 3398 691 3462 hic
706 3399 958 3464 transcriberetur
974 3404 1161 3466 Leurenicsc·

208 3491 329 3572 quentia
340 3492 419 3552 circa
432 3489 609 3570 requisitam
620 3488 794 3550 scientiam:
808 3489 987 3570 requiritur,
998 3493 1102 3574 inquit,
1113 3511 1126 3547 r
1137 3490 1161 3548 ut

213 3579 320 3638 «tales
346 3577 570 3658 (promovendi)
598 3577 694 3639 sciant
720 3577 799 3639 inter
822 3586 944 3659 peccata
969 3579 1158 3662 distinguere,

213 3665 445 3741 «Evangeiium
471 3665 648 3740 declarare,
673 3671 859 3727 sacramenta
890 3667 947 3730 rite
972 3670 1159 3731 administrare

214 3774 227 3810 ι
249 3752 412 3830 (Trident,
437 3770 509 3813 sess.
526 3757 583 3828 tt,
599 3771 627 3815 c.
644 3757 697 3828 18,
714 3752 754 3814 Oc
766 3753 912 3836 reform),
926 3756 1064 3839 adedquc
1082 3755 1158 3832 major
