2616 4228
174 271 212 327 52
448 272 599 316 auananrn
619 271 701 314 turus
722 268 871 313 canuntur.

176 382 240 446 imo
254 377 353 461 quoad
369 374 584 456 obligationem
596 372 725 447 tantiam,
742 369 841 432 adbuc
855 369 1036 432 subsistente
1048 371 1153 451 paena,

177 469 269 532 modd
283 485 372 548 poena
384 483 445 527 non
457 466 608 544 supponat
623 458 792 522 neccssarid
803 457 946 540 culpam,
963 459 1060 539 qualis
1075 465 1157 523 essct

176 579 203 621 v.
244 573 405 619 .censura.

214 579 248 706 lgl
268 643 366 705 Irritat
375 647 460 704 actus
469 640 501 702 in
515 637 700 702 contrarium
714 641 824 715 gestos,
835 641 925 718 prout
939 631 1154 716 potestdeduui

175 752 211 796 ex
226 752 291 814 cap.
310 731 380 796 Clau
397 737 492 803 tauto,
511 727 624 810 pluries
641 744 733 808 supra
746 725 846 787 citato.

217 826 263 884 An
277 828 378 882 autern
393 817 581 880 consuetudo
593 815 687 898 possit
701 813 848 895 abrogare
869 812 968 893 legem
989 830 1060 894 quae
1082 831 1154 894 pro·

176 911 257 971 bibet
275 907 528 971 consuetudinem
547 905 578 966 in
605 904 743 966 futurum
770 901 998 964 inducendam?
1022 901 1153 974 uuaestio

176 1005 221 1060 est
234 1003 443 1072 controversa,
460 1003 492 1057 ut
503 992 742 1055 monvidebitur.
767 1005 769 1009 ’

452 1143 522 1194 rone
540 1143 696 1206 utrouutiouc
708 1141 896 1192 consuetudinis.

217 1283 285 1344 tut.
302 1278 424 1351 Quaerit.
438 1275 596 1348 Quomodo
613 1275 750 1354 abrogari
766 1274 882 1354 possint
891 1272 1156 1338 consuetudines?

215 1369 305 1448 Resp.
331 1366 475 1446 abrogari
498 1383 586 1446 posse
607 1363 652 1424 vel
674 1382 728 1443 per
748 1363 846 1442 legem
868 1363 1154 1442 supervenientem,

175 1455 221 1518 rel
236 1474 290 1536 per
309 1456 407 1536 legum
428 1452 639 1514 consuetudini
659 1451 861 1526 anteriorem,
885 1452 946 1531 qua
966 1451 1155 1515 consuetudo

177 1545 352 1625 prohibetur
367 1549 529 1622 antequam
543 1543 579 1602 sit
593 1548 655 1601 orta
669 1561 678 1616 3
694 1539 738 1600 rel
750 1557 804 1621 per
817 1538 1071 1602 consuetudinem
1085 1559 1155 1604 con·

175 1633 309 1694 tranium.

214 1721 252 1781 El
266 1727 296 1782 l⁰
312 1739 365 1799 per
381 1721 472 1800 legem
482 1717 740 1798 supervenientem.
756 1719 815 1779 Lex
827 1717 1042 1798 superveniens
1053 1735 1154 1781 neces·

175 1809 254 1868 sarid
278 1808 402 1887 abrogat
427 1805 677 1867 consuetudinem
703 1805 904 1866 universalem
929 1805 1073 1868 Ecclesiae
1096 1807 1151 1888 ipsi

175 1896 376 1968 contrarium,
392 1894 508 1955 etianrsi
531 1893 778 1954 immemorabilis
798 1893 887 1955 luerit
899 1893 948 1955 illa
963 1895 1151 1960 consuetudo

174 1990 203 2043 et
214 1982 352 2062 quamvis
367 1983 404 2044 de
419 1985 454 2044 ea
467 1982 514 2042 lex
536 1981 721 2043 mentionem
745 2001 806 2044 non
824 1982 914 2044 faciat
930 2001 937 2042 :
953 1983 1103 2064 alioquin,
1120 1993 1154 2048 ut

174 2070 386 2150 patet,inutilis
398 2071 444 2132 lex
455 2070 622 2132 efficeretur
638 2068 707 2131 :sed
718 2088 778 2131 nun
794 2069 863 2132 ided
877 2070 924 2132 lex
937 2073 1153 2151 superveniens

173 2159 297 2239 abrogat
320 2159 555 2221 consuetudines
578 2158 705 2233 locales,
727 2158 764 2221 de
787 2159 898 2240 quibus
922 2178 983 2220 non
1005 2161 1149 2241 loquitur.

172 2249 255 2328 (Cap.
275 2253 303 2323 l,
318 2249 352 2310 de
368 2248 496 2312 Constit.
514 2247 545 2308 in
560 2250 602 2309 6⁰.
620 2249 740 2325 suarez,
754 2247 798 2308 De
811 2247 958 2330 Leg.,lib.
974 2253 1082 2332 'l‚cap.
1098 2253 1150 2330 20,

173 2344 217 2396 ntis
233 2341 262 2404 7,
280 2339 323 2414 8.)

213 2423 1150 2505 105.Consuetudinibusparticularibusquenonsuntimme

172 2512 347 2588 motabiles,
364 2531 417 2572 seu
432 2531 500 2592 qnae
516 2511 652 2572 nondum
667 2519 790 2574 centum
805 2531 901 2575 annos
915 2513 1050 2576 habent¹
1066 2517 1146 2579 sulli-

170 2599 285 2660 cienter
296 2600 457 2679 derogatur
472 2618 524 2680 per
540 2599 705 2661 clausulam
720 2602 904 2680 generalem,
919 2603 1002 2664 nullu
1016 2603 1145 2669 obstuutt

169 2687 374 2748 consuetudine
391 2705 399 2749 t
415 2707 485 2748 nam
502 2688 551 2749 illa
566 2689 699 2751 clausula
711 2707 773 2751 non
790 2691 994 2773 requiriturut
1004 2693 1142 2758 abolean-

169 2780 219 2838 tur
232 2775 466 2838 consuetudines
488 2777 643 2857 generales
662 2778 822 2854 Ecclesiae3
843 2798 915 2860 ergo
936 2781 1050 2844 inutilis
1069 2793 1146 2846 esset

168 2865 194 2924 si
211 2863 482 2926 consuetudinibus
497 2865 641 2928 localibus
660 2885 722 2930 non
743 2866 910 2950 derogaret.
926 2870 977 2931 Est
998 2873 1147 2936 sententia

169 2953 350 3015 communis.
370 2953 452 3034 (Gap.
471 2958 497 3026 l,
513 2954 547 3017 de
561 2953 697 3019 Consuet.
712 2955 742 3018 in
759 2957 817 3039 6⁰.)

208 3044 277 3104 106.
301 3040 442 3123 Episcopi
455 3047 568 3121 tamen,
582 3044 679 3125 inquit
695 3046 726 3108 S.
737 3046 859 3126 Liguor.
874 3046 940 3128 (lib.
957 3051 985 3124 l,
999 3047 1142 3134 l09),per

166 3147 235 3192 suas
250 3130 331 3210 leges
349 3151 365 3188 c
384 3130 528 3212 abrogant
550 3151 777 3216 quamcumque
797 3137 1049 3200 consuetudinem
1073 3156 1142 3221 par⁴

169 3239 185 3276 u
206 3219 380 3295 ticularem;
396 3219 466 3300 quia
481 3229 705 3300 praesumuntur
718 3223 774 3304 ipsi
795 3223 915 3305 plenam
935 3224 1046 3289 babere
1064 3228 1141 3291 risu·

168 3326 183 3366 u
205 3307 275 3368 tiam
290 3308 546 3371 consuetudinum
562 3329 685 3373 suarum
700 3311 887 3375 dioeccsium.
903 3334 919 3372 a

206 3399 275 3458 107.
300 3396 347 3458 Ad
383 3397 611 3480 abrogationem
637 3401 892 3464 consuetudinum
914 3401 1140 3483 particularium

164 3483 451 3548 immemorabilium
462 3487 599 3568 specialis
609 3489 724 3550 mentio
734 3490 913 3572 requiritur:
927 3492 1033 3552 Etiam
1047 3493 1138 3556 aiu-rue

163 3573 320 3636 morabilis
328 3589 344 3650 ,⁶
355 3573 431 3636 ratio
445 3582 488 3636 est
507 3575 579 3656 quia
594 3575 768 3656 huiusmodi
787 3579 974 3643 consuetudo
988 3588 1033 3644 est
1048 3581 1138 3648 instat

196 3765 203 3792 ¹
220 3761 290 3810 Gurd.
306 3760 426 3822 Goussct,
440 3761 593 3824 Expositum,
608 3767 668 3818 cto..
681 3776 710 3810 no
725 3764 778 3814 tut.

1289 1976 1292 2079 l
