<?xml version="1.0" encoding="UTF-8"?>
<!DOCTYPE html PUBLIC "-//W3C//DTD XHTML 1.0 Transitional//EN"
    "http://www.w3.org/TR/xhtml1/DTD/xhtml1-transitional.dtd">
<html xmlns="http://www.w3.org/1999/xhtml" xml:lang="en" lang="en">
 <head>
  <title>
</title>
<meta http-equiv="Content-Type" content="text/html;charset=utf-8" />
  <meta name='ocr-system' content='tesseract 3.04.00' />
  <meta name='ocr-capabilities' content='ocr_page ocr_carea ocr_par ocr_line ocrx_word'/>
</head>
<body>
  <div class='ocr_page' id='page_1' title='image "./elementajurisca01craigoog_0433.png"; bbox 0 0 2590 4214; ppageno 0'>
   <div class='ocr_carea' id='block_1_1' title="bbox 114 219 856 314">
    <p class='ocr_par' dir='ltr' id='par_1_1' title="bbox 114 219 856 314">
     <span class='ocr_line' id='line_1_1' title="bbox 114 219 856 314; baseline -0.007 -14"><span class='ocrx_word' id='word_1_1' title='bbox 114 304 117 314; x_wconf 34' lang='lat'><strong><em>¹</em></strong></span> <span class='ocrx_word' id='word_1_2' title='bbox 150 241 211 302; x_wconf 79' lang='lat' dir='ltr'><strong>un</strong></span> <span class='ocrx_word' id='word_1_3' title='bbox 428 252 582 301; x_wconf 76' lang='lat' dir='ltr'><strong>staurari</strong></span> <span class='ocrx_word' id='word_1_4' title='bbox 600 252 684 300; x_wconf 80' lang='lat' dir='ltr'><strong>runis</strong></span> <span class='ocrx_word' id='word_1_5' title='bbox 706 219 856 300; x_wconf 78' lang='lat' dir='ltr'><strong>aar&#39;romor.</strong></span> 
     </span>
    </p>
   </div>
   <div class='ocr_carea' id='block_1_2' title="bbox 114 364 1146 3814">
    <p class='ocr_par' dir='ltr' id='par_1_2' title="bbox 153 364 1146 1516">
     <span class='ocr_line' id='line_1_2' title="bbox 155 364 1146 449; baseline -0.002 -17"><span class='ocrx_word' id='word_1_6' title='bbox 155 399 168 432; x_wconf 69' lang='grc' dir='ltr'>ι</span> <span class='ocrx_word' id='word_1_7' title='bbox 194 371 303 443; x_wconf 61' lang='grc'><strong>1111168.</strong></span> <span class='ocrx_word' id='word_1_8' title='bbox 320 378 350 434; x_wconf 87' lang='lat' dir='ltr'><strong>et</strong></span> <span class='ocrx_word' id='word_1_9' title='bbox 361 371 386 433; x_wconf 87' lang='lat' dir='ltr'><strong>si</strong></span> <span class='ocrx_word' id='word_1_10' title='bbox 395 388 458 434; x_wconf 88' lang='lat' dir='ltr'><strong>non</strong></span> <span class='ocrx_word' id='word_1_11' title='bbox 470 379 638 434; x_wconf 84' lang='lat' dir='ltr'><strong>teneantur</strong></span> <span class='ocrx_word' id='word_1_12' title='bbox 652 367 905 432; x_wconf 83' lang='lat' dir='ltr'><strong>extraordinario</strong></span> <span class='ocrx_word' id='word_1_13' title='bbox 919 364 1146 449; x_wconf 77' lang='lat' dir='ltr'>(confessario)</span> 
     </span>
     <span class='ocr_line' id='line_1_3' title="bbox 154 455 1146 535; baseline 0 -16"><span class='ocrx_word' id='word_1_14' title='bbox 154 487 170 520; x_wconf 72' lang='lat' dir='ltr'><strong>a</strong></span> <span class='ocrx_word' id='word_1_15' title='bbox 193 455 1146 535; x_wconf 77' lang='lat' dir='ltr'><strong>confiteri‚teneanturtamenetsesister·e‚a‹laudiendamo·</strong></span> 
     </span>
     <span class='ocr_line' id='line_1_4' title="bbox 153 544 1146 630; baseline -0.002 -22"><span class='ocrx_word' id='word_1_16' title='bbox 153 576 169 608; x_wconf 71' lang='lat' dir='ltr'><strong>a</strong></span> <span class='ocrx_word' id='word_1_17' title='bbox 193 550 259 612; x_wconf 90' lang='lat' dir='ltr'><strong>nita</strong></span> <span class='ocrx_word' id='word_1_18' title='bbox 273 550 433 612; x_wconf 88' lang='lat' dir='ltr'><strong>salutaria.</strong></span> <span class='ocrx_word' id='word_1_19' title='bbox 448 547 525 610; x_wconf 88' lang='lat' dir='ltr'><strong>Item</strong></span> <span class='ocrx_word' id='word_1_20' title='bbox 538 547 625 630; x_wconf 85' lang='lat' dir='ltr'><strong>qubd</strong></span> <span class='ocrx_word' id='word_1_21' title='bbox 637 547 784 628; x_wconf 83' lang='lat' dir='ltr'>Episcopi</span> <span class='ocrx_word' id='word_1_22' title='bbox 795 546 856 608; x_wconf 88' lang='lat' dir='ltr'><strong>hoe</strong></span> <span class='ocrx_word' id='word_1_23' title='bbox 870 544 955 607; x_wconf 89' lang='lat' dir='ltr'><strong>idem</strong></span> <span class='ocrx_word' id='word_1_24' title='bbox 969 545 1146 608; x_wconf 81' lang='lat' dir='ltr'><strong>observent</strong></span> 
     </span>
     <span class='ocr_line' id='line_1_5' title="bbox 156 635 1144 718; baseline -0.001 -21"><span class='ocrx_word' id='word_1_25' title='bbox 156 662 169 697; x_wconf 79' lang='grc' dir='ltr'>ι</span> <span class='ocrx_word' id='word_1_26' title='bbox 191 657 260 702; x_wconf 86' lang='lat' dir='ltr'><strong>eum</strong></span> <span class='ocrx_word' id='word_1_27' title='bbox 274 639 518 702; x_wconf 80' lang='lat' dir='ltr'><strong>Comervatoriia.</strong></span> <span class='ocrx_word' id='word_1_28' title='bbox 529 636 606 700; x_wconf 82' lang='lat' dir='ltr'><strong>Item</strong></span> <span class='ocrx_word' id='word_1_29' title='bbox 619 635 704 718; x_wconf 80' lang='lat' dir='ltr'><strong>quod</strong></span> <span class='ocrx_word' id='word_1_30' title='bbox 716 636 748 697; x_wconf 93' lang='lat' dir='ltr'><strong>in</strong></span> <span class='ocrx_word' id='word_1_31' title='bbox 760 635 895 697; x_wconf 86' lang='lat' dir='ltr'><strong>articulo</strong></span> <span class='ocrx_word' id='word_1_32' title='bbox 908 635 1034 709; x_wconf 87' lang='lat' dir='ltr'><strong>mortis,</strong></span> <span class='ocrx_word' id='word_1_33' title='bbox 1050 635 1144 696; x_wconf 83' lang='lat' dir='ltr'><strong>ouili-</strong></span> 
     </span>
     <span class='ocr_line' id='line_1_6' title="bbox 153 721 1145 809; baseline 0.003 -25"><span class='ocrx_word' id='word_1_34' title='bbox 153 754 170 785; x_wconf 80' lang='lat'>«</span> <span class='ocrx_word' id='word_1_35' title='bbox 193 721 1145 809; x_wconf 78' lang='lat' dir='ltr'><strong>betmonialipostulantieoncedaturabllpiseopoconfessa-</strong></span> 
     </span>
     <span class='ocr_line' id='line_1_7' title="bbox 156 811 1146 900; baseline -0.002 -23"><span class='ocrx_word' id='word_1_36' title='bbox 156 841 173 877; x_wconf 73' lang='grc' dir='ltr'><strong>(ι</strong></span> <span class='ocrx_word' id='word_1_37' title='bbox 196 819 260 880; x_wconf 88' lang='lat' dir='ltr'><strong>rius</strong></span> <span class='ocrx_word' id='word_1_38' title='bbox 275 817 483 900; x_wconf 87' lang='lat' dir='ltr'><strong>particularis.</strong></span> <span class='ocrx_word' id='word_1_39' title='bbox 502 815 580 878; x_wconf 87' lang='lat' dir='ltr'><strong>ltem</strong></span> <span class='ocrx_word' id='word_1_40' title='bbox 593 815 677 898; x_wconf 87' lang='lat' dir='ltr'><strong>qubd</strong></span> <span class='ocrx_word' id='word_1_41' title='bbox 694 815 720 876; x_wconf 89' lang='lat' dir='ltr'><strong>si</strong></span> <span class='ocrx_word' id='word_1_42' title='bbox 737 813 843 894; x_wconf 87' lang='lat' dir='ltr'><strong>aliqua</strong></span> <span class='ocrx_word' id='word_1_43' title='bbox 861 811 1011 874; x_wconf 87' lang='lat' dir='ltr'><strong>monialis</strong></span> <span class='ocrx_word' id='word_1_44' title='bbox 1027 823 1146 875; x_wconf 86' lang='lat' dir='ltr'><strong>renuat</strong></span> 
     </span>
     <span class='ocr_line' id='line_1_8' title="bbox 154 901 1145 985; baseline -0.003 -17"><span class='ocrx_word' id='word_1_45' title='bbox 154 929 170 961; x_wconf 88' lang='lat'>«</span> <span class='ocrx_word' id='word_1_46' title='bbox 194 905 333 968; x_wconf 83' lang='lat' dir='ltr'><strong>confiteri</strong></span> <span class='ocrx_word' id='word_1_47' title='bbox 350 904 525 980; x_wconf 85' lang='lat' dir='ltr'><strong>ordinario,</strong></span> <span class='ocrx_word' id='word_1_48' title='bbox 541 903 710 984; x_wconf 87' lang='lat' dir='ltr'><strong>deputetur</strong></span> <span class='ocrx_word' id='word_1_49' title='bbox 722 903 749 965; x_wconf 89' lang='lat' dir='ltr'><strong>ei</strong></span> <span class='ocrx_word' id='word_1_50' title='bbox 763 903 845 964; x_wconf 88' lang='lat' dir='ltr'><strong>alius</strong></span> <span class='ocrx_word' id='word_1_51' title='bbox 857 901 897 962; x_wconf 89' lang='lat' dir='ltr'><strong>ab</strong></span> <span class='ocrx_word' id='word_1_52' title='bbox 910 901 1072 983; x_wconf 84' lang='lat' dir='ltr'><strong>Episcopo</strong></span> <span class='ocrx_word' id='word_1_53' title='bbox 1086 920 1145 985; x_wconf 91' lang='lat' dir='ltr'><strong>pro</strong></span> 
     </span>
     <span class='ocr_line' id='line_1_9' title="bbox 157 989 1146 1073; baseline 0.002 -21"><span class='ocrx_word' id='word_1_54' title='bbox 157 1020 171 1052; x_wconf 70' lang='lat' dir='ltr'><strong>a</strong></span> <span class='ocrx_word' id='word_1_55' title='bbox 196 995 288 1056; x_wconf 87' lang='lat' dir='ltr'><strong>certis</strong></span> <span class='ocrx_word' id='word_1_56' title='bbox 302 993 432 1058; x_wconf 84' lang='lat' dir='ltr'><strong>viribus.</strong></span> <span class='ocrx_word' id='word_1_57' title='bbox 450 993 599 1056; x_wconf 76' lang='lat' dir='ltr'><strong>Hortatur</strong></span> <span class='ocrx_word' id='word_1_58' title='bbox 614 1001 720 1054; x_wconf 89' lang='lat' dir='ltr'><strong>autam</strong></span> <span class='ocrx_word' id='word_1_59' title='bbox 736 989 877 1054; x_wconf 78' lang='lat' dir='ltr'><strong>Pontifex</strong></span> <span class='ocrx_word' id='word_1_60' title='bbox 903 989 1084 1073; x_wconf 83' lang='lat' dir='ltr'><strong>Episcopos</strong></span> <span class='ocrx_word' id='word_1_61' title='bbox 1104 1009 1146 1054; x_wconf 86' lang='lat' dir='ltr'><strong>na</strong></span> 
     </span>
     <span class='ocr_line' id='line_1_10' title="bbox 157 1079 1145 1164; baseline 0.004 -26"><span class='ocrx_word' id='word_1_62' title='bbox 157 1109 171 1138; x_wconf 86' lang='lat'>«</span> <span class='ocrx_word' id='word_1_63' title='bbox 196 1085 257 1145; x_wconf 84' lang='lat' dir='ltr'><strong>sint</strong></span> <span class='ocrx_word' id='word_1_64' title='bbox 271 1083 415 1144; x_wconf 76' lang='lat' dir='ltr'><strong>difficiles</strong></span> <span class='ocrx_word' id='word_1_65' title='bbox 430 1082 469 1144; x_wconf 93' lang='lat' dir='ltr'><strong>ad</strong></span> <span class='ocrx_word' id='word_1_66' title='bbox 483 1081 698 1164; x_wconf 85' lang='lat' dir='ltr'><strong>peculiaribus</strong></span> <span class='ocrx_word' id='word_1_67' title='bbox 715 1079 909 1143; x_wconf 81' lang='lat' dir='ltr'><strong>monialibus</strong></span> <span class='ocrx_word' id='word_1_68' title='bbox 920 1081 1145 1143; x_wconf 80' lang='lat' dir='ltr'><strong>extraordina·</strong></span> 
     </span>
     <span class='ocr_line' id='line_1_11' title="bbox 154 1169 1142 1253; baseline 0.005 -27"><span class='ocrx_word' id='word_1_69' title='bbox 154 1196 172 1227; x_wconf 88' lang='lat'>«</span> <span class='ocrx_word' id='word_1_70' title='bbox 196 1173 279 1232; x_wconf 91' lang='lat' dir='ltr'><strong>rium</strong></span> <span class='ocrx_word' id='word_1_71' title='bbox 302 1170 528 1233; x_wconf 76' lang='lat' dir='ltr'><strong>confessarium</strong></span> <span class='ocrx_word' id='word_1_72' title='bbox 550 1172 724 1253; x_wconf 89' lang='lat' dir='ltr'><strong>aliquando</strong></span> <span class='ocrx_word' id='word_1_73' title='bbox 749 1169 931 1250; x_wconf 87' lang='lat' dir='ltr'><strong>petentibus</strong></span> <span class='ocrx_word' id='word_1_74' title='bbox 960 1169 1142 1231; x_wconf 85' lang='lat' dir='ltr'><strong>eonceden-</strong></span> 
     </span>
     <span class='ocr_line' id='line_1_12' title="bbox 157 1257 1142 1340; baseline 0.002 -24"><span class='ocrx_word' id='word_1_75' title='bbox 157 1283 173 1316; x_wconf 81' lang='lat'>‹</span> <span class='ocrx_word' id='word_1_76' title='bbox 195 1259 286 1320; x_wconf 88' lang='lat' dir='ltr'><strong>dum.</strong></span> <span class='ocrx_word' id='word_1_77' title='bbox 305 1257 389 1320; x_wconf 80' lang='lat' dir='ltr'><strong>Eleo</strong></span> <span class='ocrx_word' id='word_1_78' title='bbox 402 1259 788 1340; x_wconf 75' lang='lat' dir='ltr'><strong>temporefeonfessarius)</strong></span> <span class='ocrx_word' id='word_1_79' title='bbox 802 1257 986 1319; x_wconf 87' lang='lat' dir='ltr'><strong>ordinarius</strong></span> <span class='ocrx_word' id='word_1_80' title='bbox 1003 1257 1142 1334; x_wconf 73' lang='lat' dir='ltr'><strong>nulliuS,</strong></span> 
     </span>
     <span class='ocr_line' id='line_1_13' title="bbox 156 1344 1143 1429; baseline 0.006 -25"><span class='ocrx_word' id='word_1_81' title='bbox 156 1371 174 1404; x_wconf 87' lang='lat'>«</span> <span class='ocrx_word' id='word_1_82' title='bbox 198 1365 299 1429; x_wconf 87' lang='lat' dir='ltr'><strong>neque</strong></span> <span class='ocrx_word' id='word_1_83' title='bbox 314 1346 486 1410; x_wconf 84' lang='lat' dir='ltr'><strong>Abbatissae</strong></span> <span class='ocrx_word' id='word_1_84' title='bbox 503 1363 606 1429; x_wconf 89' lang='lat' dir='ltr'><strong>neque</strong></span> <span class='ocrx_word' id='word_1_85' title='bbox 621 1347 813 1410; x_wconf 85' lang='lat' dir='ltr'><strong>novitiarum</strong></span> <span class='ocrx_word' id='word_1_86' title='bbox 842 1344 952 1408; x_wconf 84' lang='lat' dir='ltr'><strong>audiat</strong></span> <span class='ocrx_word' id='word_1_87' title='bbox 967 1344 1143 1410; x_wconf 81' lang='lat' dir='ltr'><strong>confessio</strong></span> 
     </span>
     <span class='ocr_line' id='line_1_14' title="bbox 156 1434 762 1516; baseline 0.008 -23"><span class='ocrx_word' id='word_1_88' title='bbox 156 1460 175 1493; x_wconf 68' lang='grc' dir='ltr'><strong>«ι</strong></span> <span class='ocrx_word' id='word_1_89' title='bbox 197 1455 266 1499; x_wconf 89' lang='lat' dir='ltr'><strong>nes.</strong></span> <span class='ocrx_word' id='word_1_90' title='bbox 287 1460 300 1494; x_wconf 76' lang='lat' dir='ltr'><strong>r</strong></span> <span class='ocrx_word' id='word_1_91' title='bbox 314 1435 346 1497; x_wconf 87' lang='lat' dir='ltr'><strong>S.</strong></span> <span class='ocrx_word' id='word_1_92' title='bbox 360 1435 498 1516; x_wconf 73' lang='lat' dir='ltr'><strong>Lignea,</strong></span> <span class='ocrx_word' id='word_1_93' title='bbox 514 1435 574 1498; x_wconf 93' lang='lat' dir='ltr'><strong>lib.</strong></span> <span class='ocrx_word' id='word_1_94' title='bbox 595 1434 624 1512; x_wconf 86' lang='grc'><strong>6,</strong></span> <span class='ocrx_word' id='word_1_95' title='bbox 641 1447 678 1498; x_wconf 87' lang='lat' dir='ltr'><strong>n⁰</strong></span> <span class='ocrx_word' id='word_1_96' title='bbox 693 1435 762 1498; x_wconf 83' lang='lat'><strong>576.</strong></span> 
     </span>
    </p>

    <p class='ocr_par' dir='ltr' id='par_1_3' title="bbox 163 1524 1144 1958">
     <span class='ocr_line' id='line_1_15' title="bbox 202 1524 1142 1612; baseline 0.002 -23"><span class='ocrx_word' id='word_1_97' title='bbox 202 1530 277 1590; x_wconf 83' lang='lat' dir='ltr'><strong>Cirm</strong></span> <span class='ocrx_word' id='word_1_98' title='bbox 292 1527 439 1588; x_wconf 83' lang='lat' dir='ltr'><strong>moniales</strong></span> <span class='ocrx_word' id='word_1_99' title='bbox 454 1542 514 1585; x_wconf 94' lang='lat' dir='ltr'><strong>non</strong></span> <span class='ocrx_word' id='word_1_100' title='bbox 526 1524 586 1584; x_wconf 84' lang='lat' dir='ltr'><strong>sint</strong></span> <span class='ocrx_word' id='word_1_101' title='bbox 598 1530 745 1605; x_wconf 84' lang='lat' dir='ltr'><strong>exemptae</strong></span> <span class='ocrx_word' id='word_1_102' title='bbox 759 1525 790 1586; x_wconf 94' lang='lat' dir='ltr'><strong>in</strong></span> <span class='ocrx_word' id='word_1_103' title='bbox 806 1527 919 1602; x_wconf 77' lang='lat' dir='ltr'><strong>Gallia,</strong></span> <span class='ocrx_word' id='word_1_104' title='bbox 936 1529 1039 1590; x_wconf 85' lang='lat' dir='ltr'><strong>solent</strong></span> <span class='ocrx_word' id='word_1_105' title='bbox 1053 1531 1142 1612; x_wconf 90' lang='lat' dir='ltr'><strong>Epis-</strong></span> 
     </span>
     <span class='ocr_line' id='line_1_16' title="bbox 164 1611 1141 1700; baseline 0.004 -23"><span class='ocrx_word' id='word_1_106' title='bbox 164 1618 230 1698; x_wconf 86' lang='lat' dir='ltr'><strong>aopi</strong></span> <span class='ocrx_word' id='word_1_107' title='bbox 245 1617 389 1697; x_wconf 88' lang='lat' dir='ltr'><strong>deputare</strong></span> <span class='ocrx_word' id='word_1_108' title='bbox 408 1612 583 1694; x_wconf 89' lang='lat' dir='ltr'><strong>Capelianos</strong></span> <span class='ocrx_word' id='word_1_109' title='bbox 600 1629 671 1672; x_wconf 78' lang='lat' dir='ltr'><strong>erim</strong></span> <span class='ocrx_word' id='word_1_110' title='bbox 692 1611 831 1676; x_wconf 75' lang='lat' dir='ltr'><strong>facultate</strong></span> <span class='ocrx_word' id='word_1_111' title='bbox 852 1617 959 1678; x_wconf 89' lang='lat' dir='ltr'><strong>eadem</strong></span> <span class='ocrx_word' id='word_1_112' title='bbox 973 1619 1141 1700; x_wconf 82' lang='lat' dir='ltr'><strong>peragendi</strong></span> 
     </span>
     <span class='ocr_line' id='line_1_17' title="bbox 163 1699 1142 1784; baseline 0.001 -17"><span class='ocrx_word' id='word_1_113' title='bbox 163 1725 198 1767; x_wconf 87' lang='lat' dir='ltr'><strong>ae</strong></span> <span class='ocrx_word' id='word_1_114' title='bbox 212 1705 282 1766; x_wconf 83' lang='lat' dir='ltr'><strong>facit</strong></span> <span class='ocrx_word' id='word_1_115' title='bbox 295 1700 565 1784; x_wconf 66' lang='lat' dir='ltr'><strong>parochus,=lieet‚</strong></span> <span class='ocrx_word' id='word_1_116' title='bbox 586 1699 703 1760; x_wconf 80' lang='lat' dir='ltr'><strong>seclusa</strong></span> <span class='ocrx_word' id='word_1_117' title='bbox 722 1701 753 1760; x_wconf 93' lang='lat' dir='ltr'><strong>in</strong></span> <span class='ocrx_word' id='word_1_118' title='bbox 774 1705 959 1767; x_wconf 88' lang='lat' dir='ltr'><strong>eontrarium</strong></span> <span class='ocrx_word' id='word_1_119' title='bbox 973 1715 1142 1770; x_wconf 84' lang='lat' dir='ltr'><strong>eonsuetu-</strong></span> 
     </span>
     <span class='ocr_line' id='line_1_18' title="bbox 163 1789 1144 1875; baseline 0.003 -21"><span class='ocrx_word' id='word_1_120' title='bbox 163 1795 252 1868; x_wconf 83' lang='lat' dir='ltr'><strong>dine,</strong></span> <span class='ocrx_word' id='word_1_121' title='bbox 268 1792 305 1853; x_wconf 88' lang='lat' dir='ltr'><strong>ad</strong></span> <span class='ocrx_word' id='word_1_122' title='bbox 320 1790 486 1872; x_wconf 86' lang='lat' dir='ltr'><strong>paroohum</strong></span> <span class='ocrx_word' id='word_1_123' title='bbox 503 1789 572 1868; x_wconf 87' lang='lat' dir='ltr'><strong>jure</strong></span> <span class='ocrx_word' id='word_1_124' title='bbox 586 1789 742 1850; x_wconf 83' lang='lat' dir='ltr'><strong>communi</strong></span> <span class='ocrx_word' id='word_1_125' title='bbox 766 1793 913 1870; x_wconf 78' lang='lat' dir='ltr'><strong>pertineat</strong></span> <span class='ocrx_word' id='word_1_126' title='bbox 933 1795 1089 1875; x_wconf 82' lang='lat' dir='ltr'><strong>Viatieum</strong></span> <span class='ocrx_word' id='word_1_127' title='bbox 1113 1803 1144 1858; x_wconf 88' lang='lat' dir='ltr'><strong>et</strong></span> 
     </span>
     <span class='ocr_line' id='line_1_19' title="bbox 165 1878 961 1958; baseline 0.003 -16"><span class='ocrx_word' id='word_1_128' title='bbox 165 1878 529 1942; x_wconf 83' lang='lat' dir='ltr'><strong>Extremam-Unctionem</strong></span> <span class='ocrx_word' id='word_1_129' title='bbox 544 1894 605 1938; x_wconf 91' lang='lat' dir='ltr'><strong>uon</strong></span> <span class='ocrx_word' id='word_1_130' title='bbox 620 1878 766 1958; x_wconf 84' lang='lat' dir='ltr'><strong>exemplis</strong></span> <span class='ocrx_word' id='word_1_131' title='bbox 780 1880 961 1944; x_wconf 90' lang='lat' dir='ltr'><strong>ministrare.</strong></span> 
     </span>
    </p>

    <p class='ocr_par' dir='ltr' id='par_1_4' title="bbox 163 1966 1144 2317">
     <span class='ocr_line' id='line_1_20' title="bbox 204 1966 1143 2048; baseline 0.004 -18"><span class='ocrx_word' id='word_1_132' title='bbox 204 1969 269 2030; x_wconf 82' lang='lat' dir='ltr'><strong>lmo</strong></span> <span class='ocrx_word' id='word_1_133' title='bbox 281 1966 453 2029; x_wconf 83' lang='lat' dir='ltr'><strong>confessarii</strong></span> <span class='ocrx_word' id='word_1_134' title='bbox 468 1966 765 2027; x_wconf 83' lang='lat' dir='ltr'><strong>Conservatoriorum</strong></span> <span class='ocrx_word' id='word_1_135' title='bbox 778 1977 903 2048; x_wconf 89' lang='lat' dir='ltr'><strong>possunt</strong></span> <span class='ocrx_word' id='word_1_136' title='bbox 916 1969 1050 2034; x_wconf 77' lang='lat' dir='ltr'><strong>sentinas</strong></span> <span class='ocrx_word' id='word_1_137' title='bbox 1067 1975 1143 2034; x_wconf 84' lang='lat' dir='ltr'><strong>Con·</strong></span> 
     </span>
     <span class='ocr_line' id='line_1_21' title="bbox 163 2053 1144 2135; baseline 0.004 -15"><span class='ocrx_word' id='word_1_138' title='bbox 163 2057 327 2120; x_wconf 85' lang='lat' dir='ltr'><strong>servatoria</strong></span> <span class='ocrx_word' id='word_1_139' title='bbox 341 2055 524 2135; x_wconf 80' lang='lat' dir='ltr'><strong>adscriptas,</strong></span> <span class='ocrx_word' id='word_1_140' title='bbox 541 2053 595 2114; x_wconf 90' lang='lat' dir='ltr'><strong>etsi</strong></span> <span class='ocrx_word' id='word_1_141' title='bbox 608 2061 691 2114; x_wconf 86' lang='lat' dir='ltr'><strong>extra</strong></span> <span class='ocrx_word' id='word_1_142' title='bbox 705 2061 921 2120; x_wconf 87' lang='lat' dir='ltr'><strong>monasterium</strong></span> <span class='ocrx_word' id='word_1_143' title='bbox 942 2061 1095 2135; x_wconf 84' lang='lat' dir='ltr'><strong>existant,</strong></span> <span class='ocrx_word' id='word_1_144' title='bbox 1111 2063 1144 2124; x_wconf 91' lang='lat' dir='ltr'><strong>iu</strong></span> 
     </span>
     <span class='ocr_line' id='line_1_22' title="bbox 163 2142 1143 2230; baseline 0.004 -22"><span class='ocrx_word' id='word_1_145' title='bbox 163 2145 353 2209; x_wconf 88' lang='lat' dir='ltr'><strong>eonfessione</strong></span> <span class='ocrx_word' id='word_1_146' title='bbox 378 2143 492 2205; x_wconf 85' lang='lat' dir='ltr'><strong>audire.</strong></span> <span class='ocrx_word' id='word_1_147' title='bbox 512 2175 550 2188; x_wconf 92' lang='lat'>-</span> <span class='ocrx_word' id='word_1_148' title='bbox 569 2142 710 2204; x_wconf 86' lang='lat' dir='ltr'><strong>Deeisum</strong></span> <span class='ocrx_word' id='word_1_149' title='bbox 737 2146 754 2204; x_wconf 77' lang='lat' dir='ltr'><strong>a</strong></span> <span class='ocrx_word' id='word_1_150' title='bbox 780 2145 870 2208; x_wconf 75' lang='lat' dir='ltr'><strong>Saorb</strong></span> <span class='ocrx_word' id='word_1_151' title='bbox 896 2148 1143 2230; x_wconf 82' lang='lat' dir='ltr'><strong>Congregalione</strong></span> 
     </span>
     <span class='ocr_line' id='line_1_23' title="bbox 165 2231 881 2317; baseline 0.001 -21"><span class='ocrx_word' id='word_1_152' title='bbox 165 2235 384 2317; x_wconf 81' lang='lat' dir='ltr'><strong>Episcoporum</strong></span> <span class='ocrx_word' id='word_1_153' title='bbox 399 2239 427 2293; x_wconf 87' lang='lat' dir='ltr'><strong>el</strong></span> <span class='ocrx_word' id='word_1_154' title='bbox 444 2231 638 2310; x_wconf 79' lang='lat' dir='ltr'><strong>Regularium</strong></span> <span class='ocrx_word' id='word_1_155' title='bbox 651 2236 690 2293; x_wconf 75' lang='lat'><strong>29</strong></span> <span class='ocrx_word' id='word_1_156' title='bbox 701 2233 777 2310; x_wconf 87' lang='lat' dir='ltr'><strong>junii</strong></span> <span class='ocrx_word' id='word_1_157' title='bbox 795 2238 881 2297; x_wconf 80' lang='grc'><strong>1817.</strong></span> 
     </span>
    </p>

    <p class='ocr_par' dir='ltr' id='par_1_5' title="bbox 114 2319 1146 3727">
     <span class='ocr_line' id='line_1_24' title="bbox 205 2319 1146 2406; baseline 0.005 -21"><span class='ocrx_word' id='word_1_158' title='bbox 205 2326 276 2385; x_wconf 81' lang='grc'><strong>563.</strong></span> <span class='ocrx_word' id='word_1_159' title='bbox 292 2319 517 2382; x_wconf 75' lang='lat' dir='ltr'><strong>«confessarius</strong></span> <span class='ocrx_word' id='word_1_160' title='bbox 526 2324 555 2380; x_wconf 84' lang='lat' dir='ltr'><strong>et</strong></span> <span class='ocrx_word' id='word_1_161' title='bbox 566 2319 743 2399; x_wconf 83' lang='lat' dir='ltr'><strong>Capelianus</strong></span> <span class='ocrx_word' id='word_1_162' title='bbox 755 2341 1021 2406; x_wconf 86' lang='lat' dir='ltr'><strong>quarumcumque</strong></span> <span class='ocrx_word' id='word_1_163' title='bbox 1031 2329 1146 2390; x_wconf 87' lang='lat' dir='ltr'><strong>monia·</strong></span> 
     </span>
     <span class='ocr_line' id='line_1_25' title="bbox 168 2408 1146 2491; baseline 0.006 -20"><span class='ocrx_word' id='word_1_164' title='bbox 168 2437 184 2471; x_wconf 78' lang='lat' dir='ltr'><strong>u</strong></span> <span class='ocrx_word' id='word_1_165' title='bbox 206 2410 410 2491; x_wconf 73' lang='lat' dir='ltr'><strong>lium‚quaead</strong></span> <span class='ocrx_word' id='word_1_166' title='bbox 420 2408 547 2469; x_wconf 85' lang='lat' dir='ltr'><strong>chorum</strong></span> <span class='ocrx_word' id='word_1_167' title='bbox 558 2415 627 2468; x_wconf 85' lang='lat' dir='ltr'><strong>sunt</strong></span> <span class='ocrx_word' id='word_1_168' title='bbox 637 2409 778 2488; x_wconf 84' lang='lat' dir='ltr'><strong>professae</strong></span> <span class='ocrx_word' id='word_1_169' title='bbox 786 2413 826 2487; x_wconf 88' lang='lat' dir='ltr'><strong>(et</strong></span> <span class='ocrx_word' id='word_1_170' title='bbox 835 2412 1067 2476; x_wconf 82' lang='lat' dir='ltr'><strong>recitanttotmn</strong></span> <span class='ocrx_word' id='word_1_171' title='bbox 1077 2415 1146 2477; x_wconf 72' lang='lat' dir='ltr'><strong>Offr</strong></span> 
     </span>
     <span class='ocr_line' id='line_1_26' title="bbox 170 2497 1145 2581; baseline 0.008 -21"><span class='ocrx_word' id='word_1_172' title='bbox 170 2526 184 2560; x_wconf 66' lang='grc' dir='ltr'><strong>(ι</strong></span> <span class='ocrx_word' id='word_1_173' title='bbox 205 2501 287 2562; x_wconf 89' lang='lat' dir='ltr'><strong>eium</strong></span> <span class='ocrx_word' id='word_1_174' title='bbox 305 2497 503 2574; x_wconf 81' lang='lat' dir='ltr'><strong>canonicum,</strong></span> <span class='ocrx_word' id='word_1_175' title='bbox 524 2514 586 2558; x_wconf 89' lang='lat' dir='ltr'><strong>non</strong></span> <span class='ocrx_word' id='word_1_176' title='bbox 604 2504 705 2558; x_wconf 81' lang='lat' dir='ltr'><strong>aulem</strong></span> <span class='ocrx_word' id='word_1_177' title='bbox 728 2501 846 2560; x_wconf 83' lang='lat' dir='ltr'><strong>tantum</strong></span> <span class='ocrx_word' id='word_1_178' title='bbox 860 2519 986 2581; x_wconf 87' lang='lat' dir='ltr'><strong>parvum</strong></span> <span class='ocrx_word' id='word_1_179' title='bbox 1001 2504 1145 2568; x_wconf 84' lang='lat' dir='ltr'><strong>Officium</strong></span> 
     </span>
     <span class='ocr_line' id='line_1_27' title="bbox 170 2584 1145 2673; baseline 0.008 -25"><span class='ocrx_word' id='word_1_180' title='bbox 170 2613 185 2648; x_wconf 90' lang='lat'>«</span> <span class='ocrx_word' id='word_1_181' title='bbox 207 2590 305 2650; x_wconf 84' lang='lat' dir='ltr'><strong>Beatae</strong></span> <span class='ocrx_word' id='word_1_182' title='bbox 326 2586 428 2648; x_wconf 86' lang='lat' dir='ltr'><strong>Mariae</strong></span> <span class='ocrx_word' id='word_1_183' title='bbox 441 2584 583 2667; x_wconf 84' lang='lat' dir='ltr'><strong>Virginis)</strong></span> <span class='ocrx_word' id='word_1_184' title='bbox 599 2585 710 2666; x_wconf 87' lang='lat' dir='ltr'><strong>aliique</strong></span> <span class='ocrx_word' id='word_1_185' title='bbox 724 2605 830 2649; x_wconf 92' lang='lat' dir='ltr'><strong>omnes</strong></span> <span class='ocrx_word' id='word_1_186' title='bbox 842 2597 871 2650; x_wconf 86' lang='lat' dir='ltr'><strong>et</strong></span> <span class='ocrx_word' id='word_1_187' title='bbox 885 2590 996 2670; x_wconf 85' lang='lat' dir='ltr'><strong>singuli</strong></span> <span class='ocrx_word' id='word_1_188' title='bbox 1010 2639 1018 2669; x_wconf 95' lang='lat'>‚</span> <span class='ocrx_word' id='word_1_189' title='bbox 1034 2593 1089 2673; x_wconf 89' lang='lat' dir='ltr'><strong>qui</strong></span> <span class='ocrx_word' id='word_1_190' title='bbox 1108 2612 1145 2656; x_wconf 86' lang='lat' dir='ltr'><strong>ex</strong></span> 
     </span>
     <span class='ocr_line' id='line_1_28' title="bbox 170 2674 1145 2744; baseline 0.005 -6"><span class='ocrx_word' id='word_1_191' title='bbox 170 2701 187 2738; x_wconf 75' lang='lat' dir='ltr'><strong>o</strong></span> <span class='ocrx_word' id='word_1_192' title='bbox 206 2676 307 2738; x_wconf 88' lang='lat' dir='ltr'><strong>debito</strong></span> <span class='ocrx_word' id='word_1_193' title='bbox 322 2682 464 2737; x_wconf 87' lang='lat' dir='ltr'><strong>tenentur</strong></span> <span class='ocrx_word' id='word_1_194' title='bbox 477 2674 670 2736; x_wconf 83' lang='lat' dir='ltr'><strong>celebrarem</strong></span> <span class='ocrx_word' id='word_1_195' title='bbox 684 2675 810 2738; x_wconf 79' lang='lat' dir='ltr'><strong>ecelesia</strong></span> <span class='ocrx_word' id='word_1_196' title='bbox 829 2677 1007 2742; x_wconf 86' lang='lat' dir='ltr'><strong>earumdem</strong></span> <span class='ocrx_word' id='word_1_197' title='bbox 1032 2683 1145 2744; x_wconf 79' lang='lat' dir='ltr'><strong>monia</strong></span> 
     </span>
     <span class='ocr_line' id='line_1_29' title="bbox 171 2763 1145 2850; baseline 0.008 -24"><span class='ocrx_word' id='word_1_198' title='bbox 171 2788 188 2825; x_wconf 80' lang='lat' dir='ltr'><strong>a</strong></span> <span class='ocrx_word' id='word_1_199' title='bbox 207 2764 293 2836; x_wconf 84' lang='lat' dir='ltr'><strong>lium,</strong></span> <span class='ocrx_word' id='word_1_200' title='bbox 307 2763 473 2825; x_wconf 89' lang='lat' dir='ltr'><strong>dummodo</strong></span> <span class='ocrx_word' id='word_1_201' title='bbox 482 2763 634 2824; x_wconf 86' lang='lat' dir='ltr'><strong>eelebrent</strong></span> <span class='ocrx_word' id='word_1_202' title='bbox 644 2763 675 2824; x_wconf 90' lang='lat' dir='ltr'><strong>in</strong></span> <span class='ocrx_word' id='word_1_203' title='bbox 686 2763 966 2845; x_wconf 80' lang='lat' dir='ltr'><strong>ipsarumeoelesia,</strong></span> <span class='ocrx_word' id='word_1_204' title='bbox 978 2778 1107 2850; x_wconf 84' lang='lat' dir='ltr'><strong>possunt</strong></span> <span class='ocrx_word' id='word_1_205' title='bbox 1117 2780 1145 2835; x_wconf 88' lang='lat' dir='ltr'><strong>el</strong></span> 
     </span>
     <span class='ocr_line' id='line_1_30' title="bbox 171 2852 1144 2938; baseline 0.007 -24"><span class='ocrx_word' id='word_1_206' title='bbox 171 2879 187 2914; x_wconf 91' lang='lat'>«</span> <span class='ocrx_word' id='word_1_207' title='bbox 207 2853 317 2915; x_wconf 84' lang='lat' dir='ltr'><strong>debent</strong></span> <span class='ocrx_word' id='word_1_208' title='bbox 332 2853 465 2932; x_wconf 88' lang='lat' dir='ltr'><strong>quotidie</strong></span> <span class='ocrx_word' id='word_1_209' title='bbox 479 2852 579 2914; x_wconf 83' lang='lat' dir='ltr'><strong>dicere</strong></span> <span class='ocrx_word' id='word_1_210' title='bbox 591 2853 714 2932; x_wconf 85' lang='lat' dir='ltr'><strong>missam</strong></span> <span class='ocrx_word' id='word_1_211' title='bbox 728 2854 896 2916; x_wconf 85' lang='lat' dir='ltr'><strong>solemnem</strong></span> <span class='ocrx_word' id='word_1_212' title='bbox 914 2863 966 2918; x_wconf 86' lang='lat' dir='ltr'><strong>aut</strong></span> <span class='ocrx_word' id='word_1_213' title='bbox 979 2859 1144 2938; x_wconf 77' lang='lat' dir='ltr'><strong>privatam,</strong></span> 
     </span>
     <span class='ocr_line' id='line_1_31' title="bbox 171 2940 1146 3021; baseline 0.01 -19"><span class='ocrx_word' id='word_1_214' title='bbox 171 2968 187 3002; x_wconf 79' lang='lat' dir='ltr'><strong>u</strong></span> <span class='ocrx_word' id='word_1_215' title='bbox 208 2942 299 3004; x_wconf 82' lang='lat' dir='ltr'><strong>modo</strong></span> <span class='ocrx_word' id='word_1_216' title='bbox 313 2941 378 3002; x_wconf 89' lang='lat' dir='ltr'><strong>haee</strong></span> <span class='ocrx_word' id='word_1_217' title='bbox 392 2941 429 3002; x_wconf 87' lang='lat' dir='ltr'><strong>sil</strong></span> <span class='ocrx_word' id='word_1_218' title='bbox 443 2940 533 3002; x_wconf 89' lang='lat' dir='ltr'><strong>missa</strong></span> <span class='ocrx_word' id='word_1_219' title='bbox 550 2941 759 3021; x_wconf 89' lang='lat' dir='ltr'><strong>principalis...</strong></span> <span class='ocrx_word' id='word_1_220' title='bbox 771 2991 778 3016; x_wconf 90' lang='lat'><strong><em>‚</em></strong></span> <span class='ocrx_word' id='word_1_221' title='bbox 794 2943 983 3006; x_wconf 87' lang='lat' dir='ltr'><strong>conformem</strong></span> <span class='ocrx_word' id='word_1_222' title='bbox 996 2945 1099 3010; x_wconf 87' lang='lat' dir='ltr'><strong>officio</strong></span> <span class='ocrx_word' id='word_1_223' title='bbox 1117 2957 1146 3012; x_wconf 85' lang='lat' dir='ltr'><strong>et</strong></span> 
     </span>
     <span class='ocr_line' id='line_1_32' title="bbox 170 3028 1146 3111; baseline 0.009 -21"><span class='ocrx_word' id='word_1_224' title='bbox 170 3057 186 3090; x_wconf 82' lang='lat' dir='ltr'><strong>&lt;t</strong></span> <span class='ocrx_word' id='word_1_225' title='bbox 208 3032 239 3092; x_wconf 94' lang='lat' dir='ltr'><strong>in</strong></span> <span class='ocrx_word' id='word_1_226' title='bbox 263 3031 363 3093; x_wconf 86' lang='lat' dir='ltr'><strong>colore</strong></span> <span class='ocrx_word' id='word_1_227' title='bbox 383 3029 519 3111; x_wconf 86' lang='lat' dir='ltr'><strong>ejusdem</strong></span> <span class='ocrx_word' id='word_1_228' title='bbox 544 3028 633 3090; x_wconf 84' lang='lat' dir='ltr'><strong>officii</strong></span> <span class='ocrx_word' id='word_1_229' title='bbox 655 3029 738 3110; x_wconf 89' lang='lat' dir='ltr'><strong>quod</strong></span> <span class='ocrx_word' id='word_1_230' title='bbox 757 3033 775 3092; x_wconf 76' lang='lat' dir='ltr'><strong>a</strong></span> <span class='ocrx_word' id='word_1_231' title='bbox 795 3032 977 3095; x_wconf 90' lang='lat' dir='ltr'><strong>monialibus</strong></span> <span class='ocrx_word' id='word_1_232' title='bbox 994 3033 1028 3094; x_wconf 91' lang='lat' dir='ltr'><strong>in</strong></span> <span class='ocrx_word' id='word_1_233' title='bbox 1048 3035 1146 3099; x_wconf 87' lang='lat' dir='ltr'><strong>ehoro</strong></span> 
     </span>
     <span class='ocr_line' id='line_1_33' title="bbox 172 3117 1146 3196; baseline 0.009 -18"><span class='ocrx_word' id='word_1_234' title='bbox 172 3146 187 3178; x_wconf 79' lang='lat' dir='ltr'><strong>u</strong></span> <span class='ocrx_word' id='word_1_235' title='bbox 209 3118 448 3196; x_wconf 75' lang='lat' dir='ltr'><strong>recitatur‚,lieet</strong></span> <span class='ocrx_word' id='word_1_236' title='bbox 468 3117 601 3179; x_wconf 86' lang='lat' dir='ltr'><strong>officium</strong></span> <span class='ocrx_word' id='word_1_237' title='bbox 619 3119 800 3180; x_wconf 90' lang='lat' dir='ltr'><strong>monialium</strong></span> <span class='ocrx_word' id='word_1_238' title='bbox 823 3121 861 3180; x_wconf 86' lang='lat' dir='ltr'><strong>sit</strong></span> <span class='ocrx_word' id='word_1_239' title='bbox 883 3121 974 3182; x_wconf 88' lang='lat' dir='ltr'><strong>etiam</strong></span> <span class='ocrx_word' id='word_1_240' title='bbox 992 3121 1146 3188; x_wconf 79' lang='lat' dir='ltr'><strong>inferioris</strong></span> 
     </span>
     <span class='ocr_line' id='line_1_34' title="bbox 172 3205 1144 3289; baseline 0.008 -23"><span class='ocrx_word' id='word_1_241' title='bbox 172 3233 188 3266; x_wconf 73' lang='lat' dir='ltr'><strong>u</strong></span> <span class='ocrx_word' id='word_1_242' title='bbox 209 3209 283 3270; x_wconf 80' lang='lat' dir='ltr'><strong>ritbs</strong></span> <span class='ocrx_word' id='word_1_243' title='bbox 306 3209 347 3286; x_wconf 89' lang='lat' dir='ltr'><strong>(S.</strong></span> <span class='ocrx_word' id='word_1_244' title='bbox 369 3209 406 3268; x_wconf 88' lang='lat' dir='ltr'><strong>R.</strong></span> <span class='ocrx_word' id='word_1_245' title='bbox 430 3207 476 3283; x_wconf 74' lang='grc'><strong>0.,</strong></span> <span class='ocrx_word' id='word_1_246' title='bbox 497 3209 532 3268; x_wconf 91' lang='grc'><strong>11</strong></span> <span class='ocrx_word' id='word_1_247' title='bbox 552 3205 631 3284; x_wconf 88' lang='lat' dir='ltr'><strong>junii</strong></span> <span class='ocrx_word' id='word_1_248' title='bbox 653 3207 780 3289; x_wconf 80' lang='grc'><strong>1101)...</strong></span> <span class='ocrx_word' id='word_1_249' title='bbox 805 3209 838 3268; x_wconf 92' lang='lat' dir='ltr'><strong>ln</strong></span> <span class='ocrx_word' id='word_1_250' title='bbox 862 3225 972 3270; x_wconf 85' lang='lat' dir='ltr'><strong>casu...</strong></span> <span class='ocrx_word' id='word_1_251' title='bbox 992 3210 1144 3276; x_wconf 86' lang='lat' dir='ltr'><strong>debent...</strong></span> 
     </span>
     <span class='ocr_line' id='line_1_35' title="bbox 174 3294 1144 3376; baseline 0.008 -21"><span class='ocrx_word' id='word_1_252' title='bbox 174 3319 188 3355; x_wconf 77' lang='lat' dir='ltr'><strong>a</strong></span> <span class='ocrx_word' id='word_1_253' title='bbox 209 3297 306 3359; x_wconf 88' lang='lat' dir='ltr'><strong>faeere</strong></span> <span class='ocrx_word' id='word_1_254' title='bbox 317 3313 425 3356; x_wconf 88' lang='lat' dir='ltr'><strong>omnes</strong></span> <span class='ocrx_word' id='word_1_255' title='bbox 434 3294 739 3356; x_wconf 80' lang='lat' dir='ltr'><strong>commemorationes</strong></span> <span class='ocrx_word' id='word_1_256' title='bbox 749 3313 825 3376; x_wconf 87' lang='lat' dir='ltr'><strong>quas</strong></span> <span class='ocrx_word' id='word_1_257' title='bbox 833 3294 999 3358; x_wconf 83' lang='lat' dir='ltr'><strong>facerentsi</strong></span> <span class='ocrx_word' id='word_1_258' title='bbox 1010 3298 1144 3364; x_wconf 85' lang='lat' dir='ltr'><strong>officium</strong></span> 
     </span>
     <span class='ocr_line' id='line_1_36' title="bbox 173 3382 1144 3457; baseline 0.011 -15"><span class='ocrx_word' id='word_1_259' title='bbox 173 3406 189 3442; x_wconf 80' lang='lat' dir='ltr'><strong>a</strong></span> <span class='ocrx_word' id='word_1_260' title='bbox 209 3385 377 3445; x_wconf 86' lang='lat' dir='ltr'><strong>monalium</strong></span> <span class='ocrx_word' id='word_1_261' title='bbox 397 3383 575 3444; x_wconf 83' lang='lat' dir='ltr'><strong>recitassent</strong></span> <span class='ocrx_word' id='word_1_262' title='bbox 580 3403 590 3457; x_wconf 79' lang='lat'>3</span> <span class='ocrx_word' id='word_1_263' title='bbox 608 3382 731 3443; x_wconf 90' lang='lat' dir='ltr'><strong>missam</strong></span> <span class='ocrx_word' id='word_1_264' title='bbox 750 3392 851 3444; x_wconf 90' lang='lat' dir='ltr'><strong>autem</strong></span> <span class='ocrx_word' id='word_1_265' title='bbox 868 3383 970 3447; x_wconf 83' lang='lat' dir='ltr'><strong>dicere</strong></span> <span class='ocrx_word' id='word_1_266' title='bbox 983 3385 1099 3451; x_wconf 87' lang='lat' dir='ltr'><strong>debent</strong></span> <span class='ocrx_word' id='word_1_267' title='bbox 1110 3408 1144 3454; x_wconf 84' lang='lat' dir='ltr'><strong>er</strong></span> 
     </span>
     <span class='ocr_line' id='line_1_37' title="bbox 176 3470 1144 3560; baseline 0.009 -33"><span class='ocrx_word' id='word_1_268' title='bbox 176 3493 189 3526; x_wconf 76' lang='lat' dir='ltr'><strong>a.</strong></span> <span class='ocrx_word' id='word_1_269' title='bbox 210 3471 321 3530; x_wconf 88' lang='lat' dir='ltr'><strong>Missali</strong></span> <span class='ocrx_word' id='word_1_270' title='bbox 332 3474 469 3531; x_wconf 85' lang='lat' dir='ltr'><strong>Romano</strong></span> <span class='ocrx_word' id='word_1_271' title='bbox 478 3492 507 3531; x_wconf 79' lang='lat' dir='ltr'><strong>a.</strong></span> <span class='ocrx_word' id='word_1_272' title='bbox 519 3473 562 3531; x_wconf 87' lang='lat' dir='ltr'><strong>Ita</strong></span> <span class='ocrx_word' id='word_1_273' title='bbox 573 3471 616 3531; x_wconf 88' lang='lat' dir='ltr'><strong>De</strong></span> <span class='ocrx_word' id='word_1_274' title='bbox 625 3470 720 3530; x_wconf 90' lang='lat' dir='ltr'><strong>Herdt</strong></span> <span class='ocrx_word' id='word_1_275' title='bbox 730 3471 827 3550; x_wconf 74' lang='lat' dir='ltr'><strong>(Sam.</strong></span> <span class='ocrx_word' id='word_1_276' title='bbox 843 3473 978 3556; x_wconf 63' lang='lat' dir='ltr'><strong>titur-9„</strong></span> <span class='ocrx_word' id='word_1_277' title='bbox 990 3481 1013 3536; x_wconf 85' lang='lat' dir='ltr'><strong>t.</strong></span> <span class='ocrx_word' id='word_1_278' title='bbox 1028 3479 1058 3553; x_wconf 89' lang='grc'><strong>1,</strong></span> <span class='ocrx_word' id='word_1_279' title='bbox 1070 3497 1103 3560; x_wconf 91' lang='lat' dir='ltr'><strong>p.</strong></span> <span class='ocrx_word' id='word_1_280' title='bbox 1115 3481 1144 3554; x_wconf 82' lang='grc'><strong>1,</strong></span> 
     </span>
     <span class='ocr_line' id='line_1_38' title="bbox 114 3557 1145 3638; baseline 0.012 -22"><span class='ocrx_word' id='word_1_281' title='bbox 114 3617 127 3630; x_wconf 69' lang='grc'><em>,</em></span> <span class='ocrx_word' id='word_1_282' title='bbox 173 3566 205 3616; x_wconf 85' lang='lat' dir='ltr'><strong>n⁰</strong></span> <span class='ocrx_word' id='word_1_283' title='bbox 233 3559 293 3632; x_wconf 83' lang='grc'><strong>35).</strong></span> <span class='ocrx_word' id='word_1_284' title='bbox 322 3560 425 3636; x_wconf 88' lang='lat' dir='ltr'><strong>Neque</strong></span> <span class='ocrx_word' id='word_1_285' title='bbox 452 3557 559 3618; x_wconf 90' lang='lat' dir='ltr'><strong>missas</strong></span> <span class='ocrx_word' id='word_1_286' title='bbox 587 3557 723 3638; x_wconf 91' lang='lat' dir='ltr'><strong>proprias</strong></span> <span class='ocrx_word' id='word_1_287' title='bbox 750 3561 931 3623; x_wconf 83' lang='lat' dir='ltr'><strong>Sanctorum</strong></span> <span class='ocrx_word' id='word_1_288' title='bbox 960 3565 1145 3629; x_wconf 76' lang='lat' dir='ltr'><strong>monialibus</strong></span> 
     </span>
     <span class='ocr_line' id='line_1_39' title="bbox 171 3645 1145 3727; baseline 0.013 -23"><span class='ocrx_word' id='word_1_289' title='bbox 171 3659 330 3704; x_wconf 80' lang='lat' dir='ltr'><strong>concessas</strong></span> <span class='ocrx_word' id='word_1_290' title='bbox 353 3651 479 3720; x_wconf 82' lang='lat' dir='ltr'><strong>possunt</strong></span> <span class='ocrx_word' id='word_1_291' title='bbox 504 3645 648 3721; x_wconf 85' lang='lat' dir='ltr'><strong>recitare,</strong></span> <span class='ocrx_word' id='word_1_292' title='bbox 677 3645 730 3706; x_wconf 92' lang='lat' dir='ltr'><strong>sed</strong></span> <span class='ocrx_word' id='word_1_293' title='bbox 754 3646 792 3707; x_wconf 87' lang='lat' dir='ltr'><strong>de</strong></span> <span class='ocrx_word' id='word_1_294' title='bbox 814 3650 1000 3727; x_wconf 89' lang='lat' dir='ltr'><strong>communi,</strong></span> <span class='ocrx_word' id='word_1_295' title='bbox 1027 3654 1087 3715; x_wconf 92' lang='lat' dir='ltr'><strong>nisi</strong></span> <span class='ocrx_word' id='word_1_296' title='bbox 1108 3654 1145 3717; x_wconf 83' lang='lat' dir='ltr'><strong>de</strong></span> 
     </span>
    </p>

    <p class='ocr_par' dir='ltr' id='par_1_6' title="bbox 173 3728 1144 3814">
     <span class='ocr_line' id='line_1_40' title="bbox 173 3728 1144 3814; baseline 0.014 -26"><span class='ocrx_word' id='word_1_297' title='bbox 173 3728 209 3788; x_wconf 86' lang='lat' dir='ltr'><strong>iis</strong></span> <span class='ocrx_word' id='word_1_298' title='bbox 221 3728 260 3788; x_wconf 90' lang='lat' dir='ltr'><strong>sit</strong></span> <span class='ocrx_word' id='word_1_299' title='bbox 280 3728 370 3787; x_wconf 87' lang='lat' dir='ltr'><strong>etiam</strong></span> <span class='ocrx_word' id='word_1_300' title='bbox 393 3730 483 3790; x_wconf 88' lang='lat' dir='ltr'><strong>missa</strong></span> <span class='ocrx_word' id='word_1_301' title='bbox 503 3733 624 3811; x_wconf 89' lang='lat' dir='ltr'><strong>propria</strong></span> <span class='ocrx_word' id='word_1_302' title='bbox 644 3737 752 3794; x_wconf 79' lang='lat' dir='ltr'><strong>elnon</strong></span> <span class='ocrx_word' id='word_1_303' title='bbox 775 3737 965 3814; x_wconf 85' lang='lat' dir='ltr'><strong>superaddita</strong></span> <span class='ocrx_word' id='word_1_304' title='bbox 983 3737 1016 3800; x_wconf 90' lang='lat' dir='ltr'><strong>in</strong></span> <span class='ocrx_word' id='word_1_305' title='bbox 1033 3740 1144 3804; x_wconf 84' lang='lat' dir='ltr'><strong>Missali</strong></span> 
     </span>
    </p>
   </div>
   <div class='ocr_carea' id='block_1_3' title="bbox 0 0 1305 4214">
    <p class='ocr_par' dir='ltr' id='par_1_7' title="bbox 0 0 1305 4214">
     <span class='ocr_line' id='line_1_41' title="bbox 0 0 1305 4214; baseline 0 0"><span class='ocrx_word' id='word_1_306' title='bbox 0 0 1305 4214; x_wconf 95' lang='lat' dir='ltr'><strong> </strong></span> 
     </span>
    </p>
   </div>
  </div>
 </body>
</html>
