2590 4214
187 309 245 368 ⁴08
458 321 609 366 eamcam
630 320 713 367 ranas
733 318 882 368 canonici.

189 415 351 496 parochum
369 420 500 495 spectat,
512 435 583 480 cum
593 415 808 498 approbatione
822 421 925 475 tamen
936 416 1095 497 Episcopi,
1111 437 1168 497 per

188 521 280 653 ῗὲιξιιη
302 501 335 562 lit
356 509 490 585 congrua
512 505 683 587 assignatio.
709 505 740 566 S.
760 504 871 582 Congr.
898 505 1029 584 Episc...
1051 510 1071 567 'l
1097 504 1163 567 dec.

208 735 280 793 ll.-
292 737 329 794 lla
345 752 462 795 racanas
480 752 526 802 aar
540 751 664 795 ranocna
683 751 828 793 aestuatur
843 752 877 794 ar
892 752 1052 796 ranocuuua
1074 754 1148 796 aaar-

490 841 638 890 t‘tsraaarr
656 839 849 884 auxrarauran.

231 969 302 1032 554.
325 968 461 1030 Diximus
474 985 566 1048 supra
577 967 615 1029 ad
631 983 722 1047 quem
732 967 880 1048 pertineat
891 965 1072 1045 huiusmodi
1087 969 1170 1031 rica-
1279 987 1280 990 ¹

194 1058 308 1119 riorum
323 1053 490 1119 nominatio
508 1062 559 1118 aut
583 1055 763 1118 revocatio:
788 1055 914 1116 omniad
932 1063 1037 1117 autem
1062 1075 1173 1120 neces·
1280 1118 1281 1138 ,

194 1148 271 1206 saria
294 1151 338 1206 est
355 1145 494 1225 Episcopi
518 1143 711 1224 approbatio,
732 1163 801 1224 quae
827 1162 889 1205 aon
913 1146 952 1205 sit
969 1146 1094 1207 mutiam
1117 1165 1172 1226 pro

195 1233 352 1296 audiendis
366 1233 617 1308 confessionibus,
633 1231 685 1293 sed
695 1233 836 1313 expresse
847 1251 903 1313 pro
916 1234 1020 1295 vicarii
1031 1252 1167 1296 munere.
1281 1313 1282 1328 χ

195 1323 316 1383 onustat
329 1340 365 1382 ex
380 1321 538 1383 Constitut.
551 1320 665 1383 Bened.
681 1323 747 1382 Xlll
758 1327 787 1382 et
800 1323 905 1384 lnnoc.
916 1323 994 1384 Xlll.

235 1429 308 1488 ltem
324 1425 362 1488 ad
380 1425 564 1506 Episcopum
579 1424 711 1505 pertinet
725 1424 878 1505 assignare
895 1443 1070 1506 congruam
1085 1426 1172 1489 dictis

195 1516 311 1578 vicariis
325 1514 539 1591 tribuendam,
555 1532 592 1576 ex
602 1513 729 1574 Constit.
740 1514 896 1575 Innocent.
914 1516 995 1588 Xlll,
1008 1514 1171 1596 Apostolica

195 1624 335 1666 mutieres.

235 1709 279 1768 Ex
294 1707 399 1768 eadem
412 1705 536 1768 constit.
555 1725 562 1764 :
582 1726 598 1764 ι
611 1704 643 1767 Si
663 1704 785 1785 parochi
801 1704 839 1766 ab
853 1703 1010 1785 Episcopis
1024 1707 1170 1768 moniti...

200 1819 214 1855 a
233 1797 396 1858 vicarias...
413 1812 567 1856 assumere
581 1794 787 1874 neglexerint,
804 1799 944 1874 poterunt
959 1794 1015 1874 ipsi
1032 1795 1173 1876 Episcopi

200 1909 214 1942 a
235 1903 324 1946 eas...
340 1884 515 1945 auctoritato
532 1883 653 1963 propria
666 1881 847 1962 deputare...
860 1901 876 1940 a
896 1883 970 1953 Quae
984 1885 1060 1944 sane
1075 1885 1173 1965 appli-

195 1971 290 2034 canda
301 1971 619 2051 suntimprimiscasui
634 1987 695 2051 quo
708 1967 830 2050 parochi
841 1968 879 2030 ab
889 1970 1035 2032 exercitio
1047 1990 1172 2034 suarum
1285 1981 1286 1984 ’

195 2061 386 2124 sanctionum
400 2059 512 2121 fuerint
526 2058 688 2122 interdicti.

234 2165 303 2224 555.
328 2159 449 2231 Quaerit.
474 2162 504 2219 l⁰
524 2160 696 2229 Quamnam
715 2155 957 2236 jurisdictionem
977 2154 1112 2222 babeant
1130 2161 1173 2222 vi-

194 2251 266 2313 carii
279 2249 317 2312 de
332 2249 440 2330 quibus
454 2247 504 2309 hle
517 2245 637 2326 agitur‘l

232 2349 323 2428 Resp.
340 2347 418 2419 Ciam
436 2343 584 2422 ejusmodi
599 2341 702 2404 vicarii
724 2342 859 2422 deputari
882 2343 999 2404 soleant
1021 2350 1055 2404 ut
1080 2364 1171 2424 paro-

193 2439 285 2499 chum
297 2437 328 2496 in
341 2432 599 2496 administratione
611 2438 868 2492 sacramentorum
883 2431 1038 2510 adiuvent,
1054 2451 1093 2494 ex
1107 2433 1170 2514 ipat

193 2542 299 2588 aarum
313 2522 507 2603 deputatione
531 2521 642 2581 meritd
660 2526 800 2582 censetur
820 2519 865 2580 eis
882 2537 1027 2581 concessa
1046 2520 1172 2585 facultas

193 2613 297 2674 omnia
310 2617 497 2672 sacramenta
514 2607 723 2684 ministrandi,
738 2625 775 2669 ac
789 2607 916 2689 proinde
938 2607 1129 2673 Poenitentiae
1142 2620 1172 2674 et

194 2700 391 2764 Matrimonii.
408 2702 450 2760 lta
461 2697 674 2760 communiter.

233 2797 275 2869 Si,
291 2796 329 2857 ab
342 2795 492 2875 Episcopo
507 2781 635 2871 tantiam,
649 2812 711 2855 non
723 2793 794 2856 vead
803 2794 822 2855 b
831 2791 975 2874 parocho,
988 2792 1172 2860 limitaretur

193 2885 339 2968 generalis
361 2882 514 2963 deputatio
534 2883 726 2959 vicariorum,
743 2881 781 2942 ad
805 2881 995 2959 validitatem,
1011 2888 1170 2949 matrimo-

193 2976 312 3039 niorum
334 2973 486 3036 sulliaiens
500 2981 577 3033 esset
598 2971 734 3053 ipsorum
754 2970 924 3051 praeseutia,
945 2973 1086 3052 quamvis
1108 2993 1170 3038 aon

192 3065 228 3126 ad
241 3063 411 3126 liceilalem.
425 3063 468 3122 lta
481 3060 616 3122 decisum
631 3061 649 3122 a
662 3062 693 3122 S.
710 3059 743 3120 C.
758 3055 871 3120 Concil.
887 3061 931 3120 Ex
944 3063 1004 3140 qua
1011 3060 1170 3128 decisione

191 3161 272 3233 patet
284 3153 411 3215 vicarios
428 3168 514 3231 posse
527 3147 637 3211 habere
651 3154 681 3210 et
695 3149 797 3210 revera
811 3147 978 3230 acciperet
993 3149 1059 3212 sais
1075 3170 1168 3233 paro-

191 3245 254 3305 clris
262 3241 514 3323 jurisdictionem,
525 3237 662 3319 quamvis
674 3236 995 3318 pariterabEpiscapis
1004 3239 1165 3319 recipiant.

229 3343 312 3404 ldem
331 3348 360 3402 et
379 3343 499 3419 propter
519 3334 658 3396 eamdem
676 3333 823 3396 rationem
842 3333 959 3396 videtur
977 3352 1045 3397 esse
1060 3335 1163 3401 dicon·

190 3433 275 3506 dum,
288 3432 312 3492 si
331 3424 496 3509 aparocha
509 3425 637 3496 tantum,
654 3440 716 3484 non
733 3429 835 3486 autem
855 3423 894 3484 ab
911 3423 1063 3504 Episcopo
1082 3426 1165 3490 limi-

191 3530 304 3582 taretar
327 3516 474 3598 generalis
497 3512 645 3592 delegatio
665 3510 862 3588 vicariorum,
882 3530 953 3574 casu
974 3511 1083 3576 saltem
1105 3535 1167 3597 quo

191 3607 368 3688 Episcopus,
379 3601 574 3684 approbando
583 3600 739 3676 vicarium,
751 3600 841 3662 simul
851 3601 907 3681 ipsi
919 3600 1165 3681 jurisdictionem

190 3695 314 3775 praebet,
333 3699 422 3771 prout
434 3691 523 3752 hodie
537 3687 687 3751 ordinarie
702 3690 861 3770 contingit,
874 3691 958 3768 juxta
973 3691 1004 3752 S.
1024 3691 1163 3772 Liguor,

193 3783 242 3844 tib.
260 3785 291 3855 5,
312 3790 347 3840 n⁰
362 3783 419 3839 564
438 3798 445 3837 :
463 3783 523 3858 qut
537 3778 704 3857 Episcopali
717 3779 905 3857 delegatione
921 3796 982 3842 aon
999 3779 1165 3860 impeditur
