2548 4216
493 241 580 287 arnan
600 241 717 288 arruns.
1031 229 1089 290 369

128 349 237 410 nterrt
263 345 439 407 antremoli
465 344 503 406 ah
530 344 595 424 ipso
621 345 831 416 nominatum,
857 342 947 404 etiam
976 342 1091 422 absquo

128 439 250 498 «causa
275 436 312 496 ab
336 433 495 496 Ordinatio
518 431 743 514 cugurrscendtu
765 435 796 492 2⁰
824 449 862 492 an
883 429 968 492 liceat
992 429 1091 493 eidem

127 547 141 586 a
161 525 290 608 parocho
310 523 385 585 Folli
403 522 440 584 ad
462 523 508 584 sul
528 521 647 584 lihitum
664 520 785 602 explere
802 537 908 581 omnes
923 519 1091 582 functiones

127 635 142 674 u
160 612 345 696 parochiales
364 611 395 672 in
409 611 553 685 ecclesia,
573 615 639 673 et...
655 609 721 672 loeo
736 607 923 681 Bastremoli,
940 607 1042 688 ibique
1054 607 1093 669 ad

127 726 141 764 ι
161 701 275 764 libitum
288 699 456 763 residere...
471 697 674 780 (Responsum
685 697 753 780 luit)
766 719 772 760 :
786 731 825 742 -—
836 697 880 758 Ad
896 694 1089 775 t·nepnticd;
1149 771 1151 775 .

126 813 141 852 a
161 789 196 852 ad
207 795 245 852 ΞΝ
259 789 366 865 dilato,
380 787 818 870 etscridoturEpiscopojucto
832 784 1090 847 instructionem».

160 889 326 948 Potuerunt
347 885 419 948 veri)
443 901 507 946 esse
528 883 694 964 peculiares
715 884 847 946 rationes
871 887 993 963 propter
1018 897 1093 961 quas

121 975 254 1056 caputio&
272 973 310 1036 ad
330 975 460 1055 primam
475 972 674 1054 quaestionem
688 970 744 1033 suit
758 989 949 1052 responsum,
966 967 1095 1050 proinde

122 1082 183 1126 non
204 1067 322 1126 constat
337 1061 490 1142 praelatam
508 1060 743 1122 declarationem
756 1057 927 1121 habendam
943 1057 1005 1120 lore
1022 1063 1091 1120 tau·

121 1171 213 1235 quam
227 1150 358 1232 repartum
373 1148 553 1232 pecoralem.

162 1257 271 1320 Relatis
284 1262 385 1317 autem
401 1273 455 1335 pro
469 1258 499 1316 et
512 1258 616 1316 contra
631 1255 719 1318 variis
733 1255 928 1336 argumentis,
944 1257 980 1318 D.
998 1254 1095 1317 Bouix

121 1345 189 1430 (ila,
206 1365 237 1427 p.
256 1348 324 1421 658)
342 1342 507 1405 indecisam
520 1343 664 1425 relinquit
680 1343 765 1407 dubii
779 1344 979 1416 solutionem;
995 1351 1024 1406 et
1039 1362 1094 1406 nos

120 1435 232 1517 pariter
245 1433 455 1514 relinquimus.

162 1538 231 1598 508.
254 1532 375 1606 Quaerit.
397 1536 430 1594 2⁰
451 1535 496 1593 An
514 1532 683 1613 Episcopus
696 1530 789 1612 possit
806 1531 872 1593 sine
886 1531 977 1594 causa
993 1549 1095 1611 supra·

120 1621 351 1687 diutosvioarins
367 1620 545 1683 removere?

162 1735 251 1813 Resp.
282 1733 403 1793 Certum
426 1737 471 1792 est
490 1729 674 1811 Episcopum
697 1748 785 1809 posse
807 1748 859 1792 eos
880 1749 1035 1794 removere
1056 1731 1094 1795 oh

119 1823 243 1903 culpam
256 1839 396 1902 gravem,
414 1819 503 1881 etiam
518 1817 791 1896 extrajudicialiter.
809 1821 857 1904 dn
869 1828 969 1882 autem
985 1821 1014 1882 id
1030 1841 1095 1902 pos

120 1913 161 1975 sit
176 1910 242 1974 sine
255 1912 364 1983 causa,
380 1907 497 1969 ridetur
520 1907 602 1988 quod
626 1924 708 1984 non3
728 1907 890 1971 chimerion
912 1911 995 1972 anim
1019 1915 1095 1973 esset

120 2002 253 2082 potestas
267 2015 358 2078 quam
372 1996 483 2058 habent
497 1995 620 2077 parochi
634 1996 813 2059 nominandi
831 1997 905 2060 tales
926 1999 1052 2060 vicarios
1070 1999 1095 2062 si

120 2087 289 2170 Episcopus
303 2084 403 2146 statim
416 2085 526 2147 valeret
540 2085 607 2147 illos
618 2086 683 2148 sine
697 2089 787 2148 causa
801 2103 966 2148 removere.
982 2089 1095 2148 Revera

120 2179 222 2258 potest
232 2173 400 2254 Episcopus
413 2191 551 2234 revocare
567 2172 813 2255 approbationem
829 2175 847 2234 a
868 2191 900 2234 se
918 2173 1018 2234 datam
1038 2174 1095 2236 hu·

116 2262 254 2348 jusmodi
271 2262 398 2338 vicariis,
411 2261 463 2324 sad
479 2261 554 2327 illud
567 2281 629 2324 non
642 2261 720 2324 valet
733 2261 798 2324 sine
809 2263 900 2324 causa
914 2263 1094 2328 rationabili.

162 2376 232 2434 509.
255 2369 375 2442 Quaerit.
393 2374 425 2433 3⁰
446 2369 523 2443 Ouid
536 2371 574 2432 sit
583 2369 747 2433 dicendum
762 2389 817 2452 pro
833 2370 949 2432 Gallia?

163 2480 253 2560 Resp.
271 2481 295 2539 A
310 2485 445 2560 temporo
459 2477 638 2540 Concordali
652 2481 746 2554 1801,
761 2479 901 2560 Episcopi
915 2478 1008 2542 nostri
1021 2479 1096 2545 vica·

118 2569 184 2632 rios
198 2583 407 2649 quoscumque
421 2567 476 2629 soli
493 2567 652 2630 nominant
661 2573 691 2629 et
701 2574 841 2630 revocant
851 2587 858 2644 ;
870 2573 900 2630 et
909 2567 966 2631 hoc
976 2569 1097 2652 exigere

117 2657 241 2722 videtur
253 2655 369 2717 bonum
384 2653 536 2737 religionis
550 2654 631 2737 apud
644 2675 722 2719 nos:
738 2655 863 2734 etenim,
878 2675 950 2720 cum
964 2664 1009 2720 sat
1023 2678 1101 2726 rarae

116 2747 183 2809 sint
196 2745 365 2808 vocationes
377 2744 416 2806 ad
429 2750 539 2806 statum
550 2745 793 2809 Ecclesiasticum
806 2746 838 2807 in
851 2747 959 2825 Gallio,
981 2766 1097 2830 cogun-

115 2840 173 2898 tur
192 2834 285 2895 nostri
301 2833 448 2896 Praesules
459 2831 584 2895 clericos
598 2834 712 2916 absque
728 2836 902 2917 patrimonii
914 2837 999 2898 titulo
1013 2837 1097 2898 ordi-

115 2941 217 2999 nare3
233 2929 262 2984 et
275 2940 344 2984 cum
356 2921 498 2998 aliunde,
515 2923 600 2984 nulla
614 2923 677 2986 lere
688 2925 818 2986 existant
832 2924 979 2986 beneficia
991 2934 1098 3006 praeter

116 3011 280 3095 parochias
301 3011 411 3092 quihus
433 3011 546 3092 praefici
569 3029 631 3074 non
657 3012 746 3075 decet
770 3013 939 3074 sacerdotes
962 3019 1098 3074 recenter

114 3099 288 3177 ordinatos,
304 3117 426 3162 neeesse
440 3105 531 3162 estut
543 3099 604 3175 isti,
620 3105 766 3182 tanquam
780 3100 898 3178 vicarii,
914 3100 1023 3162 alicubi
1044 3100 1097 3164 de·

114 3194 267 3273 putantur
281 3209 289 3251 :
305 3189 357 3250 sed
371 3187 479 3250 adhoc
493 3187 677 3269 requiritur,
694 3195 727 3251 ut
743 3195 841 3271 patet,
857 3188 940 3270 qudd
958 3189 1098 3271 Episcopi

112 3278 243 3342 valeant
255 3277 381 3342 vicarios
401 3276 559 3340 nominare
580 3283 610 3339 et
629 3277 819 3341 destituere:
842 3278 976 3358 alioquin
999 3279 1099 3358 pluras

112 3365 324 3432 sacerdotesh
345 3366 484 3448 parochis
507 3366 722 3446 rejicerentur,
749 3385 808 3430 nec
828 3374 929 3448 posset
950 3366 1098 3447 provideri
1211 3381 1214 3389 '

113 3474 231 3519 eorum
247 3456 385 3518 omnium
400 3455 619 3518 sustentationi.
632 3455 782 3519 Caeterhm
796 3457 895 3537 praxis
908 3455 971 3518 haec
983 3457 1097 3534 Romae,

111 3562 193 3626 quae
216 3551 318 3606 tamen
333 3546 401 3606 silet
412 3593 420 3621 ,
433 3563 493 3606 non
509 3545 675 3626 ignoratur,
695 3563 752 3608 nec
766 3545 822 3626 ipsi
834 3544 924 3606 etiam
937 3545 1100 3608 reclamant
1123 3623 1126 3630 Ι

112 3632 266 3714 parochi,
281 3633 394 3714 optime
409 3633 611 3713 intelligentes
624 3651 728 3697 rerum
740 3632 1008 3697 ecclesiasticarum
1021 3633 1100 3715 apud

111 3738 183 3784 uos
196 3725 351 3804 angustias
365 3729 396 3785 el
409 3722 599 3803 indigentias.
806 3729 809 3732 '
