2562 4224
460 267 463 274 '
503 279 588 322 einen
608 279 724 323 ruinas.
1047 281 1103 326 rra

130 404 144 435 o
168 379 323 440 Parachus
336 385 437 440 aulem
458 375 571 436 habens
585 373 617 434 in
631 373 749 434 civitate
769 392 854 436 suam
873 375 1031 436 ecclesiam
1053 389 1104 456 pe-

129 492 144 526 «
168 472 229 528 test
249 464 323 526 inibi
352 464 384 526 in
415 461 535 544 publica
559 460 751 523 universitate
774 461 895 524 Sacram
917 463 1103 544 Scripturam

130 579 146 616 u
168 555 289 635 legere,
303 553 344 615 ita
364 557 482 626 tamen,
504 556 537 613 ut
549 568 623 612 cura
636 549 818 626 animarum,
835 569 889 630 per
903 552 1002 632 ipsum
1016 569 1103 614 exer·

131 666 147 704 r
168 642 279 718 cenda,
295 637 368 702 nstril
379 637 551 700 detrimenti
563 637 701 718 patiatur.
715 641 789 698 »Ἐκ
803 638 914 719 quibus
928 639 1026 700 verbis
1037 658 1104 720 pro

127 733 227 796 iessor
237 749 298 792 non
310 729 500 809 dispensatur
510 745 601 807 super
613 723 773 787 residentia
785 727 876 788 eliam
889 725 1102 790 adducendam

128 824 253 884 Sacram
268 816 466 897 scripturam.
483 818 623 876 Attamen
638 815 668 875 S.
685 814 805 894 Liguor.
832 813 897 896 (lib.
913 817 949 892 l,
974 823 1006 874 n⁰
1031 815 1101 899 132)

128 916 276 990 tanquam
290 904 444 986 probabile
462 903 589 965 admittit
610 901 693 984 qudd
706 903 849 965 docentes
861 904 985 964 Sacram
1000 903 1100 985 Scrip-

129 1006 243 1070 turam,
262 992 465 1074 theologiam,
478 991 528 1070 jus
541 991 739 1066 canonicum,
757 991 848 1053 eximi
871 992 986 1072 possint
1000 993 1018 1052 a
1032 992 1102 1054 resi·

127 1085 233 1147 dentia
250 1101 258 1143 ε
275 1099 337 1144 non
351 1081 421 1142 verb
431 1079 572 1141 docentes
587 1080 825 1160 grammaticam.

170 1177 203 1234 2⁰
227 1173 274 1232 hu
296 1172 315 1232 a
336 1168 497 1230 residentia
517 1175 697 1230 excusentur
716 1167 900 1248 professores
913 1171 944 1232 in
968 1188 1051 1246 casu,
1065 1171 1102 1233 ed

127 1260 216 1343 qudd
235 1260 266 1320 in
290 1257 431 1340 parochia
451 1255 526 1318 desit
541 1255 649 1318 domus
674 1257 895 1338 presbyteralis,
912 1277 968 1321 nec
985 1259 1102 1321 valeant

128 1349 238 1410 incolae
252 1347 479 1408 indemnitatem
495 1345 700 1426 praescriptam
716 1344 843 1421 solvere,
859 1346 986 1410 dubitari
1004 1346 1102 1410 adhuc

129 1454 221 1518 posse
235 1434 350 1498 videtur
364 1435 400 1496 ed
413 1433 496 1515 quod
519 1451 580 1494 non
601 1451 721 1513 semper
739 1441 854 1496 constet
872 1437 955 1516 quod
969 1437 1102 1498 titulares

128 1527 162 1588 in
178 1522 352 1604 hujusmodi
366 1521 440 1584 locis
454 1540 516 1584 non
531 1521 657 1602 possint,
672 1522 734 1584 sive
747 1541 784 1584 ex
798 1523 947 1603 stipendio
962 1527 979 1586 a
993 1525 1102 1588 Guber-
1149 1525 1150 1528 ’

129 1615 184 1675 nio
205 1611 348 1694 praestito,
373 1611 434 1672 sive
457 1629 494 1673 ex
517 1609 582 1670 aliis
605 1610 798 1689 proventibus
820 1611 953 1692 aliquam
976 1611 1100 1673 domum

127 1703 242 1766 locare.
262 1699 321 1763 Sed
340 1699 409 1780 quia
424 1718 459 1762 ex
482 1699 541 1760 hoc
559 1697 630 1759 oriri
648 1705 772 1778 possent
785 1698 973 1762 difficultates
987 1718 1041 1779 pro
1055 1718 1101 1780 ge

129 1789 227 1854 nerali
241 1783 379 1851 dioecesis
399 1788 545 1868 regimine
560 1793 681 1867 propter
695 1805 770 1867 quas
791 1805 851 1848 non
875 1786 1022 1868 expediat,
1045 1805 1101 1870 pro

128 1885 214 1942 certo
224 1884 371 1958 tempore,
388 1883 420 1937 ut
432 1876 598 1957 Episcopus
611 1876 763 1956 permittat
776 1875 914 1956 parochis
929 1875 1100 1938 residerem

130 1965 281 2050 parochiis
292 1983 353 2026 non
366 1964 544 2026 habentibus
555 1963 664 2026 domus
675 1963 889 2045 presbyterales
903 1970 1008 2026 elnon
1022 1964 1100 2026 dan·

128 2055 214 2118 libus
226 2053 453 2116 indemnitatem
467 2053 498 2113 in
513 2051 569 2115 hoc
583 2069 655 2114 casu
669 2053 882 2133 praescriptam,
898 2052 971 2114 nihil
985 2053 1101 2115 ridetur

128 2143 309 2224 sapientius,
325 2142 356 2202 in
370 2141 418 2203 lali
433 2140 537 2216 dubio,
550 2143 642 2222 quam
655 2147 752 2202 totum
763 2142 917 2222 negotium
930 2141 1100 2222 relinquere

129 2230 300 2316 prudentiae
313 2229 481 2308 Ordinarii,
496 2229 548 2311 qui
566 2235 667 2290 tarnen
685 2228 774 2292 debet
792 2228 975 2292 sufficienter
997 2230 1099 2311 provi·

128 2322 203 2382 dere
215 2325 248 2381 ul
261 2318 338 2381 bene
355 2317 406 2380 liat
421 2318 573 2380 servitium
593 2317 767 2398 hujusmodi
782 2317 1003 2397 parochiarum,
1024 2325 1054 2378 et
1067 2325 1102 2380 ut

129 2427 187 2490 pro
201 2425 306 2470 earum
321 2407 426 2469 incolis
447 2407 627 2488 applicetur,
652 2405 758 2466 diebus
771 2405 931 2467 dominicis
949 2411 979 2466 et
1002 2403 1100 2486 lestis,
1147 2411 1149 2413 ’

130 2498 233 2559 missae
246 2495 437 2558 sacriticium.
453 2495 529 2556 Vide
540 2501 639 2556 lamen
654 2493 781 2554 dicenda
791 2493 867 2556 inira
883 2491 978 2576 (539).

574 2671 599 2751 s
619 2674 654 2732 u.

132 2799 176 2861 De
195 2797 382 2859 istilatione
395 2793 535 2858 canonici
553 2793 815 2877 promovendorum
828 2794 868 2857 cd
886 2795 1100 2877 officiaeccle·

550 2893 681 2954 sr'ortieu.

531 3060 675 3112 punctim
690 3061 709 3112 1.

368 3175 399 3214 uc
415 3173 581 3213 rusrnurrorru
598 3173 715 3214 coronica
730 3175 755 3214 ur
770 3173 872 3215 seriens.

174 3307 246 3366 2³2.
273 3302 403 3363 Verbum
426 3301 573 3361 institutio
587 3301 699 3382 duplici
720 3321 809 3365 sensu
824 3303 968 3384 accipitur
985 3302 1106 3368 :stricti

132 3401 163 3455 et
178 3391 239 3454 late
257 3409 269 3450 .·
288 3391 389 3452 stricto
412 3407 503 3451 sensu
526 3389 654 3450 sumitur
671 3409 725 3472 pro
749 3392 944 3454 concessione
965 3392 1104 3457 beneficii

133 3481 213 3543 lacta
228 3497 283 3560 per
297 3478 465 3558 legitimum
483 3477 688 3558 superiorem,
708 3479 746 3542 ad
765 3480 1026 3560 praesentationem
1049 3503 1104 3564 pa-

134 3568 228 3630 troni.
240 3567 315 3629 Loto
326 3584 416 3628 sensu
426 3571 472 3626 est
482 3567 636 3626 concessio
645 3569 863 3648 cuiuscumque
872 3570 961 3632 oflicii
974 3589 1025 3650 per
1036 3572 1105 3650 legi-

135 3659 247 3720 timum
260 3657 458 3735 superiorem,
473 3672 666 3734 quocumque
688 3657 821 3736 legitimo
835 3658 925 3719 niodo
938 3658 1025 3720 lacta.
1042 3661 1106 3720 Hoc

135 3743 297 3826 posteriori
311 3735 402 3805 sensu
412 3741 537 3803 verbum
550 3741 695 3804 Institutio
711 3744 758 3806 hic
771 3747 944 3826 accipimus.
