2548 4216
473 277 558 319 praua
580 275 696 318 rasurus,
1014 263 1070 321 32³

107 372 158 436 uisi
171 373 228 436 lroc
241 375 279 436 ab
297 376 445 456 Episcopo
461 375 626 436 formaliter
639 373 836 452 exprimatur,
852 375 923 456 quia
937 377 1072 441 Vicarius

105 477 162 522 non
175 467 272 542 potest
290 465 430 544 praesumi
445 464 515 525 talia
531 480 619 543 passe
636 461 734 524 iacere
749 467 894 542 potestate
908 464 1070 545 ammana,

105 549 157 610 uisi
171 555 207 612 de
219 551 277 614 hoc
291 559 406 614 constet
419 551 476 635 (De
490 550 603 622 dudio,
615 557 636 612 t.
655 555 684 627 l,
700 570 730 630 p.
746 552 830 632 aar).

141 648 250 710 Contra
264 649 467 730 supradictam
480 649 710 730 responsionem
725 648 814 727 objici
829 655 929 730 posset
946 652 1071 714 ordina-

105 734 173 796 riam
191 737 431 815 jurisdictionem
449 738 560 800 debere
579 755 643 798 esse
660 743 836 817 perpetuam
856 739 962 817 :atqui
979 739 1070 818 juris-

104 821 190 886 dictio
207 826 312 888 Vicarii
328 827 481 889 Generalis
497 845 559 888 non
580 831 625 888 est
639 835 801 908 perpetua,
817 827 888 888 clam
902 827 940 887 sit
958 828 995 888 ad
1011 847 1070 890 nu·

104 915 162 972 lum
176 915 314 996 Episcopi
330 917 515 978 revocabilis.
532 917 623 995 Erga,
638 919 695 978 etc.

90 1089 94 1098 .
138 1020 228 1101 Resp.
244 1022 390 1102 Negando
404 1023 550 1100 maiorem
564 1039 572 1081 :
588 1019 738 1082 ordinaria
753 1020 835 1083 enim
845 1021 1013 1100 jurisdictio
1027 1029 1072 1086 est

101 1103 148 1166 illa
161 1127 230 1188 quaa
250 1111 267 1170 a
284 1111 353 1187 jure
367 1111 456 1172 alicui
475 1110 574 1172 allicio
593 1110 778 1185 annectitur3
795 1110 922 1174 minime
940 1113 1010 1174 verd
1023 1131 1070 1176 re-

102 1197 229 1272 quiritur
250 1198 333 1279 qudd
355 1205 533 1261 annectatur
556 1199 648 1260 modo
671 1198 884 1262 irrevocabili:
907 1199 952 1264 sic
970 1203 1070 1281 Legati

102 1284 188 1362 Papae
199 1286 439 1364 jurisdictionem
453 1287 636 1350 ordinariam
650 1287 779 1363 habent,
796 1306 859 1349 non
879 1293 979 1354 tamen
995 1290 1070 1352 irre·

101 1375 275 1440 vocabilem.
441 1381 443 1385 ’

83 1525 91 1532 .
136 1483 208 1542 453.
232 1484 355 1554 Quaerit.
380 1488 412 1547 3⁰
442 1487 489 1546 Au
514 1485 560 1546 sui
588 1484 699 1546 vicarii
723 1483 878 1545 Generalis
905 1483 1070 1564 Episcopus

100 1569 193 1646 possit
208 1590 262 1650 pro
276 1573 397 1634 arbitrio
411 1574 651 1652 jurisdictionem
662 1572 867 1652 restringere?

137 1669 229 1749 llesp.
246 1670 332 1732 Certe
347 1671 470 1751 quidem
487 1671 516 1732 id
531 1689 619 1752 possa
631 1669 731 1751 quoad
747 1671 844 1751 plura,
860 1675 893 1732 ut
905 1677 1021 1733 constat
1034 1691 1069 1734 en

99 1756 188 1818 variis
209 1756 413 1822 decisionibus
433 1763 535 1835 Rotae3
558 1759 621 1822 imd
644 1765 744 1840 posset
764 1759 932 1840 Episcopus
956 1761 1070 1822 nullam

99 1843 219 1906 Vicario
232 1848 397 1910 concedere
411 1849 669 1930 jurisdictionem,
685 1867 739 1911 sau
758 1847 877 1910 nullum
891 1850 1073 1912 constituere

99 1933 252 1996 Vicarium
265 1956 273 2010 ;
290 1937 343 1998 sed
357 1957 419 2000 nou
432 1945 593 2019 poleslpro
605 1937 728 2000 arbitrio
739 1937 919 2017 restringere
927 1939 1070 2017 jurisdic—

99 2022 217 2084 tionem
234 2025 339 2086 Vicarii
355 2045 448 2107 quem
469 2027 576 2107 elegit;
593 2039 650 2089 nec
668 2034 768 2108 posset
788 2026 886 2088 lacere
908 2033 941 2087 ut
954 2027 1072 2089 nullum

100 2111 176 2174 leret
200 2115 427 2190 matrimonium
446 2115 478 2176 in
497 2117 656 2196 prasentia
676 2116 756 2178 illius
778 2120 986 2178 contractum:
1002 2115 1072 2194 quia

100 2197 129 2259 in
155 2208 304 2281 potestate
328 2203 470 2285 Episcopi
496 2223 557 2266 non
584 2211 629 2266 est
650 2204 832 2266 constituere
857 2201 1075 2283 impedimenta

100 2291 332 2354 matrimonium
350 2292 531 2356 dirimentia.
557 2297 715 2369 Praeterea,
740 2311 794 2373 per
813 2291 988 2370 hujusmodi
1010 2309 1072 2352 ras-

100 2377 273 2458 lutationes,
288 2381 314 2442 si
333 2389 432 2443 essent
447 2382 568 2459 nimiae,
584 2381 720 2444 Vicarius
733 2385 835 2462 posset
851 2379 989 2440 desinere
1009 2397 1075 2440 esse

103 2467 239 2530 Vicarius
259 2469 413 2532 Generalis
434 2476 465 2532 et
478 2488 573 2532 unum
591 2488 662 2534 cum
677 2469 742 2550 ipso
757 2469 938 2531 constituere
952 2467 1072 2530 audito-

100 2555 193 2632 rium,
221 2557 346 2638 proinde
367 2559 443 2620 effici
466 2559 657 2622 solummddo
681 2558 806 2639 simplex
828 2557 1012 2638 Delegatus:
1036 2557 1072 2618 ad

99 2646 186 2726 quod
198 2653 242 2708 est
255 2648 333 2709 sarid
346 2648 574 2723 attendendum,
587 2649 671 2724 clam,
687 2647 718 2708 in
730 2647 789 2708 hcc
800 2665 884 2725 casu,
897 2647 913 2706 a
927 2645 1075 2708 sententia

100 2735 169 2796 talis
185 2736 293 2797 Vicarii
313 2744 467 2814 non-esset
484 2737 697 2818 appellandum
714 2736 752 2798 ad
765 2734 1005 2815 metropolitam,
1022 2735 1074 2797 sed

101 2825 205 2902 potius
216 2824 254 2886 ad
268 2825 452 2906 Episcopum
465 2825 665 2907 delegantem.

142 2926 188 2985 Ex
204 2925 353 3006 principio
368 2931 449 2988 certo
463 2925 545 3008 quod
558 2927 726 3006 Episcopus
740 2925 846 2999 valeat,
861 2923 961 3004 quoad
976 2922 1073 3004 plura,

100 3013 287 3094 restringere
298 3013 538 3092 Juri'sdIcliouem
556 3014 604 3078 sui
625 3014 778 3076 Generalis
799 3012 918 3089 Vicarii,
939 3012 1075 3090 sequitur

101 3103 188 3183 qudd
202 3103 296 3183 possit
309 3121 431 3164 causam
445 3102 628 3183 pendentem
641 3119 744 3165 coram
759 3101 810 3163 illo
824 3098 862 3162 ad
877 3117 909 3160 se
923 3116 1072 3178 revocare,

99 3197 131 3253 et
145 3191 239 3255 etiam
253 3191 281 3254 ei
296 3190 432 3255 inhibere
445 3191 527 3273 quod
538 3191 654 3274 judicet
665 3191 696 3253 iu
709 3192 789 3253 cerla
802 3189 903 3253 causa.

141 3301 215 3362 454.
238 3298 360 3372 Quaerit.
376 3303 410 3361 ll
430 3298 475 3362 Au
493 3299 524 3362 in
543 3299 614 3378 jure
633 3297 788 3362 communi
800 3293 926 3358 nomina
939 3291 1075 3356 Vicarius

108 3386 260 3450 ieneralis
274 3395 303 3449 et
316 3387 456 3450 Ollicialis
467 3405 637 3470 synonyma
645 3387 717 3464 siut,
732 3393 763 3450 el
777 3385 903 3449 omnino
916 3382 998 3444 idem
1009 3381 1074 3444 atli-

102 3477 190 3539 cium
203 3475 397 3558 exprimant?

141 3578 237 3657 Resp.
260 3575 463 3656 affirmative,
490 3583 520 3639 et
542 3559 602 3642 laoc
624 3580 742 3640 constal
767 3594 806 3638 ex
829 3574 975 3638 Deorelali
1001 3571 1073 3638 Clam

98 3664 220 3742 nullas,
235 3668 258 3726 t.
272 3669 302 3739 9,
317 3664 368 3726 lib.
384 3669 413 3744 l,
429 3665 461 3726 iu
475 3667 519 3742 6⁰,
534 3672 564 3728 et
577 3666 643 3728 aliis
652 3665 730 3744 juris
741 3663 843 3744 capit,
859 3664 1024 3744 prasertim
1037 3681 1072 3750 cx

97 3753 221 3846 concil.
233 3753 383 3846 Tridenl..
395 3759 537 3842 sessui.
547 3773 611 3836 cap·
626 3758 676 3832 16,
691 3753 735 3818 lle
746 3751 819 3834 νηί,
833 3755 863 3830 in
880 3771 942 3830 quo
953 3753 1074 3831 julelur
