2526 4210
448 266 449 269 ¹
488 296 574 338 trouu
595 296 712 338 luanus.
1023 287 1077 335 :rt

104 399 245 479 excepit¹
265 397 344 458 :sed
365 397 499 459 officium
521 395 665 476 pascendi
686 413 793 456 onmes
816 395 919 456 fideles
941 397 1006 457 sind
1027 393 1086 480 ulla

104 485 305 566 exceptione,
321 483 480 546 manifeste
503 482 628 545 includit
646 483 767 564 plenam
788 485 1014 559 auctoritatem,
1035 499 1088 544 seu

104 564 274 636 Primatum
287 571 505 653 jurisdictionis
518 573 550 632 in
568 571 767 632 universalem
782 571 959 634 Ecclesiam.
982 572 1087 651 Ergoa

105 661 228 723 Christo
238 663 345 722 Petrus
355 660 654 741 accepitpotestatem
662 660 693 720 in
703 659 1086 721 universalemEcolesiam.

105 751 190 829 Ergo
204 767 241 812 ex
262 749 416 828 scriptura
437 752 554 809 corrstat
575 749 741 809 Primatum
760 747 976 828 iurisdictionis
998 746 1089 809 fuisse

108 837 219 910 datum
233 838 323 898 Petro
336 855 392 917 pro
406 839 468 898 tota
479 836 623 898 Ecclesit.

149 939 185 996 2⁰
201 935 324 996 Constat
344 934 503 996 traditione
522 953 531 995 ι
547 935 709 998 innumera
723 933 820 996 afferri
837 937 960 1016 possent
981 951 1092 996 monu-

110 1028 232 1100 menta,
247 1023 308 1084 sive
323 1041 360 1084 ex
373 1022 514 1084 Conciliis
531 1023 593 1085 sive
608 1041 645 1084 ex
659 1024 712 1086 SS.
729 1023 886 1098 Patribus,
902 1022 1012 1103 quibus
1025 1021 1093 1083 ided

112 1108 257 1172 tribuitur
272 1111 417 1171 Romanis
436 1111 633 1173 Pontificibus
656 1111 805 1172 primatus
826 1110 1042 1190 jurisdictionis
1062 1110 1093 1170 in

111 1199 318 1260 universalem
342 1199 524 1276 Ecclesiam,
544 1199 616 1280 quia
638 1206 709 1262 sunt
733 1217 922 1262 successores
944 1201 977 1260 S..
1001 1199 1090 1260 Petri.
1140 1208 1146 1222 “

111 1285 259 1358 Quaedam
275 1305 313 1349 ex
328 1287 385 1348 illis
400 1306 468 1348 mox
487 1286 664 1350 reseremus.
681 1288 757 1350 Vide
772 1289 858 1369 plura
881 1288 937 1350 alia
952 1307 1001 1369 ap.
1017 1287 1087 1366 ,Met-

111 1375 249 1438 chiorem
263 1377 356 1448 Cano,
374 1375 499 1436 deloco
514 1376 696 1456 tdeolopieis,
713 1377 765 1439 lib.
778 1381 808 1454 6,
824 1396 891 1459 cap.
906 1382 938 1452 4,
951 1379 970 1438 5
985 1382 1012 1437 et
1023 1380 1053 1438 6.
1161 1399 1163 1402 ·

154 1476 191 1536 Π.
207 1472 423 1535 Permansurus
437 1483 479 1536 est
490 1474 580 1536 Petri
591 1478 747 1538 Primatus
759 1495 846 1556 usque
860 1475 900 1535 ud
912 1494 1095 1535 consummo-

113 1563 225 1626 tionem
248 1563 360 1624 scevoli.
378 1596 416 1610 -
437 1565 558 1626 Constat
579 1582 616 1625 ex
630 1570 712 1625 textu
727 1565 757 1625 S.
783 1563 913 1624 Matthaei
927 1581 1017 1643 supra
1031 1581 1096 1623 me·

114 1656 235 1712 morato
254 1669 261 1710 :
280 1650 323 1712 Tu
343 1671 371 1712 es
393 1651 523 1723 Petrus,
548 1658 619 1726 etc.;
646 1651 750 1713 tandiu
775 1651 856 1713 enim
880 1669 1096 1733 permansurus

113 1744 163 1800 est
177 1739 326 1801 Primatus
347 1740 403 1801 sub
421 1739 519 1819 ligura
539 1742 635 1801 Petrae
651 1739 883 1802 fundamentalis
903 1739 1095 1820 designatus,

115 1827 264 1908 quamdiu
288 1828 467 1890 duraturum
489 1834 534 1890 est
551 1827 713 1890 aediticium
740 1829 778 1890 ab
801 1830 867 1910 ipso
883 1834 1094 1891 sustentatum.

117 1915 213 1978 Porrd
234 1915 308 1976 illud
331 1916 514 1990 aedificium,
540 1918 672 1979 Ecclesia
706 1917 861 1994 videlicet,
886 1918 1029 1980 duratura
1053 1921 1098 1979 est

116 2022 217 2085 usque
242 2003 280 2064 ad
299 2003 391 2065 linem
405 2005 541 2081 ,muodi3
572 2005 723 2086 siquidem
746 2007 888 2068 adversius
914 2025 982 2067 eam
1003 2015 1098 2086 porte

117 2091 210 2173 inseri
224 2111 284 2152 noo
297 2101 365 2152 suot
377 2094 595 2174 praevaliturae.
614 2097 713 2176 Ergo,
733 2102 791 2156 etc.
815 2095 901 2157 Unde
921 2095 1096 2175 Philippus,

117 2182 150 2242 S.
166 2180 320 2242 Caelestini
334 2182 477 2261 Legatos,
494 2182 525 2242 in
548 2182 680 2244 Concilio
702 2183 870 2265 Ephesiae,
897 2184 980 2244 nullo
1003 2183 1097 2244 rocla·

118 2273 242 2346 manto,
258 2270 301 2330 sic
316 2269 431 2331 aiebat:
452 2292 467 2328 a
487 2271 566 2332 Nulli
582 2271 710 2333 dubium
725 2319 731 2344 ,
748 2269 810 2332 imd
825 2271 942 2332 socculis
956 2270 1099 2333 omnibus

122 2353 266 2418 «notum
288 2359 434 2438 estquod
459 2360 489 2421 S.
514 2361 641 2436 Petrus,
665 2360 877 2441 Apostolorum
902 2360 1045 2440 Princeps
1069 2367 1099 2421 et

122 2467 138 2502 α
159 2445 271 2525 Caput,
288 2445 418 2526 lideique
439 2448 598 2525 columna,
612 2455 641 2510 ct
655 2449 796 2510 Ecclesiae
815 2447 967 2508 catholicae
990 2447 1097 2508 lunda-

121 2555 138 2592 ι(
158 2539 316 2610 mentum,
332 2535 349 2594 a
363 2537 400 2596 D.
417 2537 453 2596 N.
466 2539 493 2599 J.
509 2539 540 2598 C.
556 2536 653 2598 claves
667 2537 753 2618 regni
768 2535 916 2598 coelorum
930 2535 1095 2617 accepit...‚

122 2643 139 2680 c
160 2621 214 2704 qui
227 2619 268 2681 od
277 2621 330 2682 loc
341 2641 428 2702 osque
443 2633 556 2705 tempos
570 2630 599 2686 et
613 2643 725 2706 semper
738 2626 769 2685 in
788 2625 1009 2686 successoribus
1028 2624 1098 2686 vivit

125 2732 140 2768 c
162 2716 191 2766 rt
202 2709 313 2787 judicia
325 2716 454 2772 exercet.
470 2733 485 2770 o

154 2790 206 2852 lll.
229 2793 370 2865 Pontifeo
392 2789 541 2853 Romanos
555 2791 688 2855 Petreio
703 2791 817 2852 dictum
841 2793 1007 2853 Primatum
1021 2811 1083 2853 suc-

112 2880 208 2944 cessit.
234 2913 272 2927 -
294 2879 457 2942 innumera
479 2880 604 2962 quidem
626 2880 796 2942 testimonia
821 2881 850 2942 in
874 2883 1086 2961 probationem

113 2969 215 3034 afferri
231 2975 373 3048 possent3
390 2968 517 3032 sufficiat
531 2969 657 3032 Concilii
672 2969 840 3032 Florentini
851 2971 986 3033 definitio
998 2977 1088 3052 supra

112 3060 221 3132 relata,
237 3066 270 3118 n⁰
283 3061 333 3132 23,
349 3064 379 3119 et
393 3058 541 3133 Vaticani,
556 3061 594 3123 V.
614 3058 692 3120 infra
709 3060 804 3143 (339),

154 3147 244 3212 Unde
255 3146 397 3208 damnata
415 3146 472 3208 luit
486 3149 501 3208 a
516 3149 653 3209 LeoneX
667 3149 833 3230 propositio
850 3152 902 3210 25·
914 3147 1035 3209 Lutheri
1047 3149 1090 3210 sic

115 3256 151 3302 so
164 3236 303 3299 habens:
325 3237 509 3298 «Romanus
533 3236 670 3299 Pontifex
693 3237 771 3299 Petri
793 3255 948 3299 successor
967 3243 1089 3300 nonest

149 3419 160 3450 ⁸
173 3416 269 3470 Praeter
279 3429 354 3479 opnor
364 3420 451 3466 etouca
463 3416 488 3465 in
501 3415 611 3466 Ecclesit
622 3415 683 3466 nihil
698 3423 743 3478 est,
757 3417 837 3483 inquit
849 3417 875 3468 S.
887 3417 981 3469 Eucher
993 3419 1091 3485 (Sermo

117 3489 178 3543 Not.
197 3489 266 3539 Petrt
281 3491 304 3537 ct
321 3487 413 3544 Pauli).
436 3506 447 3536 ι
468 3486 531 3540 C'esl
549 3487 562 3538 l
583 3487 674 3549 Pierre,
697 3489 777 3553 iuquit
798 3489 951 3553 Bossuetius,
970 3493 1030 3555 qu'il
1053 3501 1091 3544 est

121 3580 132 3609 ι
151 3557 264 3610 ordonn&
277 3557 307 3606 dc
319 3559 396 3622 pattre
408 3564 433 3608 et
445 3558 476 3610 do
487 3574 627 3622 gouverner
635 3558 702 3610 ollas
710 3575 824 3624 agneaux
835 3567 859 3611 at
869 3561 905 3615 les
915 3562 1006 3625 brebis,
1020 3573 1043 3614 et
1055 3563 1089 3614 les

121 3649 134 3682 ι
151 3630 225 3696 petits
239 3634 265 3680 et
282 3627 318 3678 les
331 3629 418 3689 mereo,
437 3635 462 3680 et
480 3629 515 3680 les
530 3635 641 3694 paeleum
662 3631 742 3681 mdme
760 3646 767 3681 r
782 3638 893 3696 pasteurs
913 3633 925 3682 al
942 3634 1033 3700 l'tgard
1048 3638 1091 3686 dos

151 3699 265 3768 periples,
278 3705 303 3750 et
314 3699 396 3752 brebis
412 3700 530 3767 ll'dgard
543 3702 574 3751 d·
586 3701 678 3754 Pione.
694 3702 830 3763 ›tSermon
844 3719 888 3756 aur
901 3705 1004 3765 l'unr'te't
