2590 4214
471 279 557 322 urana
578 277 697 323 narnus.
1014 265 1072 324 lot
1153 299 1155 306 ,

136 378 255 440 Dicitur
267 382 301 440 4⁰
322 375 555 440 Volnntnrelisen
568 375 696 435 scienter
713 382 741 435 et
755 373 866 435 linere:
888 373 969 440 unde
983 374 1078 436 lurio-

93 485 161 542 sus,
176 464 288 541 inians,
301 463 468 538 dormiens,
483 463 585 524 ebrius
596 509 603 540 ,
615 469 687 540 etc,
703 461 727 523 si
742 463 883 524 occidant
899 510 908 538 ,
925 481 988 524 non
1003 465 1079 524 liunt

94 553 292 632 irregulares.
306 587 346 598 -
361 552 508 614 Clement.
532 553 633 626 unica,
648 551 694 614 De
707 551 876 614 homicidio.

148 641 265 704 Dicitur
277 645 310 704 5ο
321 640 490 722 Efficaeiter
506 659 514 702 :
530 641 612 702 unde
632 641 775 702 assistens
793 641 951 722 supplicio¹
964 659 1026 702 non
1046 639 1080 701 fit

96 731 294 812 irregularis,
310 731 334 791 si
347 733 402 792 sut
414 729 577 812 prasentia
591 730 622 790 in
636 730 710 792 illud
724 749 786 804 non
801 729 918 791 inlluat.
943 732 985 790 Ita
999 745 1079 789 com·

96 819 289 880 manissime.
304 821 443 880 Attamen
456 837 522 899 cap.
535 818 734 894 Sententiam,
746 819 906 881 Necleriei
917 817 963 879 nel
975 828 1078 877 mona-

95 906 161 983 cln',
183 915 300 970 vetatur
313 907 430 970 clericis
445 907 590 970 interesse
602 906 777 988 hujusmodi
791 907 958 988 suppliciis.

141 995 260 1057 Dicitur
285 1000 316 1057 6⁰
337 994 501 1058 Proninni:
524 995 606 1058 uude
630 995 809 1076 irregulares
832 1015 894 1057 non
922 995 999 1057 liunt
1028 995 1081 1075 qni

98 1083 220 1164 gladios
245 1084 360 1146 iaciunt
382 1091 436 1146 aut
459 1083 612 1156 vendunt;
632 1083 819 1164 legislatores
840 1084 921 1165 leges
940 1084 1082 1164 capitales

98 1171 279 1234 condentes.

141 1261 302 1324 Dicitur7⁰
326 1262 388 1324 Per
412 1263 557 1326 actionem
572 1283 609 1325 ec
630 1262 737 1325 notoni
760 1263 837 1324 snei:
861 1262 943 1324 unde
965 1261 1082 1340 judices
1184 1277 1187 1280 ·

99 1349 295 1413 ecclesiastici
309 1351 507 1432 degradatum
527 1351 679 1414 tradentes
693 1351 817 1414 brachio
840 1351 994 1426 saeculari,
1020 1367 1081 1415 non

103 1439 183 1501 liunt
199 1439 390 1520 irregulares.
906 1465 910 1474 ⁴

146 1529 191 1587 Ex
208 1545 274 1607 cap.
291 1528 448 1590 Sententia
462 1529 629 1610 sanguinis,
643 1529 691 1592 Ne
702 1529 774 1590 cler.
794 1528 943 1600 aelmon..
959 1527 1081 1588 velitum

102 1630 150 1687 est
164 1623 281 1686 clericis
295 1625 325 1686 in
340 1626 432 1688 sacris
446 1627 615 1688 constitutis
631 1675 639 1698 ,
662 1627 706 1688 vel
723 1625 923 1688 beneficiariis
935 1632 964 1686 et
978 1626 1080 1687 omni·

103 1713 163 1776 bus
176 1714 378 1793 regularibus,
390 1733 421 1776 se
434 1715 632 1776 intromittere
644 1715 676 1775 iu
686 1733 807 1776 eausam
823 1714 991 1794 sanguinis,
1005 1713 1093 1792 juda·
1108 1766 1110 1771 .

101 1801 215 1878 cando,
230 1803 428 1878 testificando,
445 1803 640 1884 exsequendo
654 1849 662 1880 ,
676 1811 733 1866 etc.
749 1851 758 1879 ,
775 1803 904 1884 ideoque
918 1800 1084 1865 mortaliter

103 1898 243 1973 peccant,
255 1891 280 1954 si
295 1891 523 1974 quomodolibet
531 1892 570 1953 ad
584 1894 810 1954 exsecutionem
822 1892 997 1972 hujusmodi
1009 1892 1077 1954 sen·

102 1980 207 2043 tentiae
221 1981 374 2062 adjuvent.

151 2069 257 2131 Verius
272 2069 422 2152 Episcopi,
437 2069 469 2132 in
479 2069 770 2152 haclrregularitale,
781 2071 943 2133 licetinerit
953 2072 1082 2150 occulta,

105 2177 171 2222 non
199 2164 326 2240 possunt
346 2158 540 2239 dispensare:
569 2160 639 2240 quia
656 2159 768 2221 (loncil.
788 2158 922 2222 Trident.
949 2160 1084 2241 loquitur

105 2249 227 2310 tantiam
243 2248 280 2309 de
295 2247 514 2328 irregularitate
529 2268 567 2311 ec
577 2248 685 2310 delicto
700 2247 823 2311 occulto.

148 2336 354 2418 irregularitas
367 2355 404 2398 ex
417 2336 538 2400 delectu
552 2337 682 2398 lenitatis
699 2355 761 2398 non
776 2337 940 2400 incurritur
950 2357 985 2400 ex
1002 2339 1083 2419 occi·

106 2429 195 2492 sione
221 2434 250 2488 et
272 2426 458 2488 mutilatione
487 2427 557 2488 ante
586 2426 770 2507 baptismum
797 2427 988 2502 commissis3
1014 2428 1084 2508 quia

103 2517 176 2600 jura
186 2513 655 2596 desolisbaptizalisloquuntur:
671 2534 738 2596 cap.
752 2519 771 2577 8
786 2522 814 2576 et
825 2519 876 2590 61,
891 2515 960 2578 dist.
975 2519 1025 2578 50.
1043 2519 1085 2577 lla

106 2603 327 2669 communiter.
344 2602 417 2664 Vide
431 2603 488 2664 alia
510 2603 541 2664 in
556 2603 706 2680 Manuale,
724 2603 762 2664 nl·
778 2607 962 2667 roan-1953.

527 2772 615 2832 Alta.
637 2773 672 2834 ll.

129 2915 170 2961 D}
190 2911 412 2960 conntrmtllttus
432 2912 573 2959 rosl’rms
600 2915 637 2959 ΑΒ
658 2915 772 2962 DIGNAH
792 2919 993 2968 nscnrrlonnu
1015 2925 1071 2969 VEL

360 3001 475 3048 DIGNUH
494 3002 677 3048 uxunclrntu
698 3004 840 3051 ortmann.

153 3133 223 3194 filil.
247 3130 314 3190 Non
326 3126 447 3188 tentum
472 3123 587 3186 avitiis
608 3133 661 3186 aut
680 3127 769 3188 variis
784 3127 1008 3210 impedimentis
1028 3135 1085 3194 im-

111 3235 223 3280 munes
235 3234 301 3278 esse
315 3214 425 3276 debent
440 3213 492 3294 qui
503 3211 629 3292 cupiunt
642 3213 680 3274 ad
699 3214 821 3277 ordines
836 3221 1021 3298 promoveri,
1037 3223 1089 3284 sed

110 3305 204 3368 etiarn
219 3303 404 3386 pluresalias
424 3299 590 3380 adimplere
607 3300 720 3364 debent
732 3304 940 3383 conditiones,
962 3309 1025 3370 sive
1040 3310 1090 3370 in-

111 3400 216 3456 ternas
228 3393 289 3454 sire
301 3395 451 3453 externas.

153 3485 178 3544 l.
201 3479 396 3542 conditiones
422 3479 548 3540 internae
566 3483 637 3540 sunt
654 3481 822 3559 presertim
835 3483 952 3545 vocatio
965 3484 1089 3566 divina,

113 3570 183 3636 vitae
194 3569 329 3650 probitas
343 3585 396 3628 seu
412 3567 553 3629 sanctitas
566 3567 753 3648 praecellens,
766 3576 847 3632 recta
862 3571 1000 3637 intentio.

157 3660 189 3720 tl
218 3657 335 3718 l'oectio
348 3655 470 3716 divina:
486 3654 584 3726 Quam
604 3657 772 3719 necessaria
789 3658 828 3718 sit
844 3659 1018 3738 hujusmodi
1036 3682 1088 3726 vo·

114 3749 195 3814 ontio
212 3750 293 3826 patet
306 3763 344 3806 ex
359 3745 414 3805 SS.
433 3743 493 3805 PP.
506 3748 583 3806 etex
599 3744 672 3821 ipsis
685 3745 847 3824 Scripturis
860 3747 969 3811 diuinis
984 3769 992 3810 ε
1020 3751 1091 3814 dicit
