2590 4214
134 277 138 280 ·
158 265 217 324 432
237 309 240 317 ,
433 271 582 318 susumus
602 271 684 316 runis
705 269 852 316 cruorum.

164 399 178 434 o
200 375 237 441 ud
251 374 373 436 ordines
388 373 514 436 accedit.
528 374 622 454 ldque
638 373 741 451 plures
763 370 902 432 ridentur
923 369 961 431 ad
982 377 1144 434 tonsuram

165 488 179 520 u
200 461 372 534 extendere,
390 463 461 541 quia
480 461 550 522 licet
568 459 754 542 probabilius
774 460 898 519 sileam
918 477 985 520 csse
999 477 1148 523 caeremo-

167 576 180 608 ι
202 552 283 613 niam
295 551 332 612 ab
343 550 477 613 Ecclesia
488 549 663 616 institutam,
674 555 829 609 esttamen
840 546 1149 627 solemnisprolessio

168 667 180 693 ιι
203 640 269 702 ritae
287 642 350 702 lleo
374 637 672 719 mancipiorumque
691 655 745 717 per
767 636 856 696 talem
878 636 1089 714 receptionem
1108 638 1150 698 in·

170 753 182 784 u
202 728 279 810 iuria
293 728 390 789 ordini
406 725 547 788 clericali.
570 729 614 787 lta
632 724 756 797 Hallier‚
772 723 897 796 Hubert,
910 724 1014 792 collat,
1037 725 1085 786 De
1100 726 1152 788 Or·

171 843 185 874 u
205 815 283 877 diue.
298 819 392 898 Negat
406 815 542 890 Billuart‚
560 813 604 876 De
614 812 734 886 Ordine,
751 813 869 874 dissert.
884 815 915 886 3,
927 821 983 874 art.
1000 817 1033 875 3.
1047 835 1063 872 a

206 909 237 966 2⁰
252 907 295 966 lle
310 903 445 967 censuris
454 901 562 964 dicturi
577 921 684 964 sumus
696 902 727 962 in
739 901 827 962 tertio
838 899 930 973 libro,
943 901 989 962 De
998 900 1150 975 dediciis

168 996 311 1074 Superest
325 1011 396 1072 ergo
408 998 440 1054 ut
453 991 503 1054 hle
518 991 635 1052 tantum
649 997 810 1052 tractatum
824 988 862 1050 de
877 989 1153 1070 irregularitatibus

170 1083 369 1142 instituamus.
387 1080 619 1160 Expendernus:
633 1083 663 1140 l⁰
676 1077 752 1149 Quid
765 1085 794 1139 et
805 1079 970 1158 quotuplex
984 1080 1023 1139 sit
1035 1079 1154 1160 irregu-

171 1171 270 1232 laritas
292 1178 321 1229 et
346 1170 470 1249 quinam
494 1169 553 1228 sint
573 1169 654 1230 illius
677 1167 818 1240 ellectum
835 1172 866 1227 2⁰
882 1167 1040 1246 quoruodo
1054 1168 1156 1230 incur-

171 1265 253 1320 ratur
264 1264 293 1319 et
306 1259 427 1318 tollatur
440 1257 656 1337 irregularium
671 1260 703 1318 3ο
715 1273 857 1336 quaenam
873 1256 933 1316 sint
948 1255 1157 1336 irregularita-

171 1357 215 1407 tes
229 1365 266 1408 ex
280 1345 390 1408 delicto
402 1365 411 1423 ;
426 1351 459 1406 l?
473 1363 616 1426 quaenam
630 1347 690 1406 sint
704 1344 939 1426 irregularitates
958 1362 996 1406 ex
1017 1345 1153 1408 defectu.

625 1508 691 1589 gr.

176 1638 256 1713 Quid
275 1647 301 1700 rt
317 1636 478 1720 quotuplex
498 1637 536 1698 sit
559 1635 773 1718 lrrepulorr'tus
791 1645 820 1698 et
843 1637 967 1717 quinum
988 1639 1051 1698 siut
1073 1638 1158 1700 illius

600 1733 722 1815 effertus.

215 1891 285 1949 593.
309 1887 359 1946 Sat
379 1883 583 1947 communiter
601 1881 744 1942 delinitur
763 1881 980 1962 lrrrqulam'tus
995 1903 1006 1944 :
1020 1883 1157 1967 Impedi-

178 1984 306 2038 mentum
330 1974 501 2034 canonicum
522 1971 730 2054 susceptionem
754 1970 888 2032 ordinum
907 1981 936 2033 et
953 1982 1159 2056 susceptorum

179 2084 261 2127 usum
275 2061 445 2144 impediens.

219 2159 249 2216 1⁰
262 2152 377 2214 Dicitur
387 2148 627 2232 impedimentum
639 2167 699 2212 non
710 2167 812 2230 prena,
827 2149 898 2212 cuia
908 2149 1158 2232 irregularitatem

179 2244 233 2305 etsi
246 2241 390 2323 prirenti
406 2240 577 2320 receptione
592 2239 638 2300 vel
653 2241 795 2302 exercitio
807 2238 963 2314 ordinum,
976 2258 1040 2300 non
1054 2247 1159 2304 tamen

182 2333 299 2412 privant
314 2330 437 2410 praecise
452 2329 492 2389 ob
502 2329 634 2408 culpam,
651 2329 723 2390 cinn
738 2329 798 2390 sint
811 2327 1161 2409 pluresirregularitates

181 2439 249 2502 quae
263 2423 280 2481 a
294 2419 402 2480 delicto
417 2435 480 2480 non
496 2416 691 2498 proveniunt,
706 2425 739 2480 ut
752 2423 824 2499 puta
839 2415 993 2499 pleraeque
1007 2418 1160 2498 irregula-

183 2513 281 2572 ritates
299 2527 335 2570 err
353 2507 484 2585 defectu,
508 2505 561 2568 sed
582 2509 699 2587 privant
719 2512 840 2588 propter
860 2505 1067 2568 indecentiam
1090 2527 1161 2588 quae

183 2601 291 2682 inesset
305 2595 470 2678 receptioni
484 2595 531 2659 vel
545 2595 686 2658 exercitio
696 2595 838 2657 ordinum
849 2612 922 2657 curn
935 2595 1048 2658 talibus
1061 2596 1161 2660 delec-

183 2689 271 2752 tilius.
529 2685 532 2688 ’

219 2779 251 2837 2⁰
268 2773 447 2836 Cououicum
467 2793 474 2834 :
491 2773 521 2834 id
544 2779 589 2834 est
608 2772 776 2834 canonibus
790 2790 844 2835 seu
863 2772 994 2834 decretis
1015 2775 1160 2840 Ecclesiae

182 2864 386 2928 introductum
412 2881 419 2922 :
441 2863 647 2943 irregularitas
668 2861 749 2922 enim
772 2880 832 2922 non
855 2855 1021 2924 incurritur
1045 2863 1106 2924 nisi
1129 2865 1161 2926 in

180 2954 300 3015 casibus
308 2951 380 3033 jure
394 2950 585 3013 ecclesiastico
603 2950 761 3030 expressis,
778 2963 840 3011 non
861 2949 931 3012 vero
945 2951 1040 3030 ultra,
1056 2953 1160 3016 necin

181 3042 284 3104 drinio,
303 3039 388 3121 (Cap.
402 3040 431 3101 ls
445 3040 499 3122 qui
514 3043 562 3116 l8,
582 3039 624 3100 De
637 3047 710 3100 seut.
726 3057 881 3116 excomm„
897 3038 928 3098 in
944 3037 1003 3120 6⁰.)

221 3132 300 3192 llinc
323 3128 449 3190 insertur
473 3147 534 3190 non
553 3128 649 3190 valere
669 3127 700 3188 in
719 3127 775 3188 hac
795 3126 919 3188 materie
941 3133 1159 3209 argumentur

184 3221 257 3300 pari,
274 3236 330 3280 nec
353 3217 371 3280 a
394 3217 501 3297 majori
518 3217 555 3280 ad
574 3216 685 3278 minus.
706 3218 749 3277 lta
769 3216 983 3278 conimuniter.
1000 3218 1032 3279 Si
1057 3226 1159 3282 tamen

182 3309 334 3370 dubitetur
348 3325 387 3368 an
402 3306 608 3388 irregularitas
622 3306 659 3366 sit
673 3323 813 3386 expressa
828 3304 859 3366 iii
872 3305 952 3386 jure,
968 3306 1160 3371 admittendo

181 3404 226 3458 est
247 3414 366 3478 semper
384 3412 420 3458 ac
439 3413 506 3458 eam
523 3393 694 3456 connnunis
708 3412 815 3456 sensus
837 3395 898 3456 ul).
915 3402 945 3456 et
967 3398 1161 3461 consuetudo

184 3485 369 3546 firmaverint
384 3503 392 3545 ε
409 3485 481 3566 quia
495 3483 537 3544 illi
548 3489 618 3544 sunt
630 3483 735 3564 optimi
750 3484 825 3563 legis
839 3483 1032 3569 interpretes.

221 3576 254 3634 3⁰
268 3569 485 3654 susceptionem
499 3571 636 3633 ordinum
648 3589 656 3632 ε
669 3571 751 3652 quod
764 3572 968 3635 communiter
981 3572 1161 3659 intelligitur

184 3660 273 3722 etiam
286 3659 468 3722 detonsum.
485 3661 560 3721 Vide
575 3661 605 3722 S.
623 3661 758 3741 Lignor,
773 3661 826 3722 lib.
842 3667 872 3736 ⁵1,
890 3665 1008 3724 110342.

223 3747 260 3805 llt
274 3749 307 3804 4⁰
321 3755 511 3825 susceptorum
529 3768 608 3808 usum
621 3747 800 3830 inpediens:
815 3752 882 3812 Non
895 3757 996 3813 tamen
1011 3752 1158 3834 irregula-
