2548 4216
58 283 61 288 '
154 281 212 339 374
427 285 578 328 stannum
598 283 680 328 cunis
702 283 849 328 cnuomcr.

193 393 284 466 Resp.
300 381 443 456 Quamvis
454 382 524 442 olim
541 380 631 444 missa
647 381 760 462 pluries
780 379 887 441 eadem
911 377 960 440 die
983 379 1132 444 celebrari

156 475 305 562 potuerit,
321 472 338 533 a
353 471 456 532 multis
469 475 571 532 tamen
585 469 703 535 saeculis
717 468 747 530 id
762 467 948 550 prohibitum
970 472 1032 543 est,
1053 487 1132 548 prae-

153 567 291 646 terqulun
307 563 337 622 in
353 561 428 621 festo
440 559 551 620 Natalis
562 559 683 620 Domini
694 564 724 620 et
736 575 809 619 casu
823 556 1030 618 necessitatis:
1047 578 1063 615 u
1077 559 1134 619 Ex·

157 676 173 714 c
194 658 280 733 cepto
295 651 343 711 die
358 647 522 710 Nativitatis
537 647 678 722 Domini,
694 646 791 727 inquit
811 648 968 706 Innocent.
989 647 1028 706 111
1050 643 1131 726 (cap.

156 763 171 801 r
195 738 381 803 Consulnisti
391 740 421 809 3,
439 737 483 798 lle
504 734 607 797 celebr.
631 735 739 816 miss),
760 733 817 796 nisi
834 751 925 795 causa
945 735 1134 798 necessitatis

157 852 172 888 e
194 829 336 902 suadeat,
355 824 463 887 suffieit
481 823 627 885 sacerdoti
646 823 739 885 semel
762 822 794 883 in
818 821 866 883 die
888 839 982 882 unam
1007 822 1133 885 missam

157 940 173 978 c
193 915 384 980 solummodo
398 912 560 976 celebrare.
577 934 592 971 »
609 913 703 974 Porro
723 913 860 992 quamvis
873 909 1010 971 Pontifex
1030 917 1133 974 utatur

155 1023 225 1068 voce
238 1005 373 1085 sufficit,
390 1011 506 1066 certum
520 1007 564 1062 est
578 1001 657 1081 apud
670 1017 777 1062 omnes
796 1001 829 1060 in
847 999 906 1060 hoc
925 998 1020 1060 verbo
1034 1001 1133 1062 conti-

155 1095 219 1154 neri
243 1099 427 1172 praeceptum
459 1089 581 1171 proprie
609 1089 734 1151 dictum.
763 1089 796 1150 ld
821 1093 1000 1168 supponunt
1024 1107 1134 1150 omnes

155 1182 186 1242 S.
204 1179 477 1260 congregationum
496 1176 722 1238 declarationes.

195 1271 251 1330 Per
264 1266 442 1328 necessitatis
456 1283 567 1340 cusum,
591 1284 652 1325 non
672 1263 848 1343 intelligitur
868 1263 892 1324 si
917 1266 1134 1344 superveniant

155 1356 286 1436 hospites
310 1361 361 1416 aut
384 1353 553 1435 peregrini,
575 1353 716 1434 princeps
730 1358 782 1414 aut
800 1351 968 1432 Episcopus
985 1372 992 1412 :
1008 1355 1082 1433 quia
1095 1357 1133 1417 ad

155 1462 274 1507 sacrum
289 1442 473 1504 audiendum
488 1459 549 1501 non
563 1447 714 1512 tenentur,
726 1439 848 1520 quando
861 1440 962 1501 nullus
975 1449 1022 1502 est
1036 1461 1133 1505 sacer-

155 1532 210 1594 dos
224 1532 276 1613 qui
291 1531 384 1614 possit
393 1531 461 1609 jure
475 1529 637 1591 celebrare.
653 1532 694 1590 lta
710 1527 910 1608 probabilius,
928 1529 1017 1606 juxta
1039 1533 1069 1593 S.
1087 1533 1133 1593 Li-

156 1639 258 1701 guor.,
274 1625 378 1682 contra
390 1619 537 1698 quosdam
549 1617 612 1696 (lib.
630 1621 660 1693 6,
675 1627 707 1676 n⁰
722 1621 797 1688 352,
816 1619 870 1694 5⁰).
886 1619 949 1678 Nec
968 1619 994 1678 si
1020 1621 1132 1701 nuptia

156 1725 217 1768 non
233 1713 356 1788 possent
366 1707 396 1766 in
406 1706 571 1768 erastinum
585 1705 666 1766 diem
678 1704 791 1766 differri
804 1724 811 1765 :
822 1705 893 1784 quia
906 1705 1053 1769 celebrari
1061 1727 1130 1789 pos-

155 1800 228 1858 sunt
241 1796 354 1877 absque
368 1796 459 1856 missa
475 1815 481 1855 :
499 1794 530 1854 in
545 1810 606 1874 quo
626 1798 718 1852 casu,
742 1793 912 1855 benedictio
934 1796 1066 1858 crastina
1083 1797 1131 1860 die

156 1883 188 1944 in
203 1884 295 1945 misso
308 1883 442 1961 impendi
458 1881 575 1961 poterit.

195 1973 302 2033 Utrum
317 1971 406 2032 veluti
416 1988 502 2032 casus
511 1970 694 2032 necessitatis
707 1969 811 2031 haberi
827 1967 983 2048 debuerit,
999 1973 1069 2036 siin
1084 1974 1131 2039 dic

155 2056 458 2132 festivo,oelehranda
469 2064 547 2119 esset
560 2057 693 2120 secunda
708 2061 797 2120 missa
812 2078 867 2140 pro
883 2058 1029 2124 defuncto
1043 2063 1131 2126 cada·

156 2164 225 2209 vere
240 2155 387 2226 praesente
394 2146 587 2208 l-Affirmat
595 2146 709 2222 Glossa,
722 2147 752 2208 in
767 2145 921 2229 dictoeap.
936 2147 1129 2228 Consuluistc,

156 2234 201 2296 De
213 2235 317 2298 celebr.
335 2237 429 2314 miss,
442 2235 513 2310 uhi,
528 2244 558 2295 v⁰
569 2232 769 2308 Necessitates,
786 2233 858 2297 dicit
875 2255 883 2296 :
896 2257 911 2296 o
924 2237 956 2298 Si
970 2238 1131 2304 celebravit

161 2343 176 2380 c
196 2322 233 2385 de
251 2325 320 2403 die,
341 2329 440 2404 potest
458 2331 488 2384 et
502 2323 590 2384 aliam
612 2323 734 2384 missam
746 2322 846 2385 dicere
862 2343 916 2404 pro
932 2325 1079 2391 defuneto
1092 2351 1128 2402 u;

153 2415 186 2471 et
205 2410 283 2474 hanc
299 2412 475 2492 opinionem
498 2411 618 2472 admisit
637 2411 750 2472 Bened.
772 2413 837 2473 Xlll
848 2459 856 2487 ,
875 2413 905 2474 in
929 2433 1072 2479 sermone
1093 2418 1130 2479 de

155 2495 332 2578 Purgatorio
348 2498 435 2580 (Vide
451 2503 481 2562 S.
496 2499 573 2579 hig,
590 2498 641 2560 lib,
656 2502 686 2574 6,
699 2502 768 2576 351)
783 2518 790 2560 :
810 2521 825 2560 c
838 2501 930 2563 modo
942 2505 1084 2568 sacerdos
1093 2509 1130 2568 sit

161 2607 176 2644 o
193 2587 337 2666 jejunus,
354 2594 384 2649 et
397 2607 459 2650 non
473 2589 510 2649 sit
524 2587 600 2649 alius
612 2586 665 2666 qui
680 2605 735 2666 pro
748 2585 892 2650 defuneto
904 2590 1080 2656 celebret».
1091 2629 1130 2640 -

152 2673 214 2734 Sed
229 2675 311 2757 Juxta
328 2677 440 2736 Bened.
457 2678 542 2748 XlV,
558 2674 589 2734 in
604 2673 722 2736 Indulto
744 2673 827 2749 Quod
842 2679 991 2758 expensis,
1005 2683 1045 2744 26
1057 2700 1127 2764 aug.

154 2765 246 2835 tito,
259 2763 315 2824 hoc
325 2781 385 2824 non
401 2763 531 2843 amplius
544 2765 590 2824 est
603 2761 718 2824 licitum
738 2763 837 2826 ccum
849 2764 934 2843 juxta
948 2765 1129 2833 hodiernam

159 2867 173 2910 a
195 2848 405 2930 disciplinam,
429 2852 515 2912 liceat
538 2849 730 2931 presbytero,
756 2851 859 2914 relicta
878 2855 971 2917 missa
994 2855 1034 2920 de
1057 2859 1128 2937 die,

156 2957 176 2997 o
196 2939 319 3000 missam
331 2957 386 3021 pro
400 2939 562 3014 deluncto,
578 2939 603 2999 si
618 2956 750 3018 praesens
764 2940 803 3002 sit
814 2959 935 3023 corpus,
951 2963 1024 3008 cum
1037 2957 1130 3013 cantu

160 3047 175 3084 o
196 3028 373 3090 celebrare»
388 3049 395 3105 ;
408 3029 499 3090 missa
509 3027 580 3090 vero
591 3045 645 3107 pro
660 3027 773 3108 populo
782 3035 857 3093 tunc
870 3033 1027 3097 transferri
1039 3036 1132 3102 dehet

154 3113 187 3175 in
201 3115 281 3176 diem
297 3117 386 3178 aliam
402 3115 609 3178 hebdomadis.

194 3206 232 3266 Ut
246 3204 397 3284 legitimus
407 3224 494 3267 casus
508 3203 700 3281 necessitatis,
712 3205 744 3266 in
758 3227 821 3288 quo
834 3209 903 3273 licet
917 3211 1004 3275 binas
1020 3216 1129 3282 missas

150 3289 203 3352 die
221 3290 323 3355 lestivo
341 3294 513 3370 celebrare,
532 3294 736 3355 communiter
749 3294 879 3361 habetur
892 3303 1015 3381 quando
1033 3325 1128 3386 paro-

154 3376 230 3442 chus
242 3380 317 3442 duas
331 3382 418 3442 habet
433 3381 590 3463 parochias
607 3379 647 3442 ita
661 3381 780 3446 dissitas
793 3392 826 3449 ut
840 3390 971 3469 populus
988 3391 1020 3454 in
1035 3395 1127 3459 alter·

154 3470 252 3528 utram
273 3470 444 3548 parochiam
466 3488 528 3532 non
553 3468 646 3550 possit
670 3473 832 3538 commode
858 3479 1043 3556 convenire,
1069 3503 1128 3550 nec

153 3555 264 3632 praesto
276 3562 320 3616 est
334 3557 409 3619 elius
423 3557 562 3620 sacerdos
571 3555 622 3637 qui
636 3559 729 3638 possit
743 3561 868 3626 alteram
878 3566 1033 3634 celebrare
1048 3574 1126 3636 mis·

151 3658 227 3703 sain.
246 3644 286 3702 lta
302 3649 445 3708 statutum
457 3645 584 3711 retertur
599 3648 616 3706 a
630 3647 661 3707 S.
674 3649 812 3712 Turribio
823 3653 938 3716 Limani
949 3657 1123 3740 Archiepis·
1150 3682 1152 3688 ·

152 3745 236 3796 aaa,
1134 3767 1136 3772 .
