2548 4216
504 248 589 292 crana
612 251 729 298 rniuus.
1057 241 1122 310 3'ltl'

129 319 130 330 ¹
166 333 211 396 'st
235 337 347 419 aliquid
373 343 480 423 sponte
497 342 640 408 offeratur
663 349 951 427 probenediclionc
973 359 1111 440 nuptiali,

138 420 198 486 boc
215 426 252 486 ad
272 426 438 508 parochum
457 434 587 512 pertinet
605 435 720 496 etiamsi
742 436 818 500 alius
839 443 978 507 sacerdos
996 448 1114 530 abipso

139 511 297 596 deputatus
312 516 401 578 tuerit
414 538 470 600 pro
485 521 534 582 illa
548 521 758 605 impertienda.

179 604 249 664 bnt.
265 605 386 676 Quaerit.
403 609 434 671 2⁰
448 610 592 680 Quanam
605 613 788 676 cautionesa
803 616 871 694 jure
887 623 1024 699 parochis
1036 645 1113 707 praa·

139 689 307 754 scribantur
325 696 448 776 quando
462 699 560 778 agitur
579 699 617 762 de
631 703 831 765 matrimoniis
844 727 987 787 vagorum
1003 721 1032 775 et
1045 715 1114 777 alic-

138 775 277 856 nigarum
291 781 306 841 l
321 818 359 827 -
373 785 416 844 Ite
431 785 467 846 iis
482 787 547 848 vide
568 797 706 852 nostrum
721 791 876 872 Manuale,
894 807 926 856 n⁰
943 803 1036 878 1382,
1053 809 1110 867 etc.

178 869 247 931 522.
271 873 303 930 5⁰
320 869 422 945 Ouood
433 875 803 942 Extremum-Unctionern
816 892 844 944 ct
873 885 1039 950 Victlcum:
1058 893 1114 956 lus

137 953 227 1016 babet
247 959 398 1038 parochus
420 965 787 1032 Extremam-Unctioncm
809 980 837 1033 et
856 975 1005 1038 Viaticum
1024 997 1111 1060 paro-

137 1042 254 1106 chianis
269 1048 341 1124 suis,
360 1051 451 1112 etiam
470 1054 686 1131 sacerdotibus,
701 1057 762 1119 imb
780 1067 810 1121 et
830 1065 985 1126 canonicis
1006 1068 1112 1130 minis-

137 1133 257 1206 trandi3
274 1136 384 1216 aliique
403 1141 573 1204 sacerdotes
592 1155 747 1226 nequeunt
758 1148 838 1212 dicta
852 1162 1040 1218 sacramenta
1055 1159 1111 1218 nri-

136 1221 266 1282 nistrare
289 1224 402 1306 absque
422 1230 545 1310 parochi
568 1233 614 1294 vel
635 1235 785 1298 Ordinarii
805 1238 935 1302 licentia.
959 1245 1111 1310 Parocbus

135 1315 240 1456 eptem
250 1314 405 1462 potcspialii
415 1318 560 1381 sacerdoti
573 1319 644 1384 dare
655 1323 806 1387 licentiam
817 1327 873 1390 sibi
883 1339 996 1410 aegroto
1004 1334 1110 1396 eadem

134 1413 151 1457 a
176 1395 333 1460 ministran
357 1400 377 1463 i.
1095 1420 1101 1438 '

175 1484 317 1548 Extranei
339 1489 538 1554 administrari
560 1501 722 1576 possuntt
745 1501 950 1566 sacerdotibus
976 1506 1034 1567 loci
1058 1507 1111 1593 ubi

134 1568 340 1637 infirmantur.

181 1641 344 1718 Regulares
359 1644 440 1714 verb,
456 1647 508 1726 qui
528 1656 610 1708 extra
628 1667 732 1712 casum
752 1663 947 1732 necessitatis,
970 1660 1034 1719 haec
1058 1677 1108 1720 sa·

138 1737 300 1790 crementa.
314 1731 566 1812 administrarent,
586 1737 682 1801 invito
701 1739 842 1821 parocho,
859 1746 1109 1809 excommunica·

138 1815 253 1877 tionem
269 1820 337 1880 Sedi
359 1823 539 1903 Apostolicae
553 1836 729 1890 reservatam
745 1831 933 1896 incurrerent
949 1835 1107 1915 (clement.

140 1908 172 1980 l,
185 1905 227 1966 De
238 1907 408 1991 Priollep.).
422 1913 521 1974 Sixtus
531 1921 631 1978 autem
641 1917 1108 2003 choncessitrcgularibusdarc

140 1994 291 2056 Viaticum
300 2005 329 2057 et
340 1999 773 2070 Extremam-Unctionemsuis
785 2013 1010 2089 poenitentibus,
1023 2014 1046 2074 si
1059 2033 1109 2094 pa·

139 2082 252 2144 rochus
273 2086 382 2164 injuste
396 2107 432 2151 ea
446 2090 637 2172 denegaverit
659 2097 706 2158 vel
729 2099 876 2160 mannase
898 2101 1045 2164 distulerit
1059 2103 1107 2164 illa

138 2172 291 2234 conterre.
308 2177 428 2239 Servata
444 2186 488 2240 est
501 2199 629 2244 censura
644 2184 677 2246 c.
691 2185 793 2267 Apost.
810 2187 906 2250 Sedis.

181 2259 311 2324 Possunt
324 2271 424 2326 autem
443 2268 595 2347 regulares
608 2271 714 2334 cadem
730 2284 916 2336 sacramenta
935 2276 1108 2340 ministrare

138 2349 202 2410 lam
218 2350 358 2428 protessis
373 2357 464 2434 quam
479 2357 594 2420 novitiis
609 2357 810 2442 fratribusque
824 2363 930 2424 oblatis
940 2372 968 2424 et
978 2365 1106 2440 donatis,

139 2455 260 2498 necnon
275 2439 395 2504 famulis
410 2452 476 2506 actu
492 2446 740 2526 inservientibus,
757 2457 785 2511 et
800 2451 878 2511 intra
893 2461 974 2530 septa
991 2471 1107 2517 monas·

137 2526 205 2586 terii
221 2527 411 2606 degentibus.
430 2533 503 2593 ltem
519 2537 686 2616 peregrinis
696 2545 725 2598 et
738 2541 839 2618 vagis:
856 2540 909 2602 scd
922 2539 980 2604 hoo
995 2543 1108 2623 aliqua-

140 2620 228 2675 tenus
240 2621 477 2680 controvertitur.

279 2729 415 2789 lll.—lls
433 2743 501 2788 runa
519 2743 636 2788 ranconi
655 2745 745 2798 ouoan
765 2744 946 2788 oarnrronns.

166 2865 236 2928 523.
252 2862 443 2925 Oblationunr
457 2861 603 2924 vocabulo
617 2861 815 2942 intelligimus
828 2861 893 2922 illas
909 2879 958 2922 res
972 2859 1099 2925 mobiles

125 2973 196 3036 quae
216 2955 233 3014 b
254 2950 392 3014 fidelibus
412 2949 580 3013 offeruntur
602 2950 641 3012 cd
663 2951 804 3013 Ecclesiae
824 2951 869 3010 vel
891 2949 1099 3049 ministrorum

126 3059 228 3118 usum,
242 3041 305 3102 thm
320 3039 358 3101 ad
371 3040 462 3102 altare
475 3040 555 3102 intra
570 3041 706 3114 missam,
721 3040 786 3100 tbm
801 3039 959 3100 occasione
970 3038 1096 3136 aliarum

125 3149 279 3196 sacrarum
304 3129 504 3202 tollenonum,
526 3133 598 3209 puta
615 3145 671 3208 pro
690 3126 899 3188 benedictione
922 3131 1097 3207 nuplrarum

125 3227 156 3284 ct
167 3220 233 3282 aliis
245 3217 404 3281 similibus.
421 3216 534 3278 Gallice
548 3221 694 3278 vocantur
710 3214 824 3277 Cosucl.
933 3284 942 3295 ¹

163 3311 237 3372 lure
253 3306 426 3382 communi,
442 3305 608 3368 oblationes
622 3305 683 3367 sive
696 3305 764 3384 jure
778 3303 897 3380 debitae,
914 3302 975 3364 sive
989 3305 1096 3384 sponte

126 3399 233 3466 ablatae
257 3395 328 3480 (nisi
353 3404 427 3459 tunc
449 3395 611 3476 specialem
636 3393 867 3456 destinationem
892 3411 928 3453 ex
951 3391 1100 3475 ollerentc¹

125 3486 279 3568 'atcania
292 3486 330 3548 ad
343 3483 510 3567 parocbum
528 3485 695 3568 pertinent,
711 3484 766 3547 etsi
781 3500 842 3544 non
855 3481 921 3582 ipse
931 3480 1093 3562 parochus,

126 3577 176 3642 sed
190 3577 264 3638 alter
281 3575 452 3638 functiones
465 3592 564 3636 sacras
584 3573 615 3636 in
633 3571 796 3655 parochiali
816 3571 943 3632 ecclesia
960 3579 1094 3652 peragat.

126 3668 158 3731 lli
171 3674 274 3730 autem
293 3663 520 3728 consuetudinis
531 3683 580 3726 res
593 3663 678 3726 aliter
694 3681 758 3725 csse
773 3668 914 3744 possunt,
932 3669 963 3722 et
974 3660 1094 3741 quando
