2548 4216
137 3345 142 3380 l

138 3386 141 3408 t

181 259 240 312 338
451 276 603 324 cucusam
623 279 706 325 ruats
726 282 874 332 cucumer.

183 367 398 447 «susceptiitlc
418 369 514 434 uene
540 377 680 455 prmum
702 382 722 442 u
741 387 829 446 uultu
851 388 1023 466 ugrumcrru
1057 413 1074 454 u
1105 401 1159 476 (lta

179 452 304 516 Ordrnu.
321 475 386 538 rop.
400 457 439 520 du
450 465 490 524 29
500 466 664 545 munus
676 467 781 552 issi.)

563 629 709 684 rumetum
726 635 763 686 Vl.

262 727 296 768 stt
307 728 338 770 Ιῗ
353 732 466 777 atium
481 737 607 780 {mim
622 743 656 780 EX
672 739 742 786 ΝΜ
756 745 847 788 mffll
862 751 904 794 titt
917 753 1067 802 mm&

596 821 733 866 affluam.

213 923 283 988 litu.
308 926 499 994 Manifestum
520 941 565 996 est
587 933 670 1016 quiid
690 954 751 1003 nun
769 943 907 1011 tencamr
924 947 1100 1040 Episcopus
1119 979 1155 1026 ex

174 1014 247 1074 actis
259 1015 304 1077 sui
319 1017 426 1080 Vioarii
441 1027 523 1083 exire
537 1021 669 1086 cilicium
686 1029 852 1116 vicariatus
863 1039 973 1119 gestis,
988 1048 1065 1126 quia
1076 1050 1106 1110 in
1121 1053 1155 1114 iis

172 1118 234 1160 non
255 1105 419 1181 genitrices
441 1109 602 1191 Episcopi,
618 1115 676 1176 uisi
693 1131 729 1180 ca
742 1117 818 1184 forle
836 1127 1010 1194 mandasset
1025 1143 1080 1198 aui
1096 1137 1153 1201 alio

173 1187 264 1250 ruodo
276 1192 312 1251 iis
324 1195 527 1276 participasset
538 1199 716 1285 Episcopus.

210 1275 294 1339 Circa
313 1285 510 1360 quaestionem
532 1303 570 1349 an
590 1295 684 1370 possit
701 1290 870 1382 Episcopus
883 1309 1060 1376 rescindere
1077 1315 1151 1380 deii-

173 1363 293 1426 uitivani
309 1372 353 1430 sui
370 1371 477 1434 vicarii
499 1381 679 1442 sententiam
691 1431 700 1458 ‚
713 1387 739 1446 si
760 1385 875 1468 prolata
894 1405 974 1458 esset
986 1405 1150 1470 antieuno-

172 1453 253 1526 nice,
272 1456 310 1518 iia
330 1464 362 1520 ut
375 1469 453 1522 esset
472 1463 572 1536 onitu,
593 1469 742 1548 generalis
762 1480 951 1546 cousuetudo
963 1479 1149 1564 jamdudum

170 1537 315 1619 obtinuit,
330 1553 363 1608 ut
373 1549 389 1609 a
401 1552 464 1611 solo
479 1549 586 1616 iudice
599 1558 809 1638 appellationis
820 1583 911 1632 causa
922 1575 1071 1642 nullitatis
1084 1603 1150 1646 seu

129 1649 131 1652 ·
171 1631 270 1693 ientiae
284 1631 451 1700 dirimatur.

208 1715 239 1781 Si
260 1724 329 1785 verb
350 1729 497 1789 sententia
518 1731 579 1792 iarn
600 1732 740 1820 Episcopi
756 1737 972 1822 quanticum
989 1753 1146 1825 Generalis

168 1823 229 1867 non
245 1809 281 1870 sit
295 1811 397 1890 nulla,
411 1810 464 1876 sed
479 1826 579 1880 tamen
595 1823 724 1904 injusta,
739 1830 831 1909 lunc,
846 1833 935 1898 eliam
943 1840 1016 1920 jure
1029 1859 1146 1913 constat

169 1891 247 1956 iliani
263 1913 325 1958 non
340 1919 428 1980 posse
445 1907 554 1986 corrigi
577 1907 615 1970 ab
629 1907 795 1997 Episcopo,
812 1921 864 1983 sed
879 1937 1006 1991 causum
1021 1937 1096 1999 tunc
1106 1941 1145 2001 nd

163 1982 297 2060 judicem
312 1990 518 2068 appellationis
532 1997 657 2062 devolvi.

206 2067 309 2141 Quoad
323 2085 423 2139 aulem
436 2089 519 2144 actus
533 2085 899 2179 exirajudi'cialesVicarii,
911 2117 964 2168 eus
973 2108 1144 2199 Episcopus

166 2166 261 2237 potest
275 2165 425 2246 corrigere
447 2183 523 2250 quos
542 2171 699 2241 annullare
720 2191 842 2265 pessel,
863 2191 888 2252 si
910 2187 927 2254 b
946 2199 1049 2278 seipso
1064 2207 1143 2286 gesti

124 2266 127 2271 ’
165 2247 310 2324 i'uissent;
326 2273 353 2315 v.
377 2273 420 2335 g.,
436 2268 536 2338 posset
557 2279 696 2330 revocare
714 2269 969 2358 dispensationem
986 2315 999 2346 s
1014 2311 1080 2366 iper
1093 2295 1142 2358 in-

164 2339 294 2400 terstitiis
312 2347 381 2403 anie
398 2341 621 2414 ordinationem
632 2368 642 2428 ·;
669 2374 730 2419 non
750 2372 850 2441 posset
863 2377 964 2432 auteur
980 2383 1141 2450 surinullare

163 2429 389 2492 matrimonium
412 2430 485 2497 alitis
507 2439 639 2504 validum
661 2447 713 2508 cui
734 2444 932 2519 assistentiam
948 2461 1141 2544 praebuitVi-

161 2515 271 2592 curius
286 2518 367 2582 etsie
378 2520 416 2583 de
431 2523 506 2588 aliis.

200 2603 322 2672 Quaerii.
339 2611 445 2672 Uirum
467 2615 635 2700 Episcopus
655 2627 793 2690 tenentur
812 2638 956 2702 resarcire
971 2643 1083 2712 damna
1099 2676 1136 2716 ex

159 2689 277 2768 injustis
291 2694 401 2758 Viearii
416 2703 571 2767 emeratis
582 2710 701 2774 actibus
713 2719 805 2782 orent

198 2779 370 2860 Respondet
387 2788 483 2850 Bouix
494 2793 562 2870 (iu,
578 2816 608 2878 p.
625 2802 697 2883 448)
715 2823 723 2864 τ
742 2828 757 2864 u
772 2809 803 2870 Si
818 2811 992 2895 imperitum
1008 2833 1061 2888 aui
1073 2829 1136 2892 iur-

162 2887 177 2924 n
197 2867 326 2946 probum
342 2873 494 2938 Viourium
510 2881 732 2967 inculpabiliter
745 2889 836 2978 clegit
857 2909 888 2964 et
907 2909 1053 2991 retinuit,
1071 2901 1135 2984 nun

103 2980 107 2986 ·
160 2975 176 3014 ι
195 2955 346 3022 tenebitur
360 2957 436 3026 dicia
458 2965 568 3034 damna
584 2979 744 3058 resarcire3
762 3003 849 3049 secus
862 2991 887 3052 si
903 2987 936 3056 iu
950 2991 1031 3064 dicu
1048 3005 1135 3070 elec·

160 3065 176 3103 u
194 3045 276 3108 tione
296 3049 454 3133 culpabilis
469 3061 578 3122 exstitit
591 3059 776 3150 Episcopus;
792 3068 823 3138 in
838 3097 900 3160 quo
915 3093 1051 3168 reperies
1062 3113 1134 3161 eon·

162 3153 175 3192 r
193 3135 318 3201 'cordare
331 3149 480 3208 auctores.
504 3169 519 3206 u

532 3303 681 3365 attucmm
698 3310 747 3368 ¹til.

260 3419 275 3459 u
291 3416 533 3466 processurarum
549 3423 662 3474 muratus
677 3429 811 3484 cursurus
827 3437 867 3492 'nur
883 3449 907 3490 ru
924 3451 1020 3500 mirso
1058 3477 1062 3484 ·
