2562 4224
455 315 539 356 saliua
562 317 678 360 Patulus.
1014 291 1051 350 lll

76 432 111 476 ea
125 412 165 474 ‹lc
178 411 348 493 quingitus
362 411 392 469 in
408 429 473 490 cap.
490 413 603 488 Liceat,
620 435 692 476 sess.
710 420 764 489 214,
781 415 818 474 de
835 417 894 492 quil
911 436 937 476 v.
955 418 985 477 S.
1007 413 1054 473 li·
1077 459 1081 484 Α.

76 520 180 584 gnon,
197 500 250 560 lib.
268 503 302 575 6,
320 496 360 558 n'·
374 502 434 559 566
452 505 482 560 et
501 504 596 578 ll25;
620 505 770 580 Camicus,
791 501 826 563 dc
840 504 1049 576 Matrimonia,
1064 529 1075 554 c

80 599 114 653 u⁶
133 593 223 652 1075.

116 689 161 748 Ne
180 685 263 747 dicas
274 683 516 766 jurisdictionem
535 688 629 767 niusa
644 687 744 750 datam
762 707 826 750 essa
843 690 1054 753 ordinariam:

78 793 150 837 nam
164 774 235 835 licet
248 777 264 834 a
274 776 342 850 jure
358 771 510 835 deleratur
522 776 614 838 modu
627 775 707 838 dicta
720 777 888 856 iurisdictio
902 827 909 855 ‚
923 780 1056 841 vocanda

76 870 123 926 est
140 862 296 944 dalmata,
315 861 388 944 quis
408 863 542 925 delectur
562 884 615 944 pec
634 865 759 927 modum
778 868 1008 941 commissionis,
1025 879 1057 930 ut

76 952 291 1013 demonstrant
299 953 425 1032 ipsamet
434 952 524 1013 verba
536 972 542 1012 :
559 962 700 1035 tanquam
711 953 860 1036 delepotas
867 955 954 1017 Sedis
966 961 990 1018 A
991 977 1057 1038 pos·

76 1041 205 1104 tolicae:
225 1039 357 1120 idipsum
376 1041 395 1101 a
411 1057 503 1101 sensu
522 1043 673 1104 contrario
694 1043 794 1124 colligi
815 1053 910 1125 potest
929 1065 966 1107 ex
987 1065 1053 1126 cap.

78 1129 163 1192 Licet
176 1129 211 1190 in
223 1127 417 1210 coctipcndis,
431 1131 479 1202 la,
490 1127 526 1190 dc
540 1129 649 1212 Officio
665 1130 769 1194 Ordin.
784 1152 793 1193 :
814 1133 884 1195 «At
893 1135 1052 1216 Episcopo,

81 1241 96 1278 a
116 1238 180 1280 non
189 1226 332 1298 tamqnam
341 1215 481 1298 misaam,
489 1218 540 1280 scd
546 1227 686 1302 tanquam
698 1219 861 1284 Ordinario
870 1223 1052 1303 faciendis.»

117 1318 189 1377 luo.
214 1316 346 1376 Effectus
357 1320 457 1377 autem
470 1315 614 1380 clausulae
626 1325 769 1400 tamqnam
781 1317 868 1380 Sedis
884 1322 1058 1402 Apostolica

77 1404 230 1487 deleqatns
247 1410 291 1465 est
311 1402 409 1485 quod,
434 1405 465 1464 in
481 1404 537 1466 hoc
553 1423 643 1484 casu,
661 1425 723 1469 non
743 1408 836 1489 possit
854 1410 998 1490 appellari
1019 1411 1055 1473 ab

78 1494 233 1574 Episcopo
244 1491 281 1553 ad
296 1490 582 1573 Archiepiscopum,
599 1494 652 1556 sed
667 1495 859 1558 solummodo
873 1497 910 1558 ad
926 1501 956 1559 S.
975 1502 1053 1560 Pon-

80 1581 210 1658 tificem,
223 1586 370 1662 tanquam
386 1599 403 1641 a
418 1581 555 1661 delegato
574 1582 612 1644 ad
632 1583 838 1664 delegantem
854 1593 1012 1666 propterca
1026 1588 1053 1651 iu

77 1669 205 1746 Galliis,
230 1669 300 1732 huic
319 1670 460 1732 clausula
482 1672 692 1751 repugnabant
710 1674 895 1753 iurisperiti3
917 1674 1053 1737 dicebant

76 1758 165 1821 enim
178 1757 222 1822 sic
234 1775 339 1821 causas
352 1757 478 1820 subduci
488 1758 642 1838 iudicibus
655 1778 761 1824 aarum
771 1762 968 1826 naturalibus.

121 1869 192 1927 l'll.
218 1863 388 1946 Aliquando
403 1864 522 1926 additus
536 1865 661 1928 verbum
675 1884 769 1930 amun
783 1875 922 1951 tamqnam
941 1869 1056 1954 detepu-

78 1965 142 2030 tns‚
159 1959 236 2032 etc.;
258 1962 288 2016 et
307 1963 379 2016 tunc
396 1954 562 2035 Episcopus
581 1955 670 2019 habet
689 1957 842 2037 duplicem
862 1966 1056 2039 potestatem,

79 2062 177 2107 uuam
191 2043 301 2105 scilicet
315 2041 519 2120 ordinariam,
536 2050 565 2105 et
577 2044 702 2106 allecum
716 2044 879 2128 delepatam
898 2066 905 2108 :
920 2056 948 2109 et
962 2056 1058 2129 potest

79 2136 140 2196 unt
165 2133 212 2195 vel
231 2133 323 2194 altest
336 2132 397 2209 uti,
422 2139 510 2212 prout
532 2133 680 2195 maluerit.
698 2137 731 2194 ln
745 2135 838 2196 dubio
852 2143 991 2198 censetur
1005 2158 1056 2201 vo-

79 2223 176 2285 luisse
189 2221 232 2284 uli
247 2220 392 2302 delegant,
404 2222 477 2302 quia
487 2226 617 2302 potestas
629 2223 717 2303 Papae
728 2223 825 2304 magis
836 2231 882 2285 cst
892 2224 1058 2289 honorifica

79 2313 161 2393 (cap.
177 2309 342 2393 Saneqnia
355 2328 424 2387 nos,
441 2313 475 2371 ll
490 2357 498 2388 ‚
513 2309 548 2371 dc
565 2310 620 2391 Off.
637 2320 665 2372 ct
672 2320 809 2392 potestat.
822 2310 893 2373 Jad.
910 2313 1055 2398 deiep...).

77 2404 112 2463 ln
127 2401 299 2462 hoctamen
309 2417 381 2462 casu
393 2399 508 2461 licitum
521 2399 617 2461 estad
630 2399 899 2482 archiepiscopum
908 2403 1059 2482 appellare

77 2491 164 2568 juxta
172 2491 320 2571 Fagnan„
332 2486 448 2550 etiamsi
458 2489 627 2569 Episcopus
637 2490 970 2569 processerittauqnam
981 2491 1058 2555 dela
1076 2553 1079 2560 ,

78 2587 170 2660 gatus
179 2581 295 2641 Sanclae
307 2577 406 2640 Sedis:
416 2576 691 2639 siodeoisumluitt
703 2579 733 2639 S.
742 2578 774 2639 C.
783 2579 829 2654 C.,
840 2581 953 2660 luaug.
970 2583 1055 2645 1860.

118 2690 135 2750 J
139 2685 294 2749 urisdictio
303 2685 454 2748 ordinaria
467 2690 510 2746 cst
524 2684 854 2766 (adorabitisdelegala
865 2690 936 2750 vero
947 2689 1056 2768 odiosa,

79 2776 152 2858 quia
166 2776 291 2856 derogat
303 2773 481 2850 ordinaria,
503 2773 640 2854 ideoque·
651 2781 696 2836 est
708 2775 808 2837 stricte
822 2777 1056 2857 interpretanda.

121 2887 191 2945 172.
217 2881 373 2943 Divididus
388 2883 420 2942 5·
434 2882 468 2940 ln
486 2877 688 2942 immediatam
708 2885 739 2942 et
756 2881 931 2952 mediatam;
955 2885 1057 2948 imme-

82 3059 322 3143 independenter
348 3060 365 3120 a
392 3076 464 3120 casu
489 3058 684 3126 *necessitatis
714 3061 744 3121 S.
776 3060 911 3121 Pontifex
940 3063 971 3122 in
999 3065 1059 3146 toll

82 3151 237 3227 Ecclesia,
253 3149 420 3230 Episcopus
433 3147 464 3208 in
479 3149 532 3208 sua
547 3146 679 3222 dioecesi,
696 3148 849 3210 parochus
864 3150 893 3210 in
906 3153 961 3211 sul
971 3169 1057 3230 paro-

83 3238 150 3302 chia
167 3238 409 3320 jurisdictionem
432 3235 638 3297 immediatam
657 3236 822 3317 possident.
841 3238 1057 3302 Medietatem

82 3337 210 3410 estquae
229 3326 360 3388 exerceri
380 3342 439 3386 uon
453 3324 529 3385 valet
548 3324 605 3385 nisi
627 3325 657 3385 in
675 3326 765 3387 certis
779 3325 898 3388 casibus
917 3327 1058 3390 determi-

83 3419 187 3482 natica
198 3417 287 3498 jure:
305 3415 369 3476 talis
382 3419 427 3475 est
441 3418 572 3493 potestas
590 3414 891 3495 archiepiscoporum
907 3415 938 3475 in
953 3417 1058 3480 sulim-

82 3523 252 3588 ganeorum
267 3503 413 3566 subditos.

121 3617 190 3678 Dixi
211 3616 244 3676 in
273 3612 402 3675 subditos
422 3631 429 3672 :
451 3628 521 3672 nam
545 3629 631 3674 secus
661 3616 707 3673 est
730 3611 892 3674 dicendum
921 3615 958 3676 de
986 3615 1058 3695 ipsis

83 3705 241 3788 Episcopis
254 3702 469 3782 suffraganeis,
485 3701 516 3759 in
529 3717 605 3780 quos
619 3701 864 3782 Metropolitanus
873 3705 1058 3764 ordinarium

83 3791 435 3875 habetjurisdictionem.
