2616 4228
195 231 235 288 54
470 229 620 278 nisurum
643 228 725 273 runis
747 226 894 271 outremer.

197 337 387 406 consentire,
404 349 459 392 neo
474 331 573 402 tacite,
588 345 644 388 nec
659 327 803 406 legaliter,
819 323 1090 387 consuetudinibus
1098 343 1174 387 con·
1196 381 1200 388 .

200 426 298 488 trariis
312 421 439 485 Concilii
450 417 584 480 Trident.
599 414 738 477 decretis.

238 513 273 574 ln
294 512 379 573 Bullt
394 508 476 570 enim
494 503 719 567 confirmatoria
732 502 859 566 Concilii
873 501 1006 564 dicitur:
1028 523 1043 560 c
1061 505 1174 564 Decer-

204 625 219 660 ι
238 609 345 664 nentes
358 595 554 660 nihilominus
568 591 683 654 irritum
698 599 727 654 et
741 592 843 668 inane,
860 590 886 653 si
900 609 988 654 secus
1004 609 1095 670 super
1109 591 1173 665 his,

206 713 219 750 u
240 693 445 771 iquoquam,
463 682 567 765 quavis
581 680 773 759 auctoritate,
790 680 918 743 scienter
934 679 980 741 vel
1000 679 1176 758 ignoranter

203 801 220 837 c
240 777 399 857 contigerit
412 771 562 836 attentari.
579 791 594 828 a

204 928 206 932 ,
240 871 314 930 ltem
333 867 364 928 in
379 863 466 926 Bulla
480 861 524 921 Pii
541 861 596 936 lV,
618 860 657 922 In
673 859 836 941 principiis
856 879 867 920 .·
890 858 983 920 irritu
1004 857 1176 936 nulliusque

206 956 311 1018 caloris
328 953 518 1015 declarantur
537 949 640 1010 omnia
658 948 786 1028 «vigore
800 947 1038 1028 privilegiorum,
1050 963 1175 1023 exemp-

205 1068 222 1104 «
242 1045 375 1115 tionum,
391 1047 463 1112 etc,
479 1043 509 1098 et
523 1035 649 1098 aliarum
668 1054 921 1117 quarumcunque
940 1033 1103 1114 gratiarum
1119 1032 1175 1094 hu·

205 1155 222 1191 u
241 1129 388 1209 Jusmodi,
401 1133 467 1208 post¹
481 1125 511 1186 id
531 1133 651 1205 tempus
667 1143 729 1206 quo
743 1125 907 1186 concilium
922 1123 1056 1202 obligare
1068 1121 1175 1201 eoepit,

210 1243 223 1278 c
244 1209 1173 1296 iactaetgestaquomodolibetfuerunt,etinposterumirent.»

249 1318 274 1366 (ι’
284 1310 375 1387 Ergo,
391 1305 431 1366 ait
445 1306 477 1365 D.
500 1301 674 1383 Bouix(ib.,
688 1322 718 1383 p.
736 1302 819 1382 379),
837 1301 894 1363 hoe
906 1303 970 1381 ipso
985 1300 1066 1386 qudd
1077 1301 1176 1379 alique

207 1421 225 1456 c
242 1393 428 1459 consuetudo
439 1391 587 1453 contraria
599 1391 636 1450 sit
649 1391 777 1452 decretis
790 1389 984 1464 Tridentinis,
1001 1389 1106 1449 saltem
1120 1389 1178 1448 du·

212 1510 226 1544 a
247 1485 331 1546 bium
345 1489 390 1545 est
403 1501 441 1543 an
452 1481 558 1542 habeat
570 1497 751 1541 consensum
768 1481 799 1540 S.
816 1478 986 1551 Pontificis,
1003 1476 1033 1537 in
1049 1495 1110 1556 qno
1124 1475 1179 1537 du·

211 1598 226 1634 a
246 1573 296 1634 bio
319 1571 451 1654 possidet
469 1569 514 1630 lex
535 1567 696 1629 Trident...
712 1570 830 1647 Ergo...
850 1565 1068 1628 recurrendum
1082 1572 1127 1625 est
1140 1565 1179 1626 ad

209 1685 226 1722 c
246 1665 277 1724 S.
293 1661 401 1724 Sedem
411 1683 426 1718 a
441 1677 497 1739 pro
509 1656 700 1736 exemptione
710 1655 853 1736 legitimi.
867 1658 1006 1716 Attamen
1018 1653 1098 1714 idem
1109 1671 1180 1715 auc-

207 1761 254 1814 tor
267 1751 382 1812 videtur
395 1746 477 1809 aliud
491 1744 618 1806 suasisse
630 1747 662 1804 in
676 1762 732 1804 suo
745 1747 843 1806 'frast
859 1742 910 1824 (du
926 1743 1014 1806 Cone.
1029 1743 1177 1822 provinc,

209 1861 238 1920 p.
251 1839 335 1916 505),
347 1837 397 1898 ubi
409 1832 725 1914 aitquaedamdecreta
734 1832 900 1914 disciplinae
910 1831 1033 1892 Concilii
1043 1832 1177 1893 Trid'ent.

207 1929 239 1990 in
260 1924 490 1988 desuetudinem
509 1923 645 1997 venisse,
668 1921 828 1982 autetiam
851 1939 1008 2001 nunquam
1031 1919 1121 1981 luisse
1142 1921 1180 1982 ad

207 2016 325 2097 praxim
338 2012 459 2074 reducta
474 2011 504 2070 in
521 2008 631 2084 Gallie,
646 2027 707 2070 non
723 2011 810 2070 secus
824 2028 859 2071 ac
874 2011 906 2070 in
925 2009 990 2068 aliis
1004 2008 1181 2088 regionibus

209 2106 240 2164 in
254 2103 366 2185 quibus
379 2099 605 2181 promulgatum
624 2095 682 2158 suit
698 2096 873 2175 hujusmodi
887 2097 1055 2158 Concilium
1072 2115 1079 2156 :
1096 2117 1178 2177 quae·

210 2211 280 2253 nam
292 2192 349 2252 sint
365 2189 413 2249 illa
428 2188 545 2248 decreta
556 2204 617 2246 non
630 2185 769 2266 explicat.
782 2189 894 2248 Auctor
905 2185 1045 2250 Prulect.
1060 2186 1095 2246 S.
1110 2185 1183 2248 Sul-

203 2281 284 2362 pitii
307 2277 538 2360 probabiliorem
558 2292 681 2355 quoque
702 2273 791 2335 habet
814 2275 994 2336 sententiam
1015 2293 1085 2354 quae
1111 2275 1183 2338 dicit

209 2387 296 2450 posse
309 2366 528 2430 consuetudine
545 2362 684 2442 abrogari
697 2362 837 2443 quaedam
850 2364 971 2426 decreta
985 2363 1109 2426 Consilii
1120 2365 1183 2426 'sri-

208 2458 290 2520 dent.
306 2457 352 2537 (n⁰
366 2457 426 2535 ll).

250 2549 318 2608 110.
331 2578 369 2591 -
381 2548 412 2604 3υ
421 2541 525 2614 Quoad
540 2541 766 2622 abrogationem
780 2542 1008 2604 consuetudinis
1019 2563 1074 2624 per
1087 2544 1183 2607 ulium

211 2633 444 2696 cousuetudinem
458 2631 652 2702 contrarium,
673 2636 789 2693 certum
804 2637 848 2691 est
862 2649 929 2692 eam
951 2630 1016 2692 fieri
1030 2652 1138 2713 posse,
1154 2641 1183 2703 et

209 2724 242 2784 in
257 2723 314 2784 hoc
328 2740 410 2793 casu,
426 2721 450 2781 si
465 2726 570 2798 agatur
584 2717 622 2780 de
637 2718 856 2780 consuetudine
868 2728 981 2799 praeter
989 2721 1058 2802 jus,
1073 2715 1184 2784 sufficit

209 2811 407 2883 decennium,
424 2808 496 2888 quia
518 2825 578 2868 non
602 2806 717 2869 videtur
735 2809 766 2870 S.
785 2807 917 2870 Pontifex
942 2809 1009 2888 plus
1028 2811 1185 2890 requirere

211 2901 354 2981 temporis
363 2898 399 2958 ad
410 2895 1184 2980 destruendamhujusmodiconsuetudinem‚quam

208 2989 266 3052 tuit
288 2987 466 3068 requisitum
487 2984 526 3047 ad
543 2985 625 3046 illam
647 2984 851 3062 statuendarn;
874 2987 989 3047 sivero
1015 2997 1123 3067 agatur
1145 2990 1185 3053 de

211 3076 428 3142 consuetudine
443 3083 546 3135 contro
552 3076 618 3156 jus,
638 3073 747 3136 iterum
762 3075 847 3135 multi
862 3075 924 3136 llll.
939 3074 1124 3138 decennium
1135 3097 1185 3142 re·

207 3167 350 3249 quirunt,
365 3174 393 3226 et
407 3165 510 3226 dicunt
524 3163 596 3225 illud
609 3169 730 3242 tempus
743 3162 895 3240 sufficere,
906 3163 976 3244 quia
994 3164 1024 3224 in
1040 3165 1099 3227 hoc
1112 3185 1185 3230 casu

209 3253 483 3331 strenuissimae
496 3271 530 3313 ac
540 3250 666 3332 proinde
674 3269 734 3311 non
745 3254 843 3332 agitur
854 3261 958 3312 contro
963 3251 1027 3334 jus.
1038 3256 1074 3314 l).
1088 3256 1186 3319 Bonis

212 3343 260 3424 (de
272 3343 453 3424 Primupir's,
467 3360 496 3420 p.
507 3344 559 3403 38l
569 3387 577 3416 ,
587 3338 660 3420 etc.)
672 3339 782 3401 rectiirs
791 3339 902 3401 sentire
913 3341 1041 3416 videtur,
1054 3343 1187 3406 dicendo

211 3431 348 3492 sufficere
365 3441 437 3492 tunc
456 3428 532 3510 qudd
549 3428 647 3509 major
656 3446 731 3509 pars
743 3429 964 3489 communitatis
980 3449 1040 3490 non
1052 3433 1187 3512 ampliirs

208 3528 306 3583 servet
316 3517 568 3579 consuetudinem
578 3516 817 3597 contraiusquia
826 3517 933 3578 merito
941 3519 1084 3598 praesumi
1095 3521 1188 3583 debet

213 3606 345 3668 Pontifex
358 3625 418 3666 non
432 3605 620 3666 consensisse
629 3603 681 3664 tali
694 3605 915 3679 consuetudini,
933 3605 988 3666 nisi
997 3604 1055 3667 hdo
1069 3608 1188 3672 restric-

210 3699 292 3756 tione
305 3713 312 3754 :
328 3695 417 3754 donec
428 3694 471 3753 itu
484 3692 598 3773 optobit
607 3692 735 3773 populus
746 3692 796 3753 cui
807 3692 966 3774 displicere
978 3693 1058 3755 uolo.
