2526 4210
456 311 543 355 uruca
564 309 682 355 raruus.
1002 303 1064 360 utta

94 433 108 468 a
127 410 311 492 Episcopus,
333 410 372 473 ob
392 411 526 492 aliquem
548 405 709 491 specialem
724 429 864 482 causam,
887 412 1068 495 dispensare

94 523 108 555 a
128 517 181 581 pro
194 500 254 562 und
266 499 329 562 vice
343 499 374 561 in
389 499 456 582 lege
471 497 632 562 universali
645 497 771 580 jejunii,
786 506 837 562 aut
849 508 1039 566 commutare
1054 523 1062 564 :

95 612 108 642 a
128 588 196 650 clun
211 589 277 668 eius
291 586 425 650 otlicitim
444 589 482 650 sit
498 587 585 652 saluti
608 605 731 650 suarum
745 589 848 650 orium
865 589 1021 672 invigilare
1035 597 1063 654 et

95 701 108 732 a
128 677 266 739 scandala
284 677 477 740 infirmorum
496 677 623 752 tollere,
643 682 717 758 puta
732 677 755 739 si
772 678 939 758 periculum
957 681 995 741 sit
1010 681 1064 741 ali·

96 765 196 828 acubi
227 765 380 848 jejunium
403 785 465 827 non
489 765 651 828 observari.
677 767 953 847 tra.Layrnann...‚
976 771 1062 844 Azor,

95 877 108 909 a
130 855 262 928 Salm...,
279 863 336 916 etc.
355 854 430 930 Sed,
445 854 543 935 pergit
556 853 637 916 idem
652 855 789 926 Sanctus,
810 856 923 918 Bened.
940 858 1015 928 xlv,
1033 857 1066 918 in

94 967 108 999 a
128 943 212 1006 Bulla
226 943 350 1005 Prodia't
356 941 552 1024 jamdudum,
569 943 684 1024 glou„
697 941 771 1004 dixit
782 944 962 1006 sententiam
972 963 1065 1026 eppo·

94 1055 108 1089 a
128 1031 226 1108 sitam,
243 1033 460 1094 nimirbmnon
474 1051 560 1113 posse
575 1032 740 1112 Episcopos
751 1051 805 1113 pro
819 1033 960 1096 universo
974 1053 1068 1116 grege

95 1146 110 1179 a
130 1119 303 1200 dispensare
320 1121 350 1182 in
370 1121 436 1202 lege
453 1119 577 1202 jejunii,
600 1139 747 1182 essenon
769 1121 861 1184 modb
875 1123 1065 1185 communio-

83 1228 110 1268 ·«
130 1227 205 1286 rem,
219 1229 288 1272 cum
304 1209 489 1292 Regnaud...
499 1209 613 1278 lllerati,
627 1209 917 1286 Diana‚lllonacelli'‚
931 1213 1069 1274 Leandro

95 1305 159 1362 aet
178 1300 311 1369 Ferrari,
335 1298 386 1359 srd
406 1299 496 1358 etiarn
518 1299 614 1378 magis
634 1297 740 1360 rationi
761 1305 1008 1364 consentaneam.
1031 1304 1067 1362 Et

96 1387 173 1451 asic
195 1389 260 1470 ipse¹
285 1387 438 1468 respondit
458 1386 639 1468 quibusdam
660 1388 817 1468 Episcopis
835 1390 1011 1469 rogantibus
1028 1409 1067 1451 an

94 1482 253 1559 «possent
279 1474 412 1558 vigiliam
439 1477 470 1538 S.
497 1475 627 1537 Matthiae
646 1477 832 1538 occurrentis
850 1477 881 1537 in
900 1477 1006 1539 ultimo
1019 1479 1068 1540 die

94 1564 382 1642 «Bacchanalium,
412 1563 450 1626 ad
473 1562 649 1644 praecedens
671 1563 834 1626 Sabbatum
857 1565 1065 1628 transferres
1124 1615 1126 1620 s

92 1658 130 1718 ut
144 1655 247 1717 revera
262 1655 332 1716 crim
347 1660 453 1735 agatur
466 1653 504 1715 de
519 1652 584 1733 lege
598 1652 634 1713 ad
648 1653 698 1732 jus
711 1670 876 1715 commune
886 1655 1066 1735 pertinente,

53 1809 56 1818 Ι
89 1743 232 1826 Episcopi
247 1746 278 1805 in
295 1746 331 1805 ea
346 1743 520 1824 dispensare
536 1741 763 1822 nequeunt,nisi
775 1741 848 1804 illud
861 1741 933 1823 ipsis
946 1743 984 1804 sit
997 1761 1067 1806 eon·

88 1851 232 1909 cessum,
248 1831 330 1913 quod
345 1831 403 1894 dici
422 1829 571 1912 nequitia
586 1848 656 1890 casu
672 1830 825 1910 praesenti.
848 1833 882 1892 Et
895 1831 977 1912 quod
991 1832 1066 1896 dici-

87 1928 142 1984 tur
159 1920 209 1983 blc
224 1921 263 1984 de
278 1921 343 2002 lege
362 1919 488 2000 jejunii,
505 1917 668 1980 dicendum
682 1925 727 1980 est
744 1919 782 1980 de
796 1919 863 2000 lege
881 1921 1069 1984 abstinentiae

87 2008 282 2084 acarnibus,
302 2015 332 2070 et
352 2008 390 2070 de
405 2014 555 2089 praecepto
572 2006 609 2067 ab
628 2007 770 2088 operibus
791 2007 949 2072 ¹servilibus
962 2010 1068 2074 diebus

87 2097 173 2161 festis
187 2116 219 2160 se
234 2097 414 2160 abstinendi.

133 2191 180 2247 An
195 2193 297 2248 autem
311 2186 386 2248 illud
401 2184 591 2265 nonpossint
603 2184 766 2265 Episcopi²
780 2186 885 2246 saltem
900 2187 927 2246 vi
942 2205 1067 2251 consue-

85 2275 207 2340 tudinis
226 2294 295 2357 quae
309 2275 340 2336 in
360 2273 542 2356 quibusdam
559 2273 645 2344 loeis,
662 2291 690 2335 v.
706 2293 750 2354 g.,
766 2273 796 2334 in
815 2273 952 2354 pluribus
966 2276 1068 2338 Galliae

86 2364 294 2440 Dioecesibus‚
315 2364 392 2444 viget
415 2369 448 2424 ut
468 2362 524 2443 ipsi
546 2359 725 2442 generaliter
743 2361 774 2422 in
794 2362 859 2442 lege
881 2363 1068 2428 abstinentiae

85 2452 368 2532 Quadragesimalis
382 2451 557 2532 dispensent
578 2449 691 2530 absque
705 2449 824 2512 Indullo
838 2452 1019 2515 Pontificio?
1029 2488 1066 2502 -·

83 2545 187 2622 Negat
200 2543 237 2603 D.
256 2543 361 2617 Bouir,
372 2540 417 2602 De
425 2540 584 2621 Episcopo,
597 2547 671 2600 tom.
683 2543 717 2613 ἓ,
734 2559 765 2620 p.
777 2543 826 2602 99.
848 2539 939 2602 Nobis
953 2547 1066 2618 tamen
1133 2557 1136 2564 ’

82 2635 206 2694 attento
230 2629 323 2708 lungo
347 2636 484 2711 tempore
508 2646 569 2709 quo
597 2627 776 2708 generaliter
798 2628 878 2709 apud
896 2639 956 2691 ‘nos
974 2633 1067 2713 viguit

82 2718 264 2800 hujusmodi
289 2717 497 2794 consuetudo,
518 2715 639 2778 difficile
661 2716 778 2779 videtur
792 2717 873 2798 qudd
895 2737 957 2781 non
971 2724 1068 2784 recla-

82 2813 205 2872 masset
219 2810 250 2870 S.
268 2808 375 2882 Sedes,
391 2807 417 2869 si
439 2807 517 2868 banc
535 2806 806 2884 consuetudinem,
821 2825 914 2889 quam
929 2810 1070 2890 ignorare

83 2916 154 2961 non
170 2903 283 2978 potest,
299 2895 495 2977 improbaret.
507 2895 595 2958 Unde
610 2914 671 2956 non
684 2895 833 2959 audemus
845 2897 945 2959 dicere
959 2899 1068 2980 impro

64 2986 223 3056 ‚habilem
239 3005 304 3048 esse
320 2984 502 3048 sententiam
516 2983 598 3066 qudd
616 2985 709 3046 nostri
727 2985 883 3047 Antistites
896 2987 1012 3066 possint
1026 2991 1070 3052 sic

80 3075 104 3138 a
135 3073 282 3157 praedicit
300 3074 366 3156 lege
387 3073 575 3136 abstinentiae
597 3071 867 3152 Quadragesimalis
891 3075 1071 3153 generaliter

80 3163 285 3246 dispensare.
301 3164 470 3246 praesertim
492 3161 591 3243 quoad
613 3179 703 3224 usum
723 3179 850 3223 ovorum
867 3170 896 3224 et
910 3163 1069 3229 lacticinio

80 3271 174 3317 rum.
190 3254 240 3316 Sic
252 3252 369 3315 uidetur
381 3254 493 3314 sentire
506 3249 660 3312 Eminent.
673 3251 811 3330 Gousset,
822 3250 854 3311 in
863 3253 917 3312 sut
931 3251 1067 3336 Tlreulap.

79 3341 213 3420 maruli,
226 3349 247 3404 t.
266 3345 295 3418 l,
309 3349 342 3403 n⁰
356 3343 426 3404 306.

127 3429 239 3504 Quoad
262 3435 364 3492 autem
387 3427 599 3490 abstinentiam
625 3446 751 3490 ovorum
772 3433 802 3489 et
825 3428 1066 3510 lacticiniorum,

78 3525 156 3604 ipse
172 3518 287 3582 Beued.
303 3521 370 3580 XlV
385 3517 529 3599 relinquit
540 3517 656 3596 iudicio
670 3516 811 3591 aliorum,
826 3515 978 3579 dummodo
991 3519 1069 3583 docti

77 3611 152 3672 sint
178 3615 205 3671 et
225 3607 261 3670 de
283 3607 468 3668 eonscientiae
490 3625 551 3667 suoe
573 3605 706 3687 puritate
732 3606 956 3688 animarumque
978 3609 1068 3672 salute

79 3697 233 3782 retipioad
255 3695 382 3758 solliciti
400 3697 477 3770 sint,
493 3693 727 3771 expendendum
750 3713 789 3756 an
808 3695 901 3776 possit
919 3697 1069 3776 observari

76 3785 282 3852 consuetudo
303 3785 413 3848 alicubi
433 3786 538 3865 vigens
561 3781 838 3862 manducandiova
853 3788 884 3845 et
903 3784 1069 3902 bradyn,
