2526 4210
180 255 239 314 238
451 255 603 302 staurari
623 252 706 298 sums
727 247 876 296 caueatur.

182 387 199 426 r
218 359 333 432 sicelet,
349 366 376 419 et
395 355 433 417 ils
451 353 524 414 l'ont
547 351 612 414 bien
633 349 719 432 faite.
738 346 814 409 C’est
833 341 1029 406 l’institulicn
1048 339 1077 402 la
1097 339 1175 421 plus

182 475 198 514 a
219 468 289 531 sage
304 454 333 510 et
349 447 377 508 la
395 444 464 526 ptus
483 447 682 522 avantageuse
693 437 787 518 qu'ou
801 433 903 516 puisse
923 429 1075 510 imaginer
1089 427 1175 490 dans

183 563 199 602 r
219 541 246 601 le
261 537 500 620 gouvernement
512 530 566 592 des
580 531 673 592 dmes.
687 548 714 617 a

219 629 278 692 Sed
292 627 330 688 ed
346 623 471 707 praecise
486 619 568 701 qudd
582 625 644 680 tam
659 615 786 679 salubris
799 613 837 678 sit
851 611 996 674 Ecclesiae
1010 611 1061 673 hie
1079 617 1169 672 tem-

179 717 290 802 poralis
300 708 572 798 principatus,ided
584 704 804 788 impietasnihil
819 721 880 764 non
890 707 985 762 tentat
996 700 1171 780 quominus

181 809 303 872 tandem
318 805 402 867 illum
418 799 553 862 lundilhs
568 801 696 870 evertat,
709 797 772 874 jam
787 795 803 856 a
818 792 910 870 longo
924 788 1117 870 temporede
1132 807 1171 850 eo

181 893 370 962 excindenda
385 891 494 952 initum
512 887 568 950 luit
581 883 743 948 consilium
760 901 767 942 :
784 883 827 943 sie
841 881 924 942 enim
939 878 978 940 ad
989 878 1169 940 ¹ilcltariurn

182 985 331 1051 scrihebat
344 977 524 1044 Fredericus
539 978 575 1048 ll,
593 974 742 1038 Borussiae
755 973 818 1032 Rex
835 989 843 1030 ε
863 970 938 1029 «On
955 967 1121 1048 penseraa
1141 966 1170 1028 la

178 1098 202 1161 'a
221 1072 372 1154 conquete
385 1069 438 1130 des
453 1053 536 1130 litata
550 1063 591 1125 du
606 1064 686 1143 Pape
701 1079 778 1141 pour
792 1057 1002 1120 subveniraux
1015 1055 1172 1136 depenses

187 1187 202 1224 a
222 1158 472 1226 extraordinaires
484 1202 493 1230 ,
507 1159 537 1215 et
548 1153 627 1214 alors
642 1153 670 1212 la
683 1152 774 1212 scene
788 1155 832 1210 est
847 1146 930 1208 finio.
946 1148 1029 1208 Tuus
1046 1144 1091 1206 les
1108 1163 1171 1225 po-

187 1275 202 1312 a
222 1255 331 1313 tentats
345 1247 382 1310 de
401 1246 555 1324 l'Europe,
566 1241 701 1303 refusant
719 1239 757 1300 de
780 1238 970 1299 reconnaitre
988 1253 1031 1296 un
1048 1233 1175 1296 Vicaire

188 1363 203 1400 r
223 1339 261 1402 de
282 1337 367 1401 J.-C.
384 1333 531 1397 soumis'a
549 1348 591 1392 un
615 1334 699 1391 autre
721 1328 892 1416 souverain,
916 1343 948 1385 se
967 1324 1114 1386 creeront
1129 1342 1174 1387 un

189 1453 205 1490 c
225 1425 408 1501 patriarche,
423 1422 541 1484 chacun
555 1418 632 1480 dans
645 1436 692 1479 ses
707 1434 832 1497 proprus
846 1417 965 1476 Etats...
983 1411 1089 1487 Ainsi,
1108 1430 1176 1492 peu

191 1542 206 1580 a
226 1521 326 1600 epea,
342 1513 459 1576 chacun
475 1508 654 1588 s'eloignera
668 1505 706 1566 de
721 1505 826 1566 l'unite
839 1503 877 1564 de
892 1487 1025 1582 l'l‘lglise,
1036 1506 1068 1561 el
1079 1499 1175 1562 finire

191 1632 206 1669 a
226 1626 280 1690 par
295 1606 376 1668 avoir
390 1602 466 1662 dans
484 1615 540 1659 son
561 1612 706 1676 royaume
725 1611 785 1656 une
808 1591 936 1672 religion
955 1607 1078 1653 comme
1108 1609 1177 1653 une

192 1721 207 1757 u
227 1694 368 1776 languet
388 1693 465 1774 part.
485 1709 500 1746 a
517 1688 605 1748 Tem.
629 1687 647 1746 9
671 1681 707 1744 de
725 1703 756 1743 sa
777 1678 1042 1763 correspondente,
1068 1698 1101 1759 p.
1120 1683 1176 1744 99.

229 1785 307 1856 Quid
315 1782 352 1844 sit
361 1776 529 1842 tenendum
540 1774 619 1837 circa
627 1772 830 1854 principatum
838 1769 1034 1850 temporalem
1047 1769 1179 1831 Summi

191 1873 355 1945 Pontificis,
367 1868 467 1949 colligi
482 1868 579 1947 potest
599 1881 637 1926 ex
657 1861 818 1942 Encyclict
837 1859 880 1920 Pii
901 1861 959 1934 IX,
984 1861 1020 1920 19
1035 1857 1179 1936 januarii

192 1967 281 2040 1860,
298 1959 350 2028 uhi
364 1959 408 2020 sic
420 1955 577 2020 universos
590 1951 734 2022 Ecclesia
750 1949 905 2010 antistites
918 1946 1178 2028 congratulatur:

195 2077 210 2113 (ι
230 2055 339 2134 Ipsum
355 2047 557 2131 principatum
582 2040 793 2124 (temporalem
816 2039 846 2100 S.
875 2035 973 2118 Sedis)
996 2041 1181 2098 constanter

195 2165 211 2204 a
231 2147 360 2216 tuentes,
374 2135 507 2219 profiteri
517 2139 547 2194 et
560 2131 668 2194 docere
679 2127 795 2210 gloriati
807 2127 877 2188 estis
891 2125 1047 2202 eumdem,
1061 2125 1183 2208 singu-

195 2254 211 2293 «
232 2232 286 2294 lari
308 2227 416 2292 divinae
430 2224 510 2286 illius
524 2219 627 2283 omnia
648 2217 780 2298 regentis
800 2233 835 2278 ac
855 2213 1041 2278 moderantis
1063 2213 1183 2277 Provi-

195 2343 209 2380 (ι
230 2319 340 2382 dentiae
353 2313 491 2387 consilio,
506 2312 612 2372 datum
627 2306 718 2370 luisse
732 2308 871 2367 Romano
890 2301 1041 2378 Pontifici,
1058 2309 1093 2365 ut
1110 2304 1183 2381 ipse

196 2433 211 2470 a
233 2409 306 2472 nulli
317 2404 396 2470 civili
411 2399 546 2484 potestati
561 2413 698 2476 unquam
710 2395 880 2472 subjectus,
893 2409 1072 2472 supremum
1086 2411 1184 2475 apos·

196 2521 211 2558 u
231 2497 312 2560 tolici
329 2489 487 2556 ministerii
502 2503 614 2550 munus
637 2483 693 2546 sibi
708 2485 724 2543 a
741 2481 858 2544 Christo
876 2481 1008 2541 Domino
1026 2479 1184 2546 diviniths

197 2612 212 2648 a
232 2583 448 2658 commissum,
463 2574 639 2660 plenissima
653 2572 789 2634 libertate
808 2587 844 2633 ac
864 2568 930 2631 sine
943 2568 1014 2632 ullo
1035 2568 1183 2650 impedi.

186 2699 211 2736 2«
233 2679 353 2750 mento,
369 2671 401 2732 in
415 2670 591 2734 universum
611 2661 718 2723 orbem
740 2663 918 2722 exerceat.»
946 2655 1038 2718 Addit
1061 2656 1184 2724 deinde

187 2770 226 2836 9.
246 2762 408 2826 Pontifex:
432 2780 447 2818 a
468 2759 547 2832 Nos,
572 2756 634 2814 Deo
653 2749 868 2824 auxiliante...,
891 2744 965 2806 nihil
988 2745 1184 2813 intentatum

189 2877 212 2936 u
233 2853 487 2933 relinquerent...
505 2843 624 2908 civilem
637 2842 784 2901 Romanae
796 2835 938 2898 Ecclesiae
953 2833 1183 2918 principatum,

197 2967 212 3002 u
233 2945 360 3024 ejusque
374 2934 555 3018 temporales
569 2928 826 3013 possessionesac
839 2925 928 3004 iura,
945 2942 1016 3004 quae
1040 2924 1077 2984 ad
1102 2929 1183 2990 uni-

198 3057 213 3094 u
233 3049 353 3097 versum
369 3025 555 3091 Catholicum
569 3020 675 3082 orhem
687 3015 848 3098 pertinent,
861 3013 977 3094 integra
988 3017 1019 3074 et
1031 3011 1183 3082 inviolata

198 3145 213 3184 c
233 3129 372 3185 tueamur
384 3125 413 3180 et
431 3129 637 3184 servemus...;
653 3125 688 3168 ae
702 3104 804 3166 divino
826 3101 906 3164 illius
928 3101 1041 3164 auxilio
1062 3101 1180 3171 freti...

198 3236 213 3273 r
235 3209 445 3295 paratisumus
457 3195 851 3264 illustriaPraedecessorum
864 3194 1182 3278 nostrorumvestigia

199 3326 214 3364 u
234 3298 389 3384 prosequi,
402 3291 540 3372 exempta
554 3287 709 3362 aemulare,
719 3288 749 3344 et
761 3299 866 3363 aspera
879 3298 1009 3362 quaeque
1023 3286 1052 3342 et
1062 3286 1182 3349 acerba

199 3417 214 3455 a
234 3388 366 3474 perpeti,
381 3382 470 3447 occet
484 3380 579 3459 ipsam
590 3375 719 3438 animum
731 3391 852 3454 ponere,
868 3379 1027 3452 antequam
1035 3368 1098 3434 lta·
1110 3373 1181 3438 Ec-

199 3507 215 3545 a
235 3481 329 3544 etesiae
343 3497 378 3540 oe
385 3472 517 3557 justitiae
529 3484 647 3531 cuasam
661 3462 724 3526 ullo
737 3459 822 3521 modo
834 3459 1035 3522 deseramus.»
1061 3461 1182 3540 Hujus-

196 3570 279 3635 modi
296 3565 482 3648 professione
500 3557 625 3620 adhaesit
646 3551 824 3616 universitas
844 3567 880 3611 ac
900 3547 963 3610 lere
983 3549 1181 3616 unanimitas

195 3660 414 3741 Episcopcrum
428 3651 520 3714 totius
533 3647 615 3710 orbis
629 3639 792 3706 christiani.
809 3640 931 3700 Constat
943 3637 1036 3700 etiam
1050 3656 1087 3700 ex
1104 3641 1180 3722 Syl.

197 3749 276 3827 taho,
291 3745 344 3810 uhi
358 3743 466 3823 legitur
477 3738 620 3800 damnata
633 3728 797 3815 propositio
812 3746 954 3812 sequens,
966 3746 1035 3810 quae
1050 3733 1096 3792 est
1110 3733 1154 3795 27
1168 3751 1178 3796 a
1259 3799 1260 3802 Ἴ
