2616 4228
436 282 530 329 CAPUT
552 283 738 330 PROOElllALE.

86 383 151 445 sola
166 381 410 464 promulgatione
424 383 529 442 Romae
545 381 630 443 laeta.
647 383 736 444 Juxta
749 385 783 444 ll.
803 383 897 446 Bouix
913 383 956 460 (de
975 386 1069 451 Prin-

85 471 160 554 cip„
175 491 206 552 p.
216 469 301 552 200),
318 473 364 552 De
376 471 487 546 lllarce,
503 472 564 532 Van
577 473 690 552 Espen,
703 471 835 533 Zalwein
848 491 972 553 prorsus
985 475 1069 537 errb-

85 566 158 623 runt
173 559 354 624 affirmando
369 559 460 620 talem
475 560 750 641 promulgationem
760 579 826 623 esse
839 561 1070 626 insufficientem

85 667 123 712 cx
131 649 202 727 jure
217 648 359 711 naturali.

127 736 277 799 Probatur
295 737 349 799 ista
364 737 513 800 sententia
530 755 538 799 r
557 742 586 799 l⁰
603 740 669 800 Non
685 737 786 801 solum
805 743 940 820 tempore
957 741 1070 824 Reipu-

86 825 176 890 blicae
188 844 339 903 romanae,
355 825 409 888 sed
426 826 483 889 snb
498 826 747 908 imperatoribuS,
761 828 844 909 leges
860 847 920 890 aere
936 831 1069 910 sculplae,

87 933 157 997 rpso
178 917 242 977 Van
260 916 362 996 Espen
381 913 492 978 latente
512 916 565 996 (ib.
586 925 620 977 ut
636 917 753 998 supra),
768 923 898 997 pertres
920 918 1072 982 nundinas

87 1003 320 1086 exponebantur
339 1005 371 1065 in
391 1003 465 1066 locis
480 1003 624 1086 publicis;
639 1013 668 1068 ct
683 1006 726 1067 sie
747 1005 989 1070 instituebantur.
1006 1007 1063 1070 eri·

88 1111 160 1156 mus
176 1094 367 1156 iustinianus
385 1095 567 1174 imperator,
583 1113 664 1158 anno
679 1095 784 1155 Christi
800 1098 876 1169 538,
894 1097 1066 1178 promulga-

87 1183 206 1244 tionem
229 1181 260 1243 in
285 1182 448 1262 provinciis
472 1182 588 1245 indixit.
614 1182 707 1245 Porro
734 1183 793 1245 dici
818 1185 922 1266 nequit
952 1203 1005 1266 per
1030 1193 1073 1248 tot
1176 1172 1179 1180 “

87 1270 202 1334 saecule
213 1272 363 1333 Romanos
376 1271 419 1333 sic
428 1271 556 1352 turpiter
569 1289 684 1334 errasse
693 1272 772 1334 cirea
780 1273 981 1351 jusnaturale.
993 1276 1072 1356 Ergo

86 1361 138 1439 jus
153 1359 289 1422 naturale
304 1379 367 1422 non
381 1360 475 1440 exigit
486 1360 760 1441 promulgationem
774 1361 804 1422 in
820 1363 992 1442 provinciis.

130 1451 166 1511 ln
181 1448 335 1529 Hispania,
350 1449 436 1530 juxta
452 1448 716 1523 salmanticenses,
733 1450 842 1511 Matriti
858 1453 977 1514 tantlun
992 1451 1073 1533 leges

90 1537 383 1619 promulgabantur;
406 1537 497 1599 hodia
517 1537 548 1598 in
573 1538 668 1600 Gallia
692 1539 884 1618 publicantur
903 1559 958 1621 per
981 1540 1073 1602 inser-

90 1627 209 1690 tionem
232 1627 400 1690 collectioni
425 1626 512 1688 dictae
531 1625 664 1688 Bolletln
689 1627 737 1688 ates
761 1627 847 1702 Lois,
873 1647 942 1709 quae
966 1627 1000 1688 lit
1018 1628 1073 1690 Pa-

91 1717 192 1792 risiis,
216 1718 303 1796 cujus
333 1714 443 1778 deinde
475 1714 657 1795 exemplaria
686 1715 844 1777 mittuntur
875 1716 914 1778 ad
941 1716 1075 1798 singulas

92 1806 339 1880 communitates,
364 1804 439 1886 quin
459 1803 611 1865 tamenin
630 1804 667 1866 iis
687 1804 856 1867 necessario
874 1805 937 1868 siut
955 1806 1074 1888 publice

94 1895 247 1976 legendae.

134 1987 170 2046 2⁰
189 1982 395 2065 Promulgatio
420 1983 524 2046 llumae
544 1981 620 2044 iacta
640 1983 792 2045 sulliciens
816 1989 881 2060 est,
906 1983 999 2046 modo
1022 2004 1075 2066 per

92 2073 186 2135 talem
198 2071 473 2153 promulgationem
487 2070 592 2132 notitia
604 2071 678 2152 legis
692 2071 778 2133 facile
788 2071 825 2132 ad
835 2091 961 2134 omnem
974 2073 1076 2137 Eccle-

92 2164 171 2225 siam
185 2161 341 2243 pervenire
350 2160 456 2223 valeat.
469 2159 561 2240 Atqui
572 2178 620 2221 res
630 2161 669 2222 ila
679 2179 710 2223 se
719 2160 828 2222 habet:
847 2163 981 2225 «Romae
993 2163 1075 2224 eninr

97 2273 113 2308 n
133 2251 324 2314 conveniunt
340 2267 447 2312 omnes
467 2248 530 2310 lere
549 2248 697 2326 nationes,
713 2250 754 2310 ait
769 2251 799 2310 S.
818 2251 939 2332 Liguor.
959 2251 1074 2333 (ibid),

98 2365 113 2397 a
133 2346 165 2402 et
182 2357 290 2402 omnes
307 2337 423 2401 Praelati
437 2337 550 2399 habent
563 2335 604 2397 ibi
617 2352 688 2400 suos
698 2346 908 2418 procuratores
926 2339 978 2419 qui
993 2340 1076 2400 ordi-

98 2455 113 2487 «
134 2429 222 2491 narie
243 2433 382 2510 satagunt
406 2445 478 2488 suos
501 2425 681 2507 principales
704 2426 742 2487 de
767 2427 851 2487 novis
875 2427 985 2505 Bullis,
1009 2447 1078 2509 quae

98 2541 114 2578 u
135 2517 380 2600 promulgantur,
396 2513 538 2578 certiores
552 2512 660 2576 lacere.
675 2535 690 2572 u
709 2514 765 2576 Per
779 2513 874 2576 diaria
888 2516 979 2577 etiam
991 2535 1075 2599 spar-

94 2609 176 2689 gitur
200 2606 288 2669 iacile
316 2604 430 2680 ubique
459 2602 592 2685 cognitio
619 2602 811 2667 decretorum
837 2605 1073 2688 pontificiorum.
1164 2615 1167 2620 '

93 2699 135 2758 Er
158 2715 190 2769 o,
204 2703 263 2759 etc.
449 2751 452 2758 .

127 2718 319 2846 {anenno
343 2783 433 2860 nar,
461 2801 525 2863 quo
550 2781 703 2859 llartinus
722 2779 759 2842 lll
787 2781 1077 2847 excommunicavit

85 2868 1075 2954 llicltaeleml‘aleologurn,persentcntiarnsolummodoUrbi·

86 2961 187 3026 veteri
197 2959 597 3042 (Orvieto)promulgatam.
609 2978 710 3040 usque
723 2958 760 3020 ad
776 2959 965 3022 hodiernam
979 2960 1073 3034 diem,

87 3047 1075 3132 invaluitususpromulgnnrliltomactantinnlogespontilrcias:

87 3138 184 3222 porrb
197 3140 262 3203 dici
274 3140 385 3222 nequit
400 3157 455 3222 per
469 3147 513 3202 tol
527 3138 642 3201 saecula
657 3138 830 3202 Romanam
841 3139 1012 3202 Ecclesiam
1026 3155 1077 3200 er-

89 3367 101 3392 ι
117 3349 201 3410 supra,
217 3360 274 3396 cum
283 3346 413 3397 Bossuetio
428 3343 531 3409 professi
545 3359 642 3408 sumus,
657 3345 742 3396 omnia
756 3347 837 3408 polest
856 3344 882 3394 S.
895 3343 1008 3393 Pontifex
1022 3343 1077 3394 clun

91 3439 103 3464 ι
119 3419 254 3469 necessitas
264 3419 289 3468 id
304 3418 484 3482 postulaverit:

124 3507 137 3544 ι
152 3490 206 3542 llixi
219 3491 251 3542 cd
263 3489 426 3554 disciplinam
435 3491 570 3553 spectantes
585 3502 592 3538 ε
607 3487 666 3550 quia
681 3487 778 3550 quando
805 3487 920 3551 agitur...
934 3487 966 3536 de
980 3487 1078 3537 decreto

93 3567 184 3618 «eirca
199 3563 283 3619 iidem.
298 3565 341 3611 nul
353 3562 415 3610 eirca
429 3560 470 3622 jus
481 3560 588 3609 naturale
600 3559 639 3608 vel
649 3559 770 3619 divinum,
794 3558 897 3608 minime
912 3559 1079 3614 necessarium

95 3643 152 3690 aest
163 3641 190 3687 ul
201 3637 328 3685 decretum
341 3648 385 3696 per
398 3633 538 3696 provincius
551 3631 733 3696 promulgetur3
752 3632 797 3680 sed
809 3631 892 3680 statim
908 3645 937 3679 ae
945 3629 1080 3680 innotuerit

93 3707 359 3774 «iudiciumsclsmne
370 3704 435 3765 quod
451 3705 478 3754 S.
506 3703 644 3754 t‘ontilex...
672 3702 738 3762 tulit,
769 3700 873 3753 debetur
901 3700 1079 3764 obsequiumt

95 3799 110 3834 c
124 3781 273 3832 noctibus.»
285 3777 341 3828 tttu.
352 3775 425 3827 etiam
439 3774 562 3828 lteillcnsl.
572 3774 615 3824 lib.
633 3775 656 3838 l,
667 3783 695 3825 n·
713 3773 765 3836 ltu,
776 3779 823 3826 etc.

348 3924 355 3940 ι
376 3913 610 3948 ww
