2526 4210
409 359 412 363 ,
449 311 534 356 tisun
554 309 672 354 enisus.
786 357 789 360 ,
990 301 1047 358 205

119 419 189 480 ltcm
204 419 318 476 constat
331 431 368 474 ex
381 413 413 472 S.
429 409 579 490 Cypriano
592 408 636 489 (in
647 409 781 488 Epistolit
797 415 845 483 ll,
862 431 892 491 p.
909 416 959 486 2l,
977 411 1048 474 edit.

86 505 212 582 balant:
231 500 355 563 «Audio
376 498 523 579 quosdam
543 497 580 558 de
594 496 795 579 presbyteris,
815 517 872 560 nec
895 500 1049 579 Evangelii

89 609 276 666 «memores,
300 607 357 652 nec
372 586 445 668 quid
465 586 503 648 ad
528 605 583 647 nos
606 593 756 666 martyres
774 587 947 666 scripserint
964 589 1051 668 cogi-

87 704 100 738 (ι
118 686 220 754 lantes,
237 697 293 741 nec
306 677 455 759 Episcopo
469 675 604 736 bonorem
618 674 780 736 sacerdotii
791 675 839 736 sui
852 685 881 736 et
898 675 1051 739 Cotbedcoe

88 793 100 825 o
119 777 298 838 rescrauntcs
312 767 374 844 jam
389 783 460 826 cum
475 763 565 844 lapsis
579 765 807 830 communicare
826 765 962 844 coepisse.
978 787 993 823 u
1011 799 1051 812 -

86 860 120 917 tlx
140 856 274 932 tertull,
300 855 366 916 libr.
388 853 432 914 Dc
447 851 613 934 Baptismu
635 870 662 914 c.
690 855 751 912 tt:
776 851 901 912 «Dandi
926 852 1050 933 quidem

87 966 99 999 r
118 945 200 1008 habet
213 947 262 1023 jus
278 961 416 1006 summus
438 940 590 1014 sacerdos,
608 940 661 1022 qui
680 945 725 1002 est
745 942 924 1022 Episcopus,
940 941 1050 1003 dehinc

87 1056 99 1088 o
119 1032 279 1114 presbyteri
298 1038 329 1093 et
345 1031 485 1104 diaconi,
501 1047 562 1090 non
579 1039 678 1090 tamen
697 1028 761 1090 sini
780 1030 926 1111 Episcopi
948 1038 1049 1090 aucto-

87 1143 100 1178 o
118 1123 214 1183 ritate.
232 1143 248 1180 u
574 1173 576 1178 .

117 1209 229 1274 Probat.
251 1214 283 1270 2⁰
298 1208 388 1270 etiam
409 1225 447 1268 ex
467 1224 503 1268 eo
522 1207 606 1286 quod
626 1213 774 1268 assertum
794 1208 886 1284 iterii,
908 1231 921 1266 o
934 1210 1048 1271 nultum

86 1299 191 1361 «inter
203 1308 361 1377 utrumque
382 1295 650 1375 (presbyterumet
670 1295 868 1376 Episcopum)
890 1296 1048 1360 discrimen

86 1407 98 1440 o
115 1396 171 1459 cst:
184 1397 226 1449 cst
238 1386 317 1449 enim
329 1384 482 1445 amborum
500 1403 574 1444 unus
588 1383 659 1444 ordo
669 1432 676 1456 ‚
688 1402 751 1466 por
768 1393 795 1446 et
817 1385 892 1446 idem
908 1387 1001 1448 iocor
1015 1407 1048 1448 oc

84 1473 241 1558 cdipno'tos
252 1497 292 1550 n,
312 1473 429 1550 statim,
446 1477 591 1552 tanquam
613 1472 735 1533 haeresis
753 1473 914 1534 manifesta
938 1479 1047 1554 rejecta

81 1560 170 1639 luerit,
181 1573 214 1626 ut
223 1570 343 1626 constat
354 1580 391 1623 ex
403 1563 435 1623 S.
451 1561 621 1641 Epiphanio
633 1560 685 1640 qui
700 1559 783 1620 illam
795 1564 1049 1642 septuagesimam

79 1652 208 1730 quintam
222 1660 322 1716 vocat.

114 1739 231 1804 Probari
251 1739 354 1822 pos'set
368 1737 471 1799 multis
489 1737 555 1798 aliis
575 1739 763 1818 argumentis
780 1739 798 1800 lt
813 1741 846 1800 D.
864 1739 961 1802 Bouix
976 1759 1045 1804 coa·
1141 1775 1142 1780 κ

78 1831 204 1902 corvatis,
222 1831 269 1892 De
281 1828 398 1909 Epioe,
414 1835 435 1888 t.
456 1827 480 1904 1,
496 1845 527 1906 p.
547 1831 584 1903 9,
599 1833 679 1901 etc,
696 1846 732 1889 eo
752 1829 917 1909 praesertim
932 1830 1044 1910 qubdb

79 1918 175 1994 primis
196 1919 342 1985 Ecclesiae
362 1915 479 1977 saeculis
501 1921 712 1978 contexeretur
731 1919 870 1980 accurate
892 1919 1050 2000 catalogus·

77 2005 288 2087 Episcoporum
303 2003 491 2084 singularum
509 2005 723 2081 Ecclesiarum,
739 2007 777 2066 ad
792 2026 881 2087 quem
899 2007 1049 2088 provoca?

77 2091 141 2156 bant
159 2097 212 2159 SS.
232 2100 335 2157 Patres
349 2092 387 2154 ad
400 2092 600 2154 confutandos
617 2093 784 2158 haereticos.
804 2096 928 2157 «Edant
949 2117 1035 2178 erge,

80 2204 93 2238 o
111 2182 263 2265 inquiebat
274 2181 474 2244 Tertullianus
485 2182 540 2258 (De
551 2180 739 2262 Proesoept„
754 2201 819 2264 cap.
835 2187 896 2260 22),
911 2185 1042 2264 origines

78 2271 312 2336 «Ecclesiarum
337 2288 481 2346 suarum,
509 2273 646 2332 evolvant
664 2271 801 2332 ordinem
823 2273 1041 2352 Episcoporunr

78 2380 92 2413 c
110 2377 249 2436 suorum,
265 2360 307 2421 ita
320 2377 374 2439 per
387 2359 594 2420 successiones
607 2358 645 2420 ab
663 2359 749 2420 initio
763 2359 993 2440 decurrentem,
1010 2374 1042 2425 ut

77 2469 91 2500 «
109 2449 223 2527 primus
237 2449 288 2510 ille
300 2447 467 2528 Episcopus
479 2446 612 2526 aliquem
627 2464 664 2508 ex
681 2447 832 2528 Apostolis
848 2448 893 2508 vel
910 2451 1041 2529 eposio·

77 2557 91 2590 s
110 2535 171 2599 licis
183 2537 265 2600 Viris
276 2540 285 2614 (
295 2535 348 2617 qui
362 2543 548 2598 tamencum
561 2535 711 2615 Apostolis
725 2538 975 2618 perseveraverit)
989 2539 1038 2603 ba*

77 2645 90 2679 o
108 2623 203 2688 buerit
222 2632 415 2688 auctorem...
435 2644 451 2682 n
473 2623 568 2684 Porrb
584 2624 608 2684 si
627 2623 783 2705 Episcopis
801 2625 932 2706 aequales
948 2628 1040 2691 habit

73 2712 189 2776 tuissent
202 2712 370 2795 presbyteri
381 2715 413 2773 in
424 2711 624 2774 hisEcclesiae
638 2713 822 2794 primordiis,
839 2733 900 2776 non
915 2718 1039 2798 Episco-

72 2818 172 2878 porum
180 2804 327 2866 duntaxat
337 2807 494 2864 contextus
503 2799 607 2863 fuisset
615 2801 780 2882 catalogus,
794 2803 848 2865 sed
860 2811 889 2865 et
898 2807 1037 2871 omnium

71 2891 320 2971 presbyterorum.
332 2891 413 2970 Ergo
426 2888 607 2970 presbyteris
620 2891 790 2971 superiores
801 2900 873 2955 sunt
884 2895 1036 2978 Episcopi,

70 2984 95 3038 et
108 2978 179 3042 illud
193 2987 239 3041 est
250 2980 288 3040 de
302 2978 372 3040 fide.

103 3067 294 3146 Objiciuntur¹
305 3072 335 3128 1ο
349 3066 422 3129 varii
440 3066 663 3147 Scripturarum
677 3071 777 3129 textus
791 3087 829 3130 ex
843 3071 955 3150 quibus
969 3074 1037 3135 ool·

69 3151 113 3235 ligi
124 3175 211 3236 posse
226 3155 342 3218 uidetur
356 3155 486 3231 nullum,
501 3155 714 3235 Apostolorum
727 3163 875 3236 tempore,
891 3161 1036 3224 exstitisse

66 3241 224 3306 discrimen
240 3244 405 3326 Episcopus
414 3243 493 3305 inter
501 3249 532 3305 et
543 3244 733 3324 presbyteros
747 3262 756 3304 ε
774 3245 861 3305 sicin
876 3249 1033 3328 subEpist.

65 3329 99 3392 ad
112 3333 209 3396 Titum
228 3333 352 3409 Paulus,
368 3338 529 3413 postquam
542 3331 650 3393 dixerit
662 3337 741 3412 (cap.
760 3338 788 3408 1,
803 3352 832 3394 v.
846 3333 878 3414 5)
895 3354 901 3393 :
923 3337 1034 3398 «Reli-

68 3421 150 3501 oqui
170 3429 200 3484 te
221 3423 315 3483 Cretae
334 3427 367 3483 ut
379 3420 543 3482 constituas
566 3439 620 3501 per
639 3422 774 3482 civitates
792 3423 1033 3506 presbyteros»,

64 3505 168 3572 ibidem
182 3511 223 3589 (v.
244 3511 276 3588 1)
290 3509 391 3589 adjicit
404 3527 413 3570 τ
433 3529 448 3568 o
460 3509 584 3590 Oportet
597 3509 680 3572 enim
694 3509 879 3590 Episcopum
894 3513 959 3576 sine
974 3515 1031 3577 cri-

66 3616 80 3652 «
100 3615 180 3660 mme
195 3617 272 3662 esse.
288 3620 304 3658 s

97 3687 170 3748 ltem
185 3689 216 3748 in
232 3706 298 3769 cap.
316 3693 367 3765 20,
382 3707 410 3751 v.
428 3691 477 3764 11,
493 3692 559 3752 Act.
575 3688 722 3771 Apostol,
737 3687 848 3750 dicitur
865 3708 873 3750 :
893 3690 1031 3754 «Paulus

66 3793 79 3830 a
98 3775 114 3834 t
128 3776 232 3838 Mileto
246 3779 366 3838 mittens
379 3774 533 3856 Ephesum
560 3774 676 3832 voeevst
686 3779 817 3856 ¹¹tajores
827 3784 899 3841 notu
915 3778 1031 3855 (graece
