2526 4210
164 163 224 222 25ss
441 168 593 212 retusum
613 168 696 214 aunis
717 165 863 211 cauonrcr.

166 271 325 353 purpureis
340 271 480 346 vestibus,
493 287 578 330 more
592 288 716 350 regum,
733 285 813 348 equo
826 265 895 326 albo
910 283 963 325 seu
979 264 1143 344 palafredo,

167 357 259 420 frenis
273 376 310 418 ac
328 357 495 418 calcaribus
513 357 665 420 deauratis
682 356 780 420 ornati
803 353 973 436 precedunt
989 372 996 412 :
1013 353 1055 414 ad
1076 353 1147 416 lines

166 464 228 508 suae
242 445 406 508 Provinciae
416 445 623 520 devenientes,
641 465 717 508 sono
730 460 947 524 campanarum
963 441 1081 503 aclero
1094 461 1144 523 po-

166 535 300 616 puloque
327 534 550 596 solemnissima
576 536 709 616 pompa,
734 533 790 594 sub
815 529 1024 606 baldachino,
1054 534 1147 594 ereclrl

167 640 272 684 eorum
294 641 404 695 eruce,
422 629 491 684 sunt
515 623 696 705 excipiendi.
723 625 831 684 Coram
855 619 898 680 eis
920 617 1145 701 archiepiscopi

167 729 252 772 suam
270 730 393 774 crucem
410 719 568 792 nequeunt
590 712 724 792 erigere,
748 727 805 771 nec
828 707 899 788 ipsis
919 713 971 768 aut
993 706 1147 788 Episcopis

168 800 294 881 aliisque
317 799 450 861 Praelatis
472 799 543 861 lieet
566 800 714 880 populum
735 796 936 870 benedicere,
961 796 1028 856 irnd
1053 795 1145 857 eaeteri

168 889 269 968 Legati
284 889 416 967 insignia
431 907 484 950 sua
498 888 667 968 deponunt.
679 885 864 968 Ingredienti
879 885 993 963 Legato
1010 883 1146 945 ecelesias

169 977 337 1057 Episcopus
351 977 552 1056 aspersorium
569 977 694 1056 porrigit
716 977 843 1055 ejusque
858 991 967 1032 manus
982 972 1141 1033 osculatur.

209 1068 278 1126 388.
302 1064 403 1142 Legati
416 1064 500 1124 missi
512 1083 566 1126 seu
578 1065 683 1127 Nuntii
702 1062 865 1144 Apostoliei
886 1061 923 1121 de
944 1060 1145 1122 Cardinalium

171 1171 299 1214 numero
322 1169 384 1213 non
408 1159 494 1227 sunt,
520 1153 573 1214 sed
596 1155 614 1216 t
636 1153 716 1234 Papa
741 1152 899 1212 mittuntur
920 1149 959 1210 ad
984 1151 1145 1230 Supremos

171 1241 341 1321 Principes,
365 1241 444 1300 utin
458 1259 563 1302 eorum
578 1243 681 1322 regnis
695 1259 810 1303 munus
828 1237 1000 1318 Legationis
1027 1237 1141 1300 obeant.

161 1331 286 1391 ¹Eurum
313 1335 444 1409 potestas
466 1329 610 1392 definitur
624 1331 744 1392 Litteris
762 1329 873 1409 quibus
888 1328 960 1408 ipsis
977 1329 996 1387 it
1015 1329 1048 1388 S.
1069 1327 1144 1388 Pon-

172 1417 249 1479 titice
264 1417 397 1479 officium
413 1419 611 1482 commissum
631 1426 690 1493 est,
711 1437 812 1499 neque
830 1419 940 1496 Legato
958 1417 1048 1476 masso
1067 1413 1145 1477 adhi-

171 1506 259 1568 betur
275 1506 366 1582 tides,
383 1505 439 1567 nisi
455 1507 480 1568 is
492 1507 626 1586 primirm
642 1507 766 1569 Litteras
781 1507 861 1586 ipsas
876 1505 1047 1589 protulerit.

210 1597 267 1666 Oui
282 1595 416 1657 resident
430 1596 510 1676 apud
526 1598 689 1678 Supremos
703 1595 858 1676 Principes
877 1595 1021 1655 dicuntur
1040 1591 1145 1654 Nuntii

171 1683 350 1766 Apostoliei;
369 1684 421 1763 qui
433 1684 504 1744 verd
518 1691 744 1747 commorantur
757 1684 789 1746 in
799 1683 873 1745 locis
887 1683 998 1763 quibus
1008 1682 1147 1760 Princeps

173 1791 235 1833 non
251 1773 345 1846 adest,
363 1772 407 1831 vel
422 1791 512 1833 suurn
525 1791 638 1835 munus
652 1772 744 1836 modo
759 1773 876 1835 tantiun
887 1771 1146 1852 provisorioexer-

174 1867 262 1934 cent,
279 1859 465 1920 Interuuutii
478 1861 678 1941 appellantur.

213 1949 256 2009 De
271 1947 915 2029 facultatibusLegatorumetNuntiorumet
926 1947 1149 2028 aliispluribus,

175 2036 241 2098 vide
254 2036 334 2097 dicta
346 2035 377 2096 in
389 2043 493 2097 nostro
506 2038 647 2098 Maenali
658 2085 666 2114 ,
683 2037 721 2098 nis
734 2041 808 2112 803,
821 2046 878 2101 etc.

214 2129 283 2188 389.
298 2125 571 2196 Quaerittluaenam
582 2129 621 2186 sit
631 2126 776 2206 legislatio
787 2127 888 2188 Gallici
901 2127 1047 2188 Gubernii
1055 2125 1151 2206 quoad

174 2215 353 2295 Legationes
369 2216 400 2275 S.
417 2214 513 2290 Sedis,
530 2215 646 2294 etquid
661 2213 698 2276 de
713 2217 748 2276 et
762 2216 800 2275 sit
815 2214 1040 2277 sentiendum?

215 2305 306 2382 Resp.
325 2307 355 2363 1ο
367 2305 456 2364 Juxta
470 2303 612 2364 articulos
628 2305 662 2364 11
679 2309 710 2364 et
724 2306 761 2364 tu
777 2304 1039 2365 collectaneorum
1048 2306 1150 2372 Liber-

175 2396 272 2453 tatum
283 2391 515 2466 Gallicanarum,
527 2409 656 2471 quarum
668 2391 822 2453 Puteanus
833 2391 964 2474 (Pithon)
977 2399 1023 2453 est
1037 2403 1151 2464 auctor,

176 2480 299 2540 nonnisi
323 2479 581 2540 consentientibus
601 2480 723 2559 regibus
746 2482 875 2552 nostris,
895 2481 997 2560 Legati
1017 2480 1107 2564 Papae
1125 2485 1153 2543 iu

177 2568 271 2627 Gallia
285 2573 371 2627 erant
385 2567 572 2629 admittendi.
589 2569 626 2627 Et
640 2567 670 2628 id
683 2569 806 2649 quidem
823 2569 1005 2630 aGubernio
1022 2578 1151 2650 praeten-

176 2653 304 2715 debatur
320 2654 392 2714 olinr
407 2655 439 2714 in
454 2655 563 2732 Gallia,
580 2655 708 2736 ideoque
725 2658 818 2718 Bullae
833 2658 942 2738 quibus
957 2659 1062 2739 Legati
1076 2661 1153 2722 insti-

178 2744 352 2818 tuebantur,
368 2743 398 2803 in
411 2745 559 2822 Suprema
573 2745 662 2806 Curia
676 2745 858 2827 rulgddicttt
872 2746 1060 2825 Partemeut,
1074 2759 1156 2811 erant

178 2831 399 2907 examinandae,
414 2834 668 2912 recognoscendae
680 2843 709 2896 et
722 2836 927 2916 registrandae.

219 2919 493 3000 Jurisprudentiam
506 2921 586 2984 hane
597 2923 723 2984 sancivit
737 2924 785 2985 lex
798 2925 952 3004 organica,
971 2928 1009 2988 18
1019 2927 1152 2989 Germia.

179 3010 250 3070 anni
264 3011 302 3087 X,
318 3009 405 3087 cujus
420 3009 463 3070 sic
474 3008 562 3071 habet
576 3017 631 3072 art.
648 3015 667 3072 2
684 3031 691 3072 :
712 3012 849 3074 «Aucun
864 3013 999 3075 individu
1012 3033 1045 3076 se
1060 3017 1154 3078 disant

184 3122 198 3158 e
220 3101 334 3177 Nunce,
352 3099 460 3179 Legat,
477 3099 594 3160 Vicaire
613 3119 654 3161 ou
672 3101 884 3163 Commissaire
905 3103 1105 3186 Apostolique
1120 3123 1154 3164 ne

183 3209 199 3247 <r
220 3207 348 3270 pourra,
365 3207 435 3248 sans
449 3189 477 3248 la
492 3189 593 3250 meme
608 3190 803 3252 autorisation
818 3191 872 3270 (du
887 3191 1153 3275 Gouvernemenl),

184 3301 199 3338 a
220 3296 342 3340 exercer
362 3295 413 3338 sur
430 3277 459 3338 le
479 3277 523 3338 sol
541 3277 670 3352 franceis
691 3279 721 3340 ni
741 3279 862 3341 ailleurs
882 3298 1002 3342 aucune
1025 3279 1154 3344 fonction

185 3389 200 3425 (ι
220 3367 341 3428 relative
358 3384 417 3427 aux
432 3365 550 3428 affaires
563 3365 601 3428 de
616 3353 735 3450 l'liglise
750 3367 913 3430 Gallicane.
930 3390 946 3428 a

221 3455 311 3534 Plesp.
327 3461 359 3515 2⁰
374 3454 555 3532 Huiusmodi
575 3455 794 3537 legislationem
814 3475 879 3518 esse
893 3457 974 3520 luris
994 3459 1154 3521 Ecclesias·

181 3543 232 3605 tici
246 3541 459 3603 destructivam
469 3563 478 3618 ;
490 3543 541 3604 illa
555 3544 638 3606 enim
653 3541 927 3626 legitimatt,suam
942 3564 1116 3628 supremam
1130 3553 1152 3606 et

183 3633 304 3712 plenam
328 3631 536 3694 auctoritatem
557 3633 589 3694 in
612 3633 773 3696 universali
795 3636 946 3712 Ecclesia,
966 3637 998 3700 S.
1022 3636 1152 3699 Pontifex
