2562 4224
459 292 544 336 LlBER
566 291 682 335 PRlMUS.
999 287 1059 343 135

94 391 302 453 concurrebant
321 394 387 454 tum
408 388 654 468 Metropolitanus
668 394 697 447 et
712 389 851 471 Episcopi
875 395 1056 472 provincia,

93 477 150 538 tirm
173 479 311 542 Ecclesiae
334 478 461 559 viduatae
486 477 584 538 clerus
603 481 633 536 et
654 475 804 554 populus,
829 479 896 560 plus
918 483 1058 545 minusve

94 564 233 629 distincte.
258 567 291 629 ld
314 572 432 630 constat
451 564 540 627 variis
560 563 728 625 canonibus
742 565 760 624 a
774 566 914 631 Gratiano
935 571 1058 647 relatiS,

91 653 152 716 dist.
168 659 276 731 OLOE,
288 660 337 719 63.
353 657 403 718 Sic
416 660 517 716 autem
534 652 624 714 habet
637 671 704 713 can.
715 652 812 714 Nulla
828 659 857 731 t,
869 658 938 720 dist.
955 663 1005 732 62,
1019 679 1056 722 ex

93 741 209 821 epistola
221 748 253 808 S.
265 746 375 808 Leonis
389 743 426 805 ad
440 742 617 805 Rusticum:
631 741 742 803 aNulla
757 742 831 804 ratio
841 744 922 820 sinit,
936 755 968 808 ut
980 748 1057 808 inter

96 851 108 886 a
128 830 286 915 Episcopus
300 833 483 904 habeantur,
501 831 551 910 qui
567 847 623 891 nee
637 830 654 890 a
668 828 784 890 clericis
798 840 869 893 suut
882 834 987 910 electi,
1001 853 1059 896 nec

95 937 108 972 a
127 919 142 978 a
157 920 291 998 plebibus
310 919 450 1002 expetiti,
466 935 523 980 nee
537 919 554 978 a
569 917 802 998 provincialibus
814 921 971 1004 Episcopis
986 941 1059 984 cum

94 1024 107 1062 a
127 1007 343 1081 Metropolitum
352 1008 467 1088 judicio
479 1007 688 1069 consecrati.»

127 1115 177 1176 lus
190 1117 260 1178 verb
274 1124 336 1177 enit
351 1113 580 1194 Metropolitano
599 1117 627 1174 et
645 1115 949 1193 comprovincialibus
968 1115 1060 1198 Epis·

94 1201 167 1282 copis
184 1205 335 1281 rejicimdi
349 1211 451 1264 cotum
466 1201 570 1284 populi
583 1247 591 1273 ,
616 1199 677 1262 imd
694 1207 725 1261 et
739 1203 833 1278 Cleri,
857 1205 881 1265 si
896 1205 968 1285 ipsis
983 1207 1061 1267 irra-

94 1288 224 1354 tionabile
238 1293 399 1354 ridmetur.
420 1289 609 1352 aOucendus
623 1295 668 1350 est
679 1292 824 1370 populus,
844 1311 903 1354 non
927 1312 1056 1375 sequen-

97 1399 110 1436 a
127 1377 196 1456 dus,
209 1381 428 1462 inquitcunon.
446 1384 476 1456 2,
491 1379 559 1440 dist.
575 1382 634 1454 623
651 1396 783 1458 nosque,
799 1380 824 1441 si
839 1382 990 1459 nesciant,
1006 1401 1062 1445 eos

97 1487 110 1523 l
127 1470 197 1548 quid
213 1470 321 1547 liceat,
337 1469 447 1551 quidve
468 1486 528 1529 non
548 1467 635 1528 liceat
653 1485 847 1530 commonere
865 1470 1022 1532 debemus,
1038 1493 1053 1528 »

94 1555 1060 1637 OuamsententiamelectioniEpiscoporumapplicateapNosse

94 1647 136 1717 tt,
147 1645 213 1708 dist.
224 1649 275 1709 63.
287 1648 393 1728 Igitur,
405 1645 502 1727 inquit
513 1646 543 1706 S.
556 1645 723 1724 Cyprianus
734 1643 832 1724 (epist.
842 1648 906 1726 68),
919 1663 956 1706 eo
968 1663 1055 1706 sensu

94 1734 185 1812 populi
200 1743 228 1798 et
243 1735 321 1797 Cleri
334 1734 484 1796 inferioris
497 1749 663 1794 consensus
678 1733 898 1811 requirebatur,
910 1741 943 1794 ut
956 1733 1058 1794 Sacer-

93 1819 145 1895 dos,
156 1824 237 1903 plebe
245 1832 404 1906 presente,
414 1822 466 1885 sub
475 1821 607 1882 omnium
616 1819 709 1881 oculis
718 1819 905 1900 delr'peretur,
915 1830 944 1883 et
953 1821 1067 1904 dipuuc
1097 1890 1101 1896 ,

93 1917 172 1990 utque
184 1911 305 1974 idoneus
314 1911 437 1994 publico
450 1909 613 1973 testimonio
627 1909 876 1990 comprobaretur.

128 2017 189 2078 Non
205 2019 332 2080 omnino
343 2025 484 2080 constans
494 2015 560 2090 fuit,
573 2035 607 2078 ac
617 2015 777 2078 uniformis
791 2016 822 2077 in
836 2019 898 2078 tota
913 2017 1056 2089 Ecclesia,

94 2105 208 2180 praelata
221 2107 377 2170 electionis
387 2107 483 2168 torma
499 2125 506 2167 :
523 2123 609 2178 nam,
630 2105 660 2166 in
675 2106 812 2177 Oriente,
829 2105 872 2168 sic
889 2103 1064 2166 modificata..

94 2188 142 2252 luit
152 2191 168 2254 a
178 2195 348 2258 iustiniano
358 2194 503 2274 (Nouell,
516 2197 585 2267 t23‚
598 2212 626 2254 c.
638 2193 663 2275 l)
678 2212 686 2254 :
702 2195 889 2256 uSancimus
903 2199 934 2256 ut
944 2192 1059 2273 quoties

97 2299 200 2362 ‘opus
224 2283 314 2346 luerit
339 2285 524 2366 Episcopum
550 2282 698 2358 ordinari,
726 2282 829 2343 Clerici
859 2288 888 2343 et
913 2282 1067 2343 Primores.

98 2369 271 2448 «civitatis,
296 2373 383 2451 quus
406 2380 451 2434 est
472 2372 640 2452 Episcopus
666 2369 873 2443 ordinandus,
902 2369 940 2430 de
965 2368 1065 2428 tribus.

98 2475 110 2510 r
128 2461 263 2538 personis
279 2459 399 2522 decreta
414 2460 540 2536 faciant,
557 2459 692 2519 dicentes
706 2457 803 2538 qubd,
827 2477 925 2538 neque
940 2460 1065 2537 propter

99 2565 111 2601 r
129 2549 305 2627 amicitiam,
320 2567 437 2630 neque,
453 2559 537 2611 etc...
553 2548 608 2609 bos
622 2547 783 2628 elegerint,
808 2552 842 2608 ut
855 2546 963 2607 melior
979 2543 1059 2605 ordi-

99 2642 213 2698 rnetur
231 2637 377 2700 electione
400 2646 428 2699 et
452 2637 585 2718 periculo
606 2637 822 2698 Oromenus.»
849 2638 880 2696 ln
900 2633 1066 2696 Occidente

95 2728 201 2800 autem,
217 2745 285 2788 mos
300 2727 441 2797 invaluit,
459 2726 623 2807 praesertim
638 2732 705 2806 post
720 2725 915 2786 barbarorum
932 2722 1060 2784 invasio·

96 2826 176 2884 uem,
197 2815 356 2896 expetendi
381 2817 460 2896 regis
482 2832 682 2887 consensum,
707 2821 741 2875 ut
764 2821 845 2894 patet
867 2831 904 2874 ex
926 2811 1069 2892 pluribus

96 2902 253 2965 canonibus
267 2905 284 2964 lt
299 2904 439 2965 Gratiano
454 2904 569 2978 relatis,
583 2903 652 2964 dist.
669 2904 720 2964 63.

130 3007 278 3089 Quidquid
293 3009 331 3070 sit
344 3008 382 3070 de
393 3009 451 3082 his,
467 3009 498 3068 in
512 3007 568 3069 bac
582 3007 715 3088 epocha,
732 3006 907 3088 regulariter
923 3005 1061 3085 Episcopi
1118 3029 1119 3032 ¹

97 3093 246 3159 orientales
269 3115 330 3158 non
351 3097 566 3158 ordinabantur
587 3098 702 3178 absque
723 3095 963 3157 Patriarchurum
988 3110 1066 3154 con-

97 3195 180 3245 sensu
193 3189 223 3246 ¹:
240 3185 361 3266 ipsimet
375 3185 553 3247 Patriarchae
567 3185 829 3247 confirmationem
844 3187 861 3244 a
876 3182 953 3243 Sede
973 3184 1066 3259 Apos-

126 3423 133 3450 ⁸
149 3438 159 3466 ι
175 3425 281 3488 Antiqua
294 3423 449 3474 consuetudo
461 3429 573 3473 servetur
585 3437 627 3487 per
642 3421 789 3486 AEgyptum,
808 3418 921 3483 tybrum,
936 3422 959 3466 et
973 3417 1065 3465 Penta·

99 3503 108 3531 ⁸
123 3491 194 3552 polim
204 3510 211 3554 ;
223 3495 256 3543 itai
269 3501 297 3543 ut
314 3494 492 3544 alexandrinus
506 3494 641 3558 Episcopus
653 3492 763 3542 omnium
777 3490 865 3539 borum
878 3486 966 3538 babeat
980 3494 1065 3550 potes·

99 3566 210 3626 «tatem,
232 3565 289 3630 quia
314 3572 338 3615 et
358 3564 429 3617 Urbis
451 3565 534 3614 Rome
558 3565 679 3628 Episcopo
701 3563 793 3626 pariter
811 3573 864 3609 mos
882 3565 928 3608 est.
947 3558 1066 3607 Similiter

100 3647 108 3674 ι
124 3639 203 3684 autem
220 3643 244 3685 et
267 3636 333 3700 apud
354 3635 507 3686 Antiochiam
529 3643 680 3700 caeterasque
704 3632 859 3695 provincias,
873 3630 925 3679 suis
938 3627 1064 3693 privilegia

99 3715 108 3743 ι
124 3711 247 3755 serventur·
259 3706 407 3758 Ecclesiis...
421 3707 446 3757 Si
461 3707 515 3771 quis
526 3711 617 3770 proeter
630 3707 778 3755 sententium
793 3701 975 3766 Metropolitum
989 3699 1069 3759 [uerat

99 3786 106 3812 ¹
123 3771 197 3830 suctus
210 3778 351 3842 Episcopus,
366 3779 430 3827 bunc
444 3779 531 3840 lloqnc
543 3777 655 3840 Sunorlrrs
668 3775 777 3825 delinivit
790 3774 936 3838 Episcopum
950 3781 1066 3819 essenon
