2526 4210
493 258 580 302 uranu
601 255 719 301 paruus.
1039 232 1094 298 eri

115 349 354 432 dehonestate,
374 362 405 418 et
428 356 515 437 plura
536 355 602 417 sine
624 348 747 414 illorum
775 351 900 415 consilio
920 352 1096 434 expediunt.

159 438 238 501 Sede
260 441 330 503 verd
347 451 483 522 vacante,
500 443 538 506 ad
556 443 637 524 ipsos
654 441 796 524 pertinet,
818 446 851 502 ut
868 441 932 518 jam
954 440 1097 518 diximus,

116 527 151 590 S.
165 527 325 591 Pontificis
338 531 444 594 electio
459 579 468 609 ,
484 540 513 594 et
527 532 641 593 interea
653 529 795 592 Ecclesiae
808 527 943 590 defensio
957 536 987 590 et
1006 529 1097 591 admi·

117 615 269 704 nistratio.
282 619 349 680 Non
370 625 473 682 tamen
490 619 529 682 ad
547 620 628 701 ipsos
649 618 778 699 pertinet
798 635 833 678 ea
844 615 1012 694 jurisdictio
1031 633 1100 699 qua

116 706 151 767 S.
176 703 316 768 Pontifici
336 707 463 770 omnino
483 708 605 790 propria
624 711 688 768 est:
704 705 787 768 unde
807 723 869 765 non
891 704 1035 768 innovare
1051 707 1096 770 de
1129 716 1131 720 ’

117 792 205 870 bent,
222 793 275 855 sed
295 813 364 876 quae
379 815 493 876 urgens
507 795 668 860 necessitas
682 813 743 856 non
757 793 898 876 postulat,
911 792 1012 856 luturo
1025 794 1089 857 Pon

118 880 197 944 titici
210 887 281 943 sunt
292 885 483 946 reservanda.

163 969 243 1030 Licet
254 977 354 1036 autem
370 972 647 1054 Congregationum
662 969 866 1034 Cardinalium
878 969 1032 1034 facultates
1047 989 1101 1052 per

120 1057 239 1122 obitum
259 1060 349 1144 Papae
367 1079 428 1122 non
443 1061 600 1143 expirent,
615 1067 733 1136 tamen,
750 1059 828 1121 Sede
847 1067 982 1134 vacante,
998 1061 1100 1123 cardi·

119 1145 242 1208 nalibus
263 1148 294 1209 in
315 1149 449 1210 conclavi
471 1149 677 1228 manentibus,
699 1148 810 1210 debent
832 1148 1049 1228 conquiescere
1072 1156 1102 1212 et

117 1233 286 1296 dormitare
300 1236 400 1315 quoad
413 1238 532 1318 negotia
544 1235 593 1299 illa
605 1243 636 1298 et
648 1255 776 1312 causas,
792 1253 860 1316 quae
876 1235 907 1296 in
928 1237 1100 1318 Congrege-

118 1321 206 1384 tione
219 1323 420 1404 expediuntur
436 1345 489 1406 per
504 1325 757 1407 subscriptionem
775 1323 940 1385 Cardinalis
954 1323 1100 1404 Praefecti,

118 1429 178 1474 seu
208 1409 344 1474 habentis
369 1413 524 1494 sigillum,
548 1413 606 1476 nisi
635 1414 716 1492 iusta
742 1430 833 1474 causa
854 1412 939 1474 aliter
958 1414 1099 1492 postulet.

121 1498 250 1579 Negotia
264 1518 332 1580 quaa
346 1501 377 1561 in
392 1502 549 1564 communi
564 1501 661 1563 forma
676 1503 694 1562 a
707 1500 771 1562 solo
787 1499 953 1561 Secretario
967 1501 1102 1582 expediri

121 1587 234 1662 solent,
250 1596 377 1667 possunt
390 1591 481 1651 etiam
495 1589 630 1670 expediri
644 1588 722 1651 Sede
735 1593 870 1649 vacante.

169 1677 238 1736 aln
263 1675 410 1739 electione
433 1677 567 1757 plurium
590 1677 642 1740 SS.
665 1675 847 1737 Pontificum
866 1679 895 1735 et
915 1691 989 1736 casu
1007 1674 1103 1738 schis-

127 1785 144 1824 ι
167 1763 266 1840 matis,
284 1765 492 1828 cardinalibus
507 1765 575 1828 licet
589 1764 758 1828 Concilium
769 1781 877 1842 eogere
891 1769 921 1824 et
934 1769 1105 1828 controver·
1156 1795 1159 1808 ·

126 1852 241 1914 esiam
268 1846 458 1915 decidere.»
493 1853 713 1934 Plettemberg‚
740 1852 837 1916 Notit.
871 1850 1038 1934 conyzae,
1067 1872 1102 1916 ex

123 1942 229 2003 const.
247 1940 362 2003 Nicolai
380 1943 416 2003 ll.
437 1942 516 2014 Quin
534 1941 648 2005 eisdem
671 1941 741 2004 licet
762 1939 942 2002 Pontificem
961 1941 1101 2021 pecunia,

123 2035 209 2091 metu
223 2035 273 2090 aut
289 2028 389 2091 lavore
404 2030 554 2094 intrusum
572 2029 722 2112 expellere
735 2031 813 2110 (cap.
829 2028 867 2091 Si
885 2028 953 2110 quis
964 2029 1102 2110 pecunie,
1126 2085 1128 2088 .

123 2117 279 2196 nisena).

166 2204 340 2268 cardinales
354 2225 416 2268 non
429 2212 500 2270 sunt
511 2208 640 2289 cogendi
653 2208 765 2270 intrare
779 2207 811 2268 in
826 2204 984 2284 conclave,
999 2206 1056 2267 nisi
1070 2206 1103 2268 in

121 2313 199 2358 casu
212 2313 274 2375 quo
287 2295 389 2357 nullus
401 2296 490 2358 vellet
502 2295 630 2372 intrare,
645 2297 692 2358 vel
709 2296 741 2357 in
755 2313 827 2358 casu
842 2312 915 2375 quo,
932 2312 994 2355 uon
1008 2295 1105 2358 eleeto

121 2383 293 2459 Pontifiee,
309 2401 416 2446 omnes
435 2384 525 2446 simul
540 2384 586 2446 vel
608 2384 776 2446 successive
799 2383 881 2444 exire
901 2383 1102 2464 contingeret.

122 2471 220 2534 clem.
237 2469 407 2548 DeEleet.‚
423 2491 490 2554 cap.
505 2472 554 2536 Ne
567 2472 707 2550 Romani,
722 2471 859 2552 §Porrd

164 2563 234 2623 368.
257 2561 380 2632 Quaerit.
395 2563 428 2623 3ο
443 2563 588 2634 Quaenam
601 2561 661 2623 sint
673 2559 827 2642 privilegia
840 2565 869 2622 et
884 2557 1016 2642 insignia
1026 2561 1101 2624 car·

121 2648 299 2712 dinaliunrl

165 2739 254 2819 Resp.
270 2740 294 2801 Ι.
310 2739 443 2820 Longius
454 2745 532 2802 esset
545 2757 724 2803 enumerare
738 2739 841 2802 omnia
850 2737 1018 2821 priuileqio
1031 2739 1101 2804 cen*

119 2827 276 2890 dinalibus
289 2845 453 2904 concessa3
470 2827 598 2890 sufficiat
610 2827 721 2891 referre
734 2829 891 2908 sequentia
906 2846 916 2887 t

165 2919 196 2978 l⁰
213 2916 342 2978 Possunt
354 2924 510 2978 tonsuram
524 2923 555 2979 et
569 2917 702 2979 minores
716 2918 839 2980 ordines
853 2916 916 2979 suis
929 2915 1058 2978 subditis
1071 2935 1088 2978 e

120 3003 320 3068 familiaribus
334 3004 472 3067 conterre
489 3006 521 3067 in
539 3006 601 3072 suis
619 3005 727 3085 titulis,
742 3006 797 3068 etsi
811 3011 962 3070 caractere
978 3004 1099 3085 episeo-

122 3093 184 3176 pali
199 3093 333 3174 insigniti
349 3112 411 3155 non
425 3094 496 3156 sint.

162 3183 195 3245 2⁰
209 3182 358 3244 Cardinali
378 3183 521 3246 asserenti
535 3181 649 3265 aliquid
668 3181 760 3246 fuisse
774 3186 875 3245 actum
895 3180 926 3243 in
940 3183 1102 3262 praesentit

120 3271 228 3352 Papae‚
244 3271 292 3333 vel
303 3270 415 3334 dicenti
428 3271 484 3333 sibi
496 3320 504 3344 ,
518 3271 593 3335 vivre
607 3271 689 3335 vocis
705 3270 845 3343 oraculo,
858 3269 973 3352 aliquid
988 3272 1101 3355 aPapt

118 3359 301 3424 mandatum
315 3359 419 3439 luisse,
434 3360 515 3423 credi
528 3360 628 3424 debet.

159 3459 194 3521 3⁰
215 3457 374 3538 Privilegia
398 3457 566 3539 generatim
588 3457 746 3539 Episcopis
768 3475 911 3521 concessa
935 3456 973 3519 ad
995 3458 1098 3521 cardi-

118 3546 206 3610 nales
232 3548 353 3609 extendi
376 3547 496 3610 debent.
517 3549 575 3610 Pro
598 3548 663 3610 aliis
686 3546 891 3610 cardinalium
918 3547 1096 3631 privilegiis,

119 3636 190 3702 vide
203 3636 348 3712 Ferraris,
364 3644 395 3699 r·
411 3635 591 3715 cardinalis,
606 3642 661 3700 art.
677 3641 708 3700 d.

159 3735 199 3798 ll.
224 3731 328 3810 Quoad
354 3734 719 3818 insipuzb,el1mdeceat
744 3740 777 3800 ut
802 3735 962 3817 Dignitatis
986 3732 1097 3813 ampli-

934 3835 969 3879 Ἰ..
