2548 4216
490 240 577 286 cruca
599 237 717 282 rnruus.
795 249 798 255 ·
1019 229 1086 298 Ι397

119 360 139 400 ι
159 343 254 420 tuque
271 339 403 419 exceptis
417 338 525 400 diebus
540 337 643 410 lestis,
657 335 857 414 commorari,
875 337 967 400 etlam
985 340 1089 404 relicto

115 454 132 490 a
157 425 190 489 in
201 426 346 508 parochia
360 427 521 489 substituto
537 447 544 486 ε
561 425 634 487 item
648 440 711 484 non
725 423 753 485 ei
766 424 834 486 licet
848 433 998 490 nocturno
1010 428 1089 492 dun-

115 541 132 576 a
157 523 237 578 taxat
249 522 385 595 tempore
395 515 425 576 in
440 513 770 597 parochibbabitareet,
779 511 858 575 dicta
868 514 960 577 misst
970 535 1091 580 summo

116 629 132 663 a
160 621 269 679 mane,
282 603 320 665 ad
334 605 485 666 civitatem
500 603 667 676 redire....,
685 601 822 681 quamvis
841 603 929 664 etiam
947 606 1089 669 substitu-

116 719 132 752 n
160 699 226 754 tum
248 693 279 754 in
301 685 442 774 parochia
457 697 632 754 manentem
646 689 781 752 baberet.
801 693 894 766 Item,
909 692 974 754 vice
988 702 1089 774 versa,

117 805 132 839 a
162 800 224 843 non
243 781 270 842 ei
290 781 359 843 licet
377 788 525 844 nocturno
538 787 691 861 tempore,
707 797 761 857 per
778 779 924 858 majorem
937 784 1009 844 anni
1022 803 1090 860 par-

118 892 135 930 o
161 876 222 932 tem
233 869 391 933 incivitate
406 871 528 944 morari,
541 869 677 947 quamvis
691 869 802 929 diurno
811 869 842 928 in
855 870 995 948 parochia
1004 873 1091 953 dego-

121 981 142 1016 «
161 971 207 1020 rot
229 964 319 1040 alque
344 959 385 1021 ibi
410 959 596 1020 habitantem
622 957 819 1020 substitutum
847 956 970 1022 haberet
990 981 1021 1023 a.
1052 964 1092 1025 lta

116 1047 288 1112 decisumb
304 1048 334 1110 S.
351 1049 384 1110 G.
401 1049 507 1120 Conc,
524 1051 562 1110 lb
576 1045 647 1108 maii
662 1049 750 1108 1687.

168 1157 184 1194 u
203 1137 329 1208 Quando
341 1137 491 1216 parochus
505 1135 619 1216 absque
634 1135 766 1215 legitima
776 1136 866 1196 causa
879 1153 938 1197 non
952 1137 1094 1203 habitavit
1177 1189 1180 1196 .

123 1247 144 1282 a
165 1224 196 1284 in
209 1223 301 1285 domo
313 1224 488 1304 parochiali,
504 1223 556 1286 sed
572 1223 667 1285 inalib
682 1225 761 1284 intra
775 1225 851 1286 lines
864 1225 1024 1304 parochiae,
1039 1231 1093 1290 etsi

123 1335 145 1372 a
165 1318 270 1374 contra
288 1320 474 1396 praueptum
497 1311 667 1376 residentiae
690 1312 873 1392 peccaverit,
904 1333 966 1377 non
992 1323 1093 1380 tamen

123 1424 146 1460 (ι
165 1406 284 1463 tenetur
303 1402 340 1462 ad
354 1401 508 1465 fructuum
526 1402 767 1474 restitutionem;
787 1408 877 1481 alque
892 1402 971 1463 idem
992 1404 1095 1468 dicen-

125 1514 145 1547 «
166 1490 241 1550 dum
256 1489 371 1552 videtur
386 1490 411 1551 si
423 1490 599 1554 habitaverit
613 1498 694 1550 extra
707 1489 857 1569 parochiae
869 1490 990 1564 limites,
1004 1495 1095 1556 modb

129 1602 146 1636 o
169 1577 382 1640 necessariaad
395 1597 499 1640 cur-am
510 1577 688 1660 praestilerit.
705 1579 738 1638 ln
751 1584 880 1657 utroque
894 1597 977 1653 casu,
994 1581 1017 1642 si
1027 1583 1091 1660 jus·
1141 1587 1143 1590 ’

124 1690 146 1725 a
168 1685 220 1728 sus
234 1666 271 1726 ab
287 1666 436 1747 Episcopo
450 1673 483 1728 ul
492 1665 593 1728 debito
603 1665 1093 1746 locobabitaret,parererenuerit.

125 1779 148 1814 a
169 1755 305 1817 mulctari
330 1762 467 1836 polest.»
495 1757 536 1816 lta
560 1755 667 1827 Bouix,
692 1753 783 1829 ibid,
808 1773 838 1835 p.
864 1758 965 1818 abaci
980 1761 1050 1822 563.

169 1847 239 1906 5l0.
263 1843 385 1914 Ouaerit.
407 1845 440 1905 9⁰
467 1841 626 1914 Quomodo
647 1844 786 1903 amittant
805 1841 921 1905 fructus
938 1846 983 1906 sui
1006 1846 1096 1911 bene·

123 1932 190 1995 ticli
204 1931 327 2012 parochi
342 1950 403 1992 non
413 1930 599 1993 residentes?

169 2021 259 2101 Resp.
276 2019 445 2094 Parochos‚
462 2019 539 2082 ultra
552 2019 696 2084 bimestre
710 2019 848 2082 absentes
863 2021 928 2084 sine
939 2025 1097 2087 sufficienti

121 2111 220 2172 causa
234 2155 241 2183 ,
256 2107 373 2189 fructus
385 2127 449 2168 snos
461 2127 518 2190 pro
532 2107 600 2168 ratri
615 2107 753 2189 temporis
767 2107 896 2170 absentiat
912 2131 969 2172 non
982 2113 1094 2193 fucere.

128 2219 180 2260 nec
191 2199 255 2261 tutd
266 2196 441 2258 eonscientid
450 2196 528 2258 (olid
536 2198 624 2258 etiam
634 2195 828 2258 declaratione
841 2217 898 2258 non
910 2201 1021 2284 secaret)
1034 2202 1101 2264 ilios

123 2286 189 2348 arbi
202 2288 332 2348 detinere
347 2305 442 2367 posse,
456 2283 505 2348 sed
522 2285 625 2358 teneri,
642 2285 714 2364 ipsis
730 2303 790 2345 nnn
807 2288 1031 2367 praestantibus,
1044 2311 1100 2374 per

122 2377 303 2458 superiorem
318 2375 542 2440 ecclesiasticum
554 2373 625 2436 illos
632 2371 756 2454 fabrice
765 2373 1014 2452 ecclesiarum,ch
1024 2398 1099 2461 pau-

125 2465 251 2549 peribus
266 2464 324 2525 loci
342 2483 472 2545 cropore.
491 2462 521 2524 ld
536 2469 653 2524 constat
670 2481 707 2525 ex
725 2463 818 2524 (lonc.
837 2463 917 2526 Trid.
935 2462 1021 2546 (sess
1040 2472 1097 2532 23.

120 2572 197 2634 cap.
221 2557 250 2631 l,
265 2551 405 2634 lleres.);
429 2559 588 2633 postquam
603 2550 684 2612 enim
699 2550 756 2612 hoc
772 2552 803 2612 S.
820 2551 977 2631 Synodus,
993 2563 1095 2620 contra

116 2643 297 2724 ¹Episcopos
309 2641 386 2703 ultra
399 2641 549 2702 trimestre
560 2657 621 2702 non
632 2638 809 2716 residentes,
820 2641 930 2712 statuit,
943 2643 985 2706 sic
998 2644 1096 2708 addit:

126 2753 148 2790 a
170 2729 284 2792 Eadem
313 2728 456 2805 omninb,
486 2728 576 2790 eliam
601 2726 702 2809 quoad
722 2727 842 2809 culpam
865 2727 930 2809 (sed
949 2731 998 2793 hle
1022 2733 1098 2796 ultra

130 2841 150 2880 a
171 2817 346 2899 bimestre),
361 2817 557 2880 amissionem
572 2817 781 2894 fructuum...,
798 2817 960 2881 deauratis
976 2821 1097 2886 inferio-

128 2931 147 2968 r
169 2907 295 2970 ribus...
312 2909 507 2969 Sacrosancta
521 2905 661 2988 Synodus
671 2905 800 2968 declarat
815 2914 845 2968 et
858 2908 993 2970 decernit
1007 2933 1036 2974 a.

170 2996 202 3058 si
219 2995 335 3057 abesset
349 2993 499 3076 parochus
513 3011 584 3056 cum
596 2993 674 3074 justa
688 2995 779 3056 causa
792 3041 800 3070 ,
814 2994 866 3056 sed
881 2996 946 3056 sine
958 2997 1097 3072 licentia,

124 3098 192 3147 non
220 3089 374 3147 teneretur
406 3081 445 3145 ad
475 3081 695 3145 restitutionem
723 3081 878 3143 fructuum
898 3089 968 3144 ante
990 3085 1100 3164 judicis

121 3173 322 3237 sententiam.

170 3262 201 3324 Si
215 3262 288 3323 verb
304 3257 453 3341 parochus
468 3257 622 3320 bonafide
643 3258 758 3320 abesset
773 3257 849 3319 ultra
869 3258 1008 3321 bimestre
1028 3279 1099 3324 cum

122 3345 1097 3428 existimationecausaesuflicientis,quaereverbtalisnonesset,

128 3435 279 3520 quidquid
300 3436 401 3498 dicant
418 3439 451 3496 in
472 3437 658 3498 contrarium
675 3433 746 3496 Viva
764 3443 793 3495 el
807 3435 942 3511 Garcias,
962 3433 1098 3502 excusari

119 3545 192 3591 non
207 3531 320 3606 potest,
334 3526 418 3604 juxta
432 3525 464 3585 S.
480 3524 620 3604 Liguor„
635 3522 673 3585 ab
686 3523 868 3604 obligatione
881 3523 996 3587 fructus
1010 3528 1096 3590 resti·

120 3613 234 3679 tuendi
249 3613 312 3690 (lib.
327 3617 414 3690 l,n⁰
429 3616 503 3688 lm,
517 3610 588 3673 dub.
605 3613 645 3688 2).

168 3701 406 3764 controvertitur
420 3706 520 3762 autem
537 3706 639 3761 utrum
653 3701 691 3760 sit
705 3697 847 3779 obligatio
861 3716 967 3762 omnes
983 3699 1095 3762 fructus
