2548 4216
472 263 559 305 urana
579 258 698 304 narnus.
1018 243 1074 300 383

100 357 246 438 {egialiter
268 357 390 431 vivunt;
413 357 551 419 tertiariae
570 375 638 437 quae
658 372 730 417 cum
754 351 857 414 babitu
879 351 1033 414 tertiarum
1048 365 1079 415 et

102 454 174 510 voto
189 444 332 506 eastitatis
347 445 540 524 collegialiter
553 448 667 509 vivunt.

147 533 278 594 Advenae
293 551 347 594 seu
364 532 516 613 hospites,
537 535 648 615 aliique
660 552 733 596 casu
747 530 929 594 decedentes
943 529 975 591 in
988 548 1077 611 regu·

102 621 212 683 larium
234 620 450 696 conventibus,
473 623 531 684 nisi
554 623 698 703 elegerint
725 621 837 683 ibidem
866 618 1078 698 sepulturam,

102 709 269 790 sepeliendi
290 716 361 769 sunt
379 709 417 770 de
433 710 502 788 jure
522 711 679 773 communi
693 710 724 771 in
748 706 909 790 parochiali
926 724 1017 786 :cap
1043 706 1079 766 In

102 796 206 859 hosted
217 801 265 870 ro,
278 798 321 858 De
333 795 516 880 Sepulturis.
527 803 570 862 lta
584 799 702 862 censuit
714 801 744 862 S.
759 799 791 860 G.
803 798 895 860 Cone.
907 795 939 857 in
949 794 1078 876 deponet,

103 885 214 950 afehr.
231 891 318 948 1652.

146 973 263 1036 Infirmi
292 975 324 1035 in
346 973 484 1056 hospitali
506 979 619 1060 absque
643 979 788 1041 electione
811 975 973 1056 sepulturae
993 971 1081 1035 dece-

104 1063 233 1135 denteS,
256 1062 373 1144 sepeliri
394 1075 520 1143 possunt
538 1068 575 1128 ab
595 1067 750 1148 hospitalis
764 1073 879 1127 rectore
896 1071 923 1124 et
936 1062 967 1124 in
982 1062 1081 1124 ecele-

106 1153 154 1214 sid
180 1151 319 1232 hospitali
346 1155 484 1231 annexa,
513 1157 537 1216 si
566 1156 722 1238 privilegio
750 1153 919 1237 sepulturas
952 1147 1082 1212 habendi

106 1241 219 1302 donata
233 1245 281 1302 sit.

149 1328 287 1392 Officium
301 1349 392 1411 super
406 1330 599 1394 cadaveribus
613 1333 645 1395 in
666 1333 800 1396 ecclesiis
814 1330 997 1412 regularium
1017 1329 1081 1390 fieri

106 1417 220 1480 debere
234 1437 288 1498 per
301 1420 384 1500 ipsos
403 1421 574 1500 regulares,
592 1442 653 1485 non
669 1429 770 1485 aulem
787 1439 838 1500 per
853 1420 929 1480 alios
942 1426 1080 1490 curatos,

107 1507 201 1568 etiam
222 1506 458 1584 cathedralium,
482 1528 543 1570 non
562 1510 699 1572 obstante
717 1511 911 1590 quacumque
934 1505 1083 1567 contraria

106 1595 345 1672 consuetudine,
361 1596 522 1659 declaravit
536 1599 566 1659 S.
584 1600 693 1679 Congr.
708 1600 783 1674 Rit,
799 1600 837 1658 10
849 1596 924 1658 febr.
942 1598 1030 1657 1629.

151 1684 277 1756 Quando
291 1683 452 1746 defunctus
466 1685 616 1748 saecularis
629 1686 796 1749 tumulatur
810 1685 841 1746 in
855 1684 980 1747 ecclesie
994 1703 1082 1761 regu·

110 1775 236 1849 larium,
252 1775 314 1834 tam
326 1772 474 1854 parochus
486 1776 577 1854 quam
589 1775 757 1856 regulares,
773 1774 804 1834 in
817 1792 947 1854 quorum
959 1774 1084 1835 ecclesia

110 1861 145 1923 fit
159 1863 330 1942 sepultura,
346 1869 472 1943 possunt
490 1864 667 1944 respectivas
688 1882 793 1926 earum
807 1863 1001 1926 ecclesiarum
1016 1864 1083 1944 pul·

110 1970 179 2013 sare
193 1969 365 2030 campanas.
384 1954 424 2011 lta
437 1953 467 2012 S.
482 1953 591 2032 Cougr.
609 1954 666 2013 Rit.

152 2042 222 2100 525.
237 2039 320 2100 -ΙΙ,
337 2039 391 2100 lus
404 2038 557 2119 funeribus
571 2041 794 2103 interveniendi.
807 2074 845 2088 -
865 2044 920 2104 Jus
934 2041 1023 2101 habet
1038 2059 1083 2120 pa·

111 2128 226 2189 rochus
240 2127 473 2202 interveniendi,
497 2129 559 2190 irnd
573 2135 694 2191 vocatus
708 2137 826 2192 tenetur
839 2129 1019 2190 intervenire
1034 2148 1085 2208 pa·

112 2215 327 2278 rochiauorum
342 2234 474 2278 suorum
498 2217 676 2297 sepulturae,
698 2214 790 2280 etiarn'
809 2218 840 2278 in
855 2216 891 2278 iis
905 2217 1039 2294 casibus,
1055 2218 1086 2278 iu

111 2304 225 2386 quibus
240 2322 302 2366 non
318 2304 407 2366 habet
418 2305 468 2383 jus
481 2323 532 2366 eos
550 2305 723 2385 sepeliendi.
742 2304 829 2378 Quod
850 2307 890 2366 ita
904 2312 1084 2379 est-verum,

112 2393 156 2456 ait
168 2391 353 2469 Leurenius,
373 2399 434 2454 out
448 2392 517 2455 licet
530 2395 548 2456 d
560 2392 703 2456 defuncto
714 2395 787 2471 jussi
803 2394 863 2456 sint
881 2394 1017 2456 advocari
1032 2394 1087 2457 soli

116 2505 134 2542 o
155 2481 309 2562 regulares
321 2481 359 2542 ad
373 2482 580 2562 sepeliendum
594 2482 735 2557 cadaver,
756 2483 926 2546 nullatenus
940 2482 1088 2563 parochus

117 2591 135 2631 u
156 2570 194 2632 sit
214 2569 469 2643 excludendus...‚
490 2571 574 2648 juxta
588 2570 821 2632 declarationem
840 2573 977 2651 Congr...
997 2570 1088 2652 Epis-

118 2676 341 2740 «coporum...
367 2661 441 2720 item
469 2665 503 2720 ut
528 2659 717 2740 regulares...
747 2658 813 2722 sind
839 2659 970 2740 parocho
998 2659 1088 2722 funus

118 2770 135 2808 o
156 2765 300 2829 peragere
315 2753 467 2829 nequeant
486 2752 570 2809 extra
583 2765 652 2810 suas
665 2747 806 2810 ecclesias
820 2755 853 2810 ut
872 2747 910 2810 ad
924 2749 988 2810 illas
1001 2749 1089 2811 cada·

117 2859 135 2897 c
155 2855 208 2899 ver
221 2837 362 2912 ducatur,
377 2836 449 2918 quia
463 2842 540 2900 esset
553 2853 694 2900 exercere
701 2835 944 2918 jurisdictionem
956 2837 988 2899 in
1002 2838 1090 2900 terri-

119 2925 236 2988 «torio
254 2923 392 3006 parochi,
416 2925 449 2986 in
470 2943 531 3006 quo
554 2924 596 2987 illi
618 2927 669 3005 jus
688 2926 809 2989 nullum
833 2926 962 3001 habent,
986 2933 1091 3004 utpote

120 3014 353 3078 «constrictum
374 3011 413 3076 ad
437 3013 620 3077 territorium
644 3015 780 3096 ipsorum
806 3014 981 3094 proprium,
1010 3014 1092 3093 quod

120 3125 137 3164 a
158 3102 294 3166 consistit
316 3102 398 3164 iutra
414 3111 493 3184 septu
515 3096 707 3165 et'embitum
721 3102 930 3164 monosterii.»
948 3100 1090 3184 (Leuren.

116 3192 231 3256 Forum
246 3190 350 3272 denefl,
368 3209 437 3273 pars
450 3195 492 3268 1¹,
508 3211 539 3272 q.
554 3192 642 3266 453.)
734 3257 736 3262 ,

159 3281 278 3343 Debent
294 3281 447 3362 regulares
460 3280 556 3343 vocati
569 3279 608 3342 ad
621 3281 713 3344 t'uuus
725 3278 936 3343 associandum
951 3278 1095 3342 accedere

118 3368 159 3433 ad
173 3369 330 3432 ecclesiam
346 3368 567 3450 parochialem,
582 3373 613 3432 et
626 3368 736 3432 exinde
756 3387 827 3432 cum
842 3368 975 3449 parocho
989 3368 1026 3429 ad
1040 3369 1095 3430 do·

118 3476 208 3522 mum
218 3476 256 3520 ex
266 3459 327 3538 qua
338 3457 556 3538 exportandum
569 3463 614 3520 est
624 3457 750 3522 cadaver
764 3475 797 3520 sc
807 3458 956 3532 conferre,
967 3457 1026 3519 nisi
1040 3457 1098 3521 alia

119 3553 201 3612 esset
213 3546 401 3609 consuetudo
414 3546 446 3606 in
462 3545 599 3611 ecclesia.
616 3579 654 3594 -
670 3545 716 3606 Ad
729 3545 786 3608 hoc
799 3553 900 3608 autern
915 3564 976 3607 non
990 3551 1097 3608 tenen·

118 3644 172 3702 tur
198 3634 337 3698 canonici
361 3633 544 3696 cathedralis
569 3631 771 3718 capitulariter
795 3635 968 3699 incedentes
990 3652 1000 3697 z
1012 3635 1098 3714 juxta

119 3724 311 3788 decisionem
326 3724 357 3786 S.
373 3724 406 3785 G.
421 3722 556 3785 Rituum.
982 3779 1041 3832 w,

290 3883 333 3897 .·-·.
362 3876 405 3895 'mr‘
441 3875 545 3895 'sm-m*
589 3877 593 3881 '
