<?xml version="1.0" encoding="UTF-8"?>
<!DOCTYPE html PUBLIC "-//W3C//DTD XHTML 1.0 Transitional//EN"
    "http://www.w3.org/TR/xhtml1/DTD/xhtml1-transitional.dtd">
<html xmlns="http://www.w3.org/1999/xhtml" xml:lang="en" lang="en">
 <head>
  <title>
</title>
<meta http-equiv="Content-Type" content="text/html;charset=utf-8" />
  <meta name='ocr-system' content='tesseract 3.04.00' />
  <meta name='ocr-capabilities' content='ocr_page ocr_carea ocr_par ocr_line ocrx_word'/>
</head>
<body>
  <div class='ocr_page' id='page_1' title='image "./elementajurisca01craigoog_0026.png"; bbox 0 0 2616 4228; ppageno 0'>
   <div class='ocr_carea' id='block_1_1' title="bbox 477 291 1109 348">
    <p class='ocr_par' dir='ltr' id='par_1_1' title="bbox 477 291 1109 348">
     <span class='ocr_line' id='line_1_1' title="bbox 477 291 1109 348; baseline 0.011 -8"><span class='ocrx_word' id='word_1_1' title='bbox 477 295 569 340; x_wconf 75' lang='lat' dir='ltr'><strong>carna</strong></span> <span class='ocrx_word' id='word_1_2' title='bbox 590 297 777 348; x_wconf 76' lang='lat' dir='ltr'><strong>anconiscis.</strong></span> <span class='ocrx_word' id='word_1_3' title='bbox 1083 291 1109 347; x_wconf 65' lang='lat' dir='ltr'><strong>&#39;t</strong></span> 
     </span>
    </p>
   </div>
   <div class='ocr_carea' id='block_1_2' title="bbox 138 395 1115 568">
    <p class='ocr_par' dir='ltr' id='par_1_2' title="bbox 138 395 1115 568">
     <span class='ocr_line' id='line_1_2' title="bbox 138 395 1113 484; baseline 0.004 -22"><span class='ocrx_word' id='word_1_4' title='bbox 138 424 153 462; x_wconf 80' lang='lat' dir='ltr'><strong>c</strong></span> <span class='ocrx_word' id='word_1_5' title='bbox 177 395 287 480; x_wconf 75' lang='lat' dir='ltr'><strong>gendac</strong></span> <span class='ocrx_word' id='word_1_6' title='bbox 300 395 384 456; x_wconf 87' lang='lat' dir='ltr'><strong>aliter</strong></span> <span class='ocrx_word' id='word_1_7' title='bbox 393 395 485 474; x_wconf 76' lang='lat' dir='ltr'><strong>quam</strong></span> <span class='ocrx_word' id='word_1_8' title='bbox 494 412 548 475; x_wconf 90' lang='lat' dir='ltr'><strong>per</strong></span> <span class='ocrx_word' id='word_1_9' title='bbox 558 395 733 478; x_wconf 87' lang='lat' dir='ltr'><strong>mediaquae</strong></span> <span class='ocrx_word' id='word_1_10' title='bbox 742 403 1113 484; x_wconf 76' lang='lat' dir='ltr'><strong>pendenttpersuasione,</strong></span> 
     </span>
     <span class='ocr_line' id='line_1_3' title="bbox 138 482 1115 568; baseline 0.004 -18"><span class='ocrx_word' id='word_1_11' title='bbox 138 512 153 550; x_wconf 81' lang='lat' dir='ltr'><strong>a</strong></span> <span class='ocrx_word' id='word_1_12' title='bbox 178 485 330 568; x_wconf 73' lang='lat' dir='ltr'><strong>quatenns</strong></span> <span class='ocrx_word' id='word_1_13' title='bbox 343 482 479 544; x_wconf 89' lang='lat' dir='ltr'><strong>intendat</strong></span> <span class='ocrx_word' id='word_1_14' title='bbox 493 484 659 546; x_wconf 79' lang='lat' dir='ltr'>Ecclesiam</span> <span class='ocrx_word' id='word_1_15' title='bbox 674 507 729 549; x_wconf 90' lang='lat' dir='ltr'><strong>non</strong></span> <span class='ocrx_word' id='word_1_16' title='bbox 744 489 849 554; x_wconf 80' lang='lat' dir='ltr'><strong>hebere</strong></span> <span class='ocrx_word' id='word_1_17' title='bbox 863 492 998 554; x_wconf 84' lang='lat' dir='ltr'><strong>collatam</strong></span> <span class='ocrx_word' id='word_1_18' title='bbox 1020 491 1081 552; x_wconf 82' lang='lat' dir='ltr'><strong>sibi</strong></span> <span class='ocrx_word' id='word_1_19' title='bbox 1096 492 1115 554; x_wconf 85' lang='lat' dir='ltr'><strong>d</strong></span> 
     </span>
    </p>
   </div>
   <div class='ocr_carea' id='block_1_3' title="bbox 140 572 1118 842">
    <p class='ocr_par' dir='ltr' id='par_1_3' title="bbox 140 572 1118 842">
     <span class='ocr_line' id='line_1_4' title="bbox 140 572 1114 662; baseline 0.003 -23"><span class='ocrx_word' id='word_1_20' title='bbox 140 601 154 639; x_wconf 86' lang='lat' dir='ltr'><strong>c</strong></span> <span class='ocrx_word' id='word_1_21' title='bbox 178 577 242 640; x_wconf 84' lang='lat' dir='ltr'><strong>Deo</strong></span> <span class='ocrx_word' id='word_1_22' title='bbox 252 580 425 656; x_wconf 85' lang='lat' dir='ltr'><strong>potestatem</strong></span> <span class='ocrx_word' id='word_1_23' title='bbox 439 591 495 632; x_wconf 88' lang='lat' dir='ltr'><strong>non</strong></span> <span class='ocrx_word' id='word_1_24' title='bbox 508 572 599 634; x_wconf 88' lang='lat' dir='ltr'><strong>solinn</strong></span> <span class='ocrx_word' id='word_1_25' title='bbox 611 574 762 658; x_wconf 83' lang='lat' dir='ltr'><strong>diripendi</strong></span> <span class='ocrx_word' id='word_1_26' title='bbox 771 599 826 662; x_wconf 85' lang='lat' dir='ltr'><strong>per</strong></span> <span class='ocrx_word' id='word_1_27' title='bbox 838 581 1031 644; x_wconf 83' lang='lat' dir='ltr'><strong>consiliumet</strong></span> <span class='ocrx_word' id='word_1_28' title='bbox 1044 600 1114 642; x_wconf 84' lang='lat' dir='ltr'><strong>snc-</strong></span> 
     </span>
     <span class='ocr_line' id='line_1_5' title="bbox 143 659 1116 748; baseline 0.003 -20"><span class='ocrx_word' id='word_1_29' title='bbox 143 691 155 727; x_wconf 76' lang='lat' dir='ltr'><strong>c</strong></span> <span class='ocrx_word' id='word_1_30' title='bbox 178 667 287 742; x_wconf 80' lang='lat' dir='ltr'><strong>tiones,</strong></span> <span class='ocrx_word' id='word_1_31' title='bbox 301 661 353 724; x_wconf 84' lang='lat' dir='ltr'><strong>sed</strong></span> <span class='ocrx_word' id='word_1_32' title='bbox 361 661 452 722; x_wconf 84' lang='lat' dir='ltr'><strong>etiem</strong></span> <span class='ocrx_word' id='word_1_33' title='bbox 460 659 588 741; x_wconf 77' lang='lat' dir='ltr'><strong>jubendi</strong></span> <span class='ocrx_word' id='word_1_34' title='bbox 594 683 649 744; x_wconf 86' lang='lat' dir='ltr'><strong>per</strong></span> <span class='ocrx_word' id='word_1_35' title='bbox 661 666 753 748; x_wconf 83' lang='lat' dir='ltr'><strong>lepes,</strong></span> <span class='ocrx_word' id='word_1_36' title='bbox 768 688 803 731; x_wconf 89' lang='lat' dir='ltr'><strong>oc</strong></span> <span class='ocrx_word' id='word_1_37' title='bbox 815 669 910 733; x_wconf 86' lang='lat' dir='ltr'><strong>decios</strong></span> <span class='ocrx_word' id='word_1_38' title='bbox 922 679 1116 733; x_wconf 77' lang='lat' dir='ltr'><strong>contumaces·</strong></span> 
     </span>
     <span class='ocr_line' id='line_1_6' title="bbox 142 749 1118 842; baseline 0.003 -25"><span class='ocrx_word' id='word_1_39' title='bbox 142 779 155 817; x_wconf 83' lang='lat' dir='ltr'><strong>c</strong></span> <span class='ocrx_word' id='word_1_40' title='bbox 179 774 236 838; x_wconf 79' lang='lat' dir='ltr'><strong>que</strong></span> <span class='ocrx_word' id='word_1_41' title='bbox 248 750 392 815; x_wconf 78' lang='lat' dir='ltr'><strong>eateriori</strong></span> <span class='ocrx_word' id='word_1_42' title='bbox 398 749 516 831; x_wconf 84' lang='lat' dir='ltr'><strong>jndicio</strong></span> <span class='ocrx_word' id='word_1_43' title='bbox 529 771 564 812; x_wconf 90' lang='lat' dir='ltr'><strong>oc</strong></span> <span class='ocrx_word' id='word_1_44' title='bbox 575 753 741 818; x_wconf 77' lang='lat' dir='ltr'><em>salubribus</em></span> <span class='ocrx_word' id='word_1_45' title='bbox 751 759 845 840; x_wconf 79' lang='lat' dir='ltr'><strong>penis</strong></span> <span class='ocrx_word' id='word_1_46' title='bbox 856 759 1013 836; x_wconf 86' lang='lat' dir='ltr'><strong>coercendi,</strong></span> <span class='ocrx_word' id='word_1_47' title='bbox 1029 769 1118 842; x_wconf 78' lang='lat' dir='ltr'><strong>atque</strong></span> 
     </span>
    </p>
   </div>
   <div class='ocr_carea' id='block_1_4' title="bbox 141 839 1117 994">
    <p class='ocr_par' dir='ltr' id='par_1_4' title="bbox 141 839 1117 994">
     <span class='ocr_line' id='line_1_7' title="bbox 141 839 1117 925; baseline 0.006 -21"><span class='ocrx_word' id='word_1_48' title='bbox 141 867 156 904; x_wconf 83' lang='lat' dir='ltr'><strong>c</strong></span> <span class='ocrx_word' id='word_1_49' title='bbox 178 841 317 925; x_wconf 79' lang='lat' dir='ltr'><strong>copendi:</strong></span> <span class='ocrx_word' id='word_1_50' title='bbox 325 873 363 887; x_wconf 93' lang='lat'>-</span> <span class='ocrx_word' id='word_1_51' title='bbox 373 839 511 902; x_wconf 85' lang='lat' dir='ltr'><strong>inducens</strong></span> <span class='ocrx_word' id='word_1_52' title='bbox 524 841 556 901; x_wconf 88' lang='lat' dir='ltr'><strong>in</strong></span> <span class='ocrx_word' id='word_1_53' title='bbox 567 852 695 924; x_wconf 78' lang='lat' dir='ltr'><strong><em>systema</em></strong></span> <span class='ocrx_word' id='word_1_54' title='bbox 708 845 784 910; x_wconf 79' lang='lat' dir='ltr'><strong>elicis</strong></span> <span class='ocrx_word' id='word_1_55' title='bbox 796 847 968 912; x_wconf 84' lang='lat' dir='ltr'><strong>damnatam</strong></span> <span class='ocrx_word' id='word_1_56' title='bbox 980 856 1015 910; x_wconf 85' lang='lat' dir='ltr'><strong>nt</strong></span> <span class='ocrx_word' id='word_1_57' title='bbox 1023 847 1117 912; x_wconf 77' lang='lat' dir='ltr'><strong>dcere·</strong></span> 
     </span>
     <span class='ocr_line' id='line_1_8' title="bbox 142 933 744 994; baseline 0.002 -2"><span class='ocrx_word' id='word_1_58' title='bbox 142 954 158 992; x_wconf 79' lang='lat' dir='ltr'><strong>c</strong></span> <span class='ocrx_word' id='word_1_59' title='bbox 182 933 317 994; x_wconf 71' lang='lat' dir='ltr'><strong>ticum.»</strong></span> <span class='ocrx_word' id='word_1_60' title='bbox 743 955 744 961; x_wconf 49' lang='lat'>¹</span> 
     </span>
    </p>
   </div>
   <div class='ocr_carea' id='block_1_5' title="bbox 142 1037 1117 1192">
    <p class='ocr_par' dir='ltr' id='par_1_5' title="bbox 142 1037 1117 1192">
     <span class='ocr_line' id='line_1_9' title="bbox 182 1037 1117 1121; baseline 0.006 -20"><span class='ocrx_word' id='word_1_61' title='bbox 182 1039 291 1101; x_wconf 83' lang='lat' dir='ltr'><strong>dlferri</strong></span> <span class='ocrx_word' id='word_1_62' title='bbox 303 1037 427 1118; x_wconf 83' lang='lat' dir='ltr'>insuper</span> <span class='ocrx_word' id='word_1_63' title='bbox 440 1043 563 1117; x_wconf 80' lang='lat' dir='ltr'><strong>possent</strong></span> <span class='ocrx_word' id='word_1_64' title='bbox 578 1041 827 1121; x_wconf 84' lang='lat' dir='ltr'><strong>inprobationern</strong></span> <span class='ocrx_word' id='word_1_65' title='bbox 836 1044 997 1108; x_wconf 88' lang='lat' dir='ltr'><strong>innumera</strong></span> <span class='ocrx_word' id='word_1_66' title='bbox 1006 1051 1117 1116; x_wconf 60' lang='lat' dir='ltr'><strong>monui</strong></span> 
     </span>
     <span class='ocr_line' id='line_1_10' title="bbox 142 1125 662 1192; baseline 0 -1"><span class='ocrx_word' id='word_1_67' title='bbox 142 1133 245 1192; x_wconf 81' lang='lat' dir='ltr'><strong>rnenta</strong></span> <span class='ocrx_word' id='word_1_68' title='bbox 259 1125 429 1188; x_wconf 83' lang='lat' dir='ltr'><strong>traditionis</strong></span> <span class='ocrx_word' id='word_1_69' title='bbox 442 1125 662 1191; x_wconf 88' lang='lat' dir='ltr'><strong>ecclesiasticae.</strong></span> 
     </span>
    </p>
   </div>
   <div class='ocr_carea' id='block_1_6' title="bbox 142 1235 1118 1498">
    <p class='ocr_par' dir='ltr' id='par_1_6' title="bbox 142 1235 1118 1498">
     <span class='ocr_line' id='line_1_11' title="bbox 183 1235 1116 1322; baseline 0.004 -26"><span class='ocrx_word' id='word_1_70' title='bbox 183 1236 233 1296; x_wconf 89' lang='lat' dir='ltr'><strong>l3.</strong></span> <span class='ocrx_word' id='word_1_71' title='bbox 257 1235 430 1294; x_wconf 77' lang='lat' dir='ltr'><strong>l’aorosnto</strong></span> <span class='ocrx_word' id='word_1_72' title='bbox 441 1235 668 1296; x_wconf 73' lang='lat' dir='ltr'><strong>2·.-Potestcs</strong></span> <span class='ocrx_word' id='word_1_73' title='bbox 677 1236 817 1299; x_wconf 87' lang='lat' dir='ltr'><strong>condendi</strong></span> <span class='ocrx_word' id='word_1_74' title='bbox 824 1239 910 1319; x_wconf 82' lang='lat' dir='ltr'><strong>tepes,</strong></span> <span class='ocrx_word' id='word_1_75' title='bbox 918 1257 1004 1322; x_wconf 82' lang='lat' dir='ltr'><strong>qnam</strong></span> <span class='ocrx_word' id='word_1_76' title='bbox 1017 1237 1116 1300; x_wconf 77' lang='lat' dir='ltr'><strong>Eccle</strong></span> 
     </span>
     <span class='ocr_line' id='line_1_12' title="bbox 142 1321 1118 1408; baseline 0.011 -27"><span class='ocrx_word' id='word_1_77' title='bbox 142 1325 188 1384; x_wconf 81' lang='lat' dir='ltr'><strong>ric</strong></span> <span class='ocrx_word' id='word_1_78' title='bbox 202 1321 300 1400; x_wconf 78' lang='lat' dir='ltr'><strong>tabet,</strong></span> <span class='ocrx_word' id='word_1_79' title='bbox 315 1339 373 1382; x_wconf 86' lang='lat' dir='ltr'><strong>non</strong></span> <span class='ocrx_word' id='word_1_80' title='bbox 392 1321 526 1383; x_wconf 86' lang='lat' dir='ltr'><strong>oritnrd</strong></span> <span class='ocrx_word' id='word_1_81' title='bbox 545 1324 720 1387; x_wconf 80' lang='lat' dir='ltr'><strong>concessione</strong></span> <span class='ocrx_word' id='word_1_82' title='bbox 730 1327 902 1408; x_wconf 78' lang='lat' dir='ltr'><strong>principum</strong></span> <span class='ocrx_word' id='word_1_83' title='bbox 915 1327 1118 1406; x_wconf 74' lang='lat' dir='ltr'><strong>secularium,</strong></span> 
     </span>
     <span class='ocr_line' id='line_1_13' title="bbox 142 1409 991 1498; baseline 0.008 -26"><span class='ocrx_word' id='word_1_84' title='bbox 142 1410 192 1473; x_wconf 83' lang='lat' dir='ltr'><strong>sed</strong></span> <span class='ocrx_word' id='word_1_85' title='bbox 203 1413 222 1473; x_wconf 85' lang='lat' dir='ltr'><strong>d</strong></span> <span class='ocrx_word' id='word_1_86' title='bbox 235 1410 295 1473; x_wconf 88' lang='lat' dir='ltr'><strong>solo</strong></span> <span class='ocrx_word' id='word_1_87' title='bbox 310 1410 372 1472; x_wconf 88' lang='lat' dir='ltr'><strong>Deo</strong></span> <span class='ocrx_word' id='word_1_88' title='bbox 385 1409 483 1486; x_wconf 82' lang='lat' dir='ltr'><strong>venit,</strong></span> <span class='ocrx_word' id='word_1_89' title='bbox 498 1417 528 1471; x_wconf 90' lang='lat' dir='ltr'><strong>et</strong></span> <span class='ocrx_word' id='word_1_90' title='bbox 540 1419 584 1472; x_wconf 88' lang='lat' dir='ltr'><strong>est</strong></span> <span class='ocrx_word' id='word_1_91' title='bbox 596 1431 733 1494; x_wconf 81' lang='lat' dir='ltr'><strong>supreme</strong></span> <span class='ocrx_word' id='word_1_92' title='bbox 747 1422 776 1476; x_wconf 91' lang='lat' dir='ltr'><strong>et</strong></span> <span class='ocrx_word' id='word_1_93' title='bbox 788 1416 991 1498; x_wconf 76' lang='lat' dir='ltr'><strong>independens.</strong></span> 
     </span>
    </p>
   </div>
   <div class='ocr_carea' id='block_1_7' title="bbox 143 1517 1123 2577">
    <p class='ocr_par' dir='ltr' id='par_1_7' title="bbox 143 1517 1123 2577">
     <span class='ocr_line' id='line_1_14' title="bbox 182 1517 1116 1603; baseline 0.007 -24"><span class='ocrx_word' id='word_1_94' title='bbox 182 1517 307 1580; x_wconf 89' lang='lat' dir='ltr'><strong>Probari</strong></span> <span class='ocrx_word' id='word_1_95' title='bbox 330 1523 428 1600; x_wconf 87' lang='lat' dir='ltr'><strong>potest</strong></span> <span class='ocrx_word' id='word_1_96' title='bbox 441 1519 628 1597; x_wconf 78' lang='lat' dir='ltr'><strong>argumentis</strong></span> <span class='ocrx_word' id='word_1_97' title='bbox 647 1524 684 1581; x_wconf 71' lang='lat'><strong>1³</strong></span> <span class='ocrx_word' id='word_1_98' title='bbox 700 1523 926 1602; x_wconf 80' lang='lat' dir='ltr'><strong>propositionis,</strong></span> <span class='ocrx_word' id='word_1_99' title='bbox 945 1527 976 1585; x_wconf 94' lang='lat' dir='ltr'><strong>et</strong></span> <span class='ocrx_word' id='word_1_100' title='bbox 997 1523 1116 1603; x_wconf 88' lang='lat' dir='ltr'><strong>insupet</strong></span> 
     </span>
     <span class='ocr_line' id='line_1_15' title="bbox 143 1606 1117 1690; baseline 0.006 -24"><span class='ocrx_word' id='word_1_101' title='bbox 143 1608 231 1670; x_wconf 80' lang='lat' dir='ltr'><strong>Brevi</strong></span> <span class='ocrx_word' id='word_1_102' title='bbox 245 1607 290 1668; x_wconf 88' lang='lat' dir='ltr'><strong>Pii</strong></span> <span class='ocrx_word' id='word_1_103' title='bbox 304 1609 344 1670; x_wconf 89' lang='lat' dir='ltr'><strong>VI</strong></span> <span class='ocrx_word' id='word_1_104' title='bbox 355 1606 393 1669; x_wconf 88' lang='lat' dir='ltr'><strong>ad</strong></span> <span class='ocrx_word' id='word_1_105' title='bbox 406 1606 528 1669; x_wconf 77' lang='lat' dir='ltr'><strong>cardin.</strong></span> <span class='ocrx_word' id='word_1_106' title='bbox 540 1607 793 1688; x_wconf 83' lang='lat' dir='ltr'><strong>liupelucaldium</strong></span> <span class='ocrx_word' id='word_1_107' title='bbox 809 1615 848 1672; x_wconf 87' lang='lat' dir='ltr'><strong>ld</strong></span> <span class='ocrx_word' id='word_1_108' title='bbox 858 1617 945 1672; x_wconf 90' lang='lat' dir='ltr'><strong>mart.</strong></span> <span class='ocrx_word' id='word_1_109' title='bbox 959 1613 1046 1682; x_wconf 76' lang='lat' dir='ltr'><strong>tter,</strong></span> <span class='ocrx_word' id='word_1_110' title='bbox 1059 1626 1117 1690; x_wconf 83' lang='lat' dir='ltr'><strong>quc</strong></span> 
     </span>
     <span class='ocr_line' id='line_1_16' title="bbox 144 1695 1122 1781; baseline 0.004 -25"><span class='ocrx_word' id='word_1_111' title='bbox 144 1695 303 1781; x_wconf 86' lang='lat' dir='ltr'><strong>reprobata</strong></span> <span class='ocrx_word' id='word_1_112' title='bbox 317 1695 373 1760; x_wconf 84' lang='lat' dir='ltr'><strong>fuit</strong></span> <span class='ocrx_word' id='word_1_113' title='bbox 390 1695 569 1757; x_wconf 80' lang='lat' dir='ltr'><strong>Constitutio</strong></span> <span class='ocrx_word' id='word_1_114' title='bbox 587 1696 683 1758; x_wconf 89' lang='lat' dir='ltr'><strong>civilis</strong></span> <span class='ocrx_word' id='word_1_115' title='bbox 702 1697 780 1760; x_wconf 84' lang='lat' dir='ltr'><strong>Cleri</strong></span> <span class='ocrx_word' id='word_1_116' title='bbox 799 1698 955 1780; x_wconf 80' lang='lat' dir='ltr'><strong>gallicani,</strong></span> <span class='ocrx_word' id='word_1_117' title='bbox 977 1698 1030 1762; x_wconf 89' lang='lat' dir='ltr'><strong>ubi</strong></span> <span class='ocrx_word' id='word_1_118' title='bbox 1049 1697 1122 1761; x_wconf 90' lang='lat' dir='ltr'><strong>dicit</strong></span> 
     </span>
     <span class='ocr_line' id='line_1_17' title="bbox 143 1783 1121 1870; baseline 0.006 -26"><span class='ocrx_word' id='word_1_119' title='bbox 143 1784 284 1847; x_wconf 85' lang='lat' dir='ltr'><strong>Pontilex</strong></span> <span class='ocrx_word' id='word_1_120' title='bbox 308 1803 317 1846; x_wconf 80' lang='lat' dir='ltr'><strong>c</strong></span> <span class='ocrx_word' id='word_1_121' title='bbox 344 1783 523 1862; x_wconf 74' lang='lat' dir='ltr'><strong>«Nemini,</strong></span> <span class='ocrx_word' id='word_1_122' title='bbox 548 1785 600 1866; x_wconf 88' lang='lat' dir='ltr'><strong>qui</strong></span> <span class='ocrx_word' id='word_1_123' title='bbox 621 1785 786 1849; x_wconf 89' lang='lat' dir='ltr'><strong>catholicus</strong></span> <span class='ocrx_word' id='word_1_124' title='bbox 806 1794 871 1862; x_wconf 93' lang='lat' dir='ltr'><strong>est,</strong></span> <span class='ocrx_word' id='word_1_125' title='bbox 894 1788 1032 1870; x_wconf 85' lang='lat' dir='ltr'><strong>ignotum</strong></span> <span class='ocrx_word' id='word_1_126' title='bbox 1055 1805 1121 1850; x_wconf 89' lang='lat' dir='ltr'><strong>esse</strong></span> 
     </span>
     <span class='ocr_line' id='line_1_18' title="bbox 148 1871 1122 1955; baseline 0.006 -23"><span class='ocrx_word' id='word_1_127' title='bbox 148 1895 164 1932; x_wconf 82' lang='lat' dir='ltr'><strong>c</strong></span> <span class='ocrx_word' id='word_1_128' title='bbox 186 1879 284 1955; x_wconf 86' lang='lat' dir='ltr'><strong>potest</strong></span> <span class='ocrx_word' id='word_1_129' title='bbox 308 1875 413 1938; x_wconf 86' lang='lat' dir='ltr'><strong>lesum</strong></span> <span class='ocrx_word' id='word_1_130' title='bbox 442 1871 595 1935; x_wconf 86' lang='lat' dir='ltr'><strong>Christum</strong></span> <span class='ocrx_word' id='word_1_131' title='bbox 622 1874 654 1936; x_wconf 92' lang='lat' dir='ltr'><strong>in</strong></span> <span class='ocrx_word' id='word_1_132' title='bbox 680 1893 743 1939; x_wconf 89' lang='lat' dir='ltr'><strong>suae</strong></span> <span class='ocrx_word' id='word_1_133' title='bbox 766 1877 909 1949; x_wconf 83' lang='lat' dir='ltr'><strong>Ecclesiae</strong></span> <span class='ocrx_word' id='word_1_134' title='bbox 936 1877 1122 1939; x_wconf 87' lang='lat' dir='ltr'><strong>institutione</strong></span> 
     </span>
     <span class='ocr_line' id='line_1_19' title="bbox 151 1961 1122 2046; baseline 0.008 -28"><span class='ocrx_word' id='word_1_135' title='bbox 151 1981 169 2018; x_wconf 72' lang='lat' dir='ltr'><strong>c</strong></span> <span class='ocrx_word' id='word_1_136' title='bbox 185 1961 306 2028; x_wconf 84' lang='lat' dir='ltr'><strong>dedisse</strong></span> <span class='ocrx_word' id='word_1_137' title='bbox 333 1961 484 2046; x_wconf 83' lang='lat' dir='ltr'><strong>Apostolis</strong></span> <span class='ocrx_word' id='word_1_138' title='bbox 509 1981 677 2045; x_wconf 86' lang='lat' dir='ltr'><strong>eorumque</strong></span> <span class='ocrx_word' id='word_1_139' title='bbox 698 1965 923 2028; x_wconf 88' lang='lat' dir='ltr'><strong>successoribus</strong></span> <span class='ocrx_word' id='word_1_140' title='bbox 945 1971 1122 2046; x_wconf 87' lang='lat' dir='ltr'><strong>potestatem</strong></span> 
     </span>
     <span class='ocr_line' id='line_1_20' title="bbox 149 2051 1122 2136; baseline 0.004 -24"><span class='ocrx_word' id='word_1_141' title='bbox 149 2075 166 2112; x_wconf 74' lang='lat' dir='ltr'><strong>r</strong></span> <span class='ocrx_word' id='word_1_142' title='bbox 185 2051 262 2115; x_wconf 89' lang='lat' dir='ltr'><strong>nolli</strong></span> <span class='ocrx_word' id='word_1_143' title='bbox 280 2053 330 2116; x_wconf 90' lang='lat' dir='ltr'><strong>alii</strong></span> <span class='ocrx_word' id='word_1_144' title='bbox 348 2053 486 2134; x_wconf 73' lang='lat' dir='ltr'><strong>potestati</strong></span> <span class='ocrx_word' id='word_1_145' title='bbox 500 2051 685 2131; x_wconf 81' lang='lat' dir='ltr'><strong>obnoxiam,</strong></span> <span class='ocrx_word' id='word_1_146' title='bbox 704 2073 798 2136; x_wconf 86' lang='lat' dir='ltr'><strong>quam</strong></span> <span class='ocrx_word' id='word_1_147' title='bbox 820 2051 1000 2118; x_wconf 80' lang='lat' dir='ltr'><strong>sanctissimi</strong></span> <span class='ocrx_word' id='word_1_148' title='bbox 1021 2056 1122 2116; x_wconf 86' lang='lat' dir='ltr'><strong>Patres</strong></span> 
     </span>
     <span class='ocr_line' id='line_1_21' title="bbox 148 2141 1121 2223; baseline 0.006 -23"><span class='ocrx_word' id='word_1_149' title='bbox 148 2162 164 2200; x_wconf 83' lang='lat' dir='ltr'><strong>c</strong></span> <span class='ocrx_word' id='word_1_150' title='bbox 186 2142 320 2206; x_wconf 89' lang='lat' dir='ltr'><strong>universi</strong></span> <span class='ocrx_word' id='word_1_151' title='bbox 334 2161 406 2206; x_wconf 90' lang='lat' dir='ltr'><strong>voce</strong></span> <span class='ocrx_word' id='word_1_152' title='bbox 420 2141 563 2206; x_wconf 84' lang='lat' dir='ltr'><strong>concordi</strong></span> <span class='ocrx_word' id='word_1_153' title='bbox 578 2149 767 2223; x_wconf 82' lang='lat' dir='ltr'><strong>agnoverunt</strong></span> <span class='ocrx_word' id='word_1_154' title='bbox 779 2162 851 2207; x_wconf 85' lang='lat' dir='ltr'><strong>curn</strong></span> <span class='ocrx_word' id='word_1_155' title='bbox 860 2143 930 2206; x_wconf 88' lang='lat' dir='ltr'><strong>Osio</strong></span> <span class='ocrx_word' id='word_1_156' title='bbox 943 2149 973 2204; x_wconf 93' lang='lat' dir='ltr'><strong>et</strong></span> <span class='ocrx_word' id='word_1_157' title='bbox 984 2144 1015 2205; x_wconf 84' lang='lat' dir='ltr'><strong>S.</strong></span> <span class='ocrx_word' id='word_1_158' title='bbox 1029 2141 1121 2206; x_wconf 80' lang='lat' dir='ltr'><strong>Atha·</strong></span> 
     </span>
     <span class='ocr_line' id='line_1_22' title="bbox 147 2230 1123 2302; baseline 0.004 -14"><span class='ocrx_word' id='word_1_159' title='bbox 147 2253 164 2288; x_wconf 75' lang='lat' dir='ltr'><strong>a</strong></span> <span class='ocrx_word' id='word_1_160' title='bbox 185 2231 270 2294; x_wconf 87' lang='lat' dir='ltr'><strong>nasio</strong></span> <span class='ocrx_word' id='word_1_161' title='bbox 283 2231 476 2296; x_wconf 87' lang='lat' dir='ltr'><strong>monentibus</strong></span> <span class='ocrx_word' id='word_1_162' title='bbox 488 2250 496 2295; x_wconf 74' lang='grc' dir='ltr'>ι</span> <span class='ocrx_word' id='word_1_163' title='bbox 509 2230 558 2294; x_wconf 89' lang='lat' dir='ltr'><strong>Nc</strong></span> <span class='ocrx_word' id='word_1_164' title='bbox 569 2239 597 2293; x_wconf 89' lang='lat' dir='ltr'><strong>te</strong></span> <span class='ocrx_word' id='word_1_165' title='bbox 607 2231 693 2294; x_wconf 84' lang='lat' dir='ltr'><strong>rcbns</strong></span> <span class='ocrx_word' id='word_1_166' title='bbox 706 2233 827 2295; x_wconf 85' lang='lat' dir='ltr'><strong>misceas</strong></span> <span class='ocrx_word' id='word_1_167' title='bbox 840 2232 1058 2302; x_wconf 73' lang='lat' dir='ltr'><strong>ecclesiasticis:</strong></span> <span class='ocrx_word' id='word_1_168' title='bbox 1072 2249 1123 2292; x_wconf 87' lang='lat' dir='ltr'><strong>nec</strong></span> 
     </span>
     <span class='ocr_line' id='line_1_23' title="bbox 148 2319 1122 2402; baseline 0.001 -23"><span class='ocrx_word' id='word_1_169' title='bbox 148 2343 163 2378; x_wconf 80' lang='lat' dir='ltr'><strong>c</strong></span> <span class='ocrx_word' id='word_1_170' title='bbox 184 2319 267 2382; x_wconf 86' lang='lat' dir='ltr'><strong>nobis</strong></span> <span class='ocrx_word' id='word_1_171' title='bbox 284 2320 360 2384; x_wconf 87' lang='lat' dir='ltr'><strong>ltisce</strong></span> <span class='ocrx_word' id='word_1_172' title='bbox 374 2319 409 2384; x_wconf 85' lang='lat' dir='ltr'><strong>de</strong></span> <span class='ocrx_word' id='word_1_173' title='bbox 422 2319 508 2382; x_wconf 80' lang='lat' dir='ltr'><strong>retas</strong></span> <span class='ocrx_word' id='word_1_174' title='bbox 518 2329 665 2402; x_wconf 79' lang='lat' dir='ltr'><strong>precepta</strong></span> <span class='ocrx_word' id='word_1_175' title='bbox 679 2321 815 2395; x_wconf 86' lang='lat' dir='ltr'><strong>mondes;</strong></span> <span class='ocrx_word' id='word_1_176' title='bbox 827 2321 907 2386; x_wconf 83' lang='lat' dir='ltr'><strong>sedai</strong></span> <span class='ocrx_word' id='word_1_177' title='bbox 926 2321 1007 2382; x_wconf 85' lang='lat' dir='ltr'><strong>nobie</strong></span> <span class='ocrx_word' id='word_1_178' title='bbox 1021 2319 1122 2402; x_wconf 83' lang='lat' dir='ltr'><strong>potins</strong></span> 
     </span>
     <span class='ocr_line' id='line_1_24' title="bbox 148 2408 1122 2491; baseline -0.006 -15"><span class='ocrx_word' id='word_1_179' title='bbox 148 2437 165 2476; x_wconf 80' lang='grc' dir='ltr'>ι</span> <span class='ocrx_word' id='word_1_180' title='bbox 188 2411 251 2478; x_wconf 80' lang='lat' dir='ltr'><strong>lroec</strong></span> <span class='ocrx_word' id='word_1_181' title='bbox 272 2409 391 2474; x_wconf 84' lang='lat' dir='ltr'><strong>ediscas.</strong></span> <span class='ocrx_word' id='word_1_182' title='bbox 416 2409 487 2472; x_wconf 81' lang='lat' dir='ltr'><strong>Tibi</strong></span> <span class='ocrx_word' id='word_1_183' title='bbox 505 2410 586 2472; x_wconf 84' lang='lat' dir='ltr'><strong>Dens</strong></span> <span class='ocrx_word' id='word_1_184' title='bbox 607 2411 763 2491; x_wconf 85' lang='lat' dir='ltr'><strong>imperinm</strong></span> <span class='ocrx_word' id='word_1_185' title='bbox 786 2409 934 2485; x_wconf 85' lang='lat' dir='ltr'><strong>tradidit,·</strong></span> <span class='ocrx_word' id='word_1_186' title='bbox 952 2408 1036 2471; x_wconf 87' lang='lat' dir='ltr'><strong>nobis</strong></span> <span class='ocrx_word' id='word_1_187' title='bbox 1057 2425 1122 2490; x_wconf 77' lang='lat' dir='ltr'><strong>qne</strong></span> 
     </span>
     <span class='ocr_line' id='line_1_25' title="bbox 148 2498 741 2577; baseline -0.007 -11"><span class='ocrx_word' id='word_1_188' title='bbox 148 2527 166 2566; x_wconf 79' lang='lat' dir='ltr'><strong>c</strong></span> <span class='ocrx_word' id='word_1_189' title='bbox 185 2511 255 2569; x_wconf 83' lang='lat' dir='ltr'><strong>sunt</strong></span> <span class='ocrx_word' id='word_1_190' title='bbox 268 2499 460 2564; x_wconf 83' lang='lat' dir='ltr'><strong>ecclesiastica</strong></span> <span class='ocrx_word' id='word_1_191' title='bbox 474 2498 669 2577; x_wconf 81' lang='lat' dir='ltr'><strong>concredidit,</strong></span> <span class='ocrx_word' id='word_1_192' title='bbox 685 2507 741 2562; x_wconf 90' lang='lat' dir='ltr'><strong>etc.</strong></span> 
     </span>
    </p>
   </div>
   <div class='ocr_carea' id='block_1_8' title="bbox 149 2608 1127 3742">
    <p class='ocr_par' dir='ltr' id='par_1_8' title="bbox 149 2608 1127 3742">
     <span class='ocr_line' id='line_1_26' title="bbox 190 2608 1123 2692; baseline -0.003 -17"><span class='ocrx_word' id='word_1_193' title='bbox 190 2637 207 2675; x_wconf 77' lang='lat' dir='ltr'><strong>c</strong></span> <span class='ocrx_word' id='word_1_194' title='bbox 227 2613 267 2677; x_wconf 87' lang='lat' dir='ltr'><strong>Ut</strong></span> <span class='ocrx_word' id='word_1_195' title='bbox 278 2611 316 2674; x_wconf 92' lang='lat' dir='ltr'><strong>de</strong></span> <span class='ocrx_word' id='word_1_196' title='bbox 329 2609 488 2692; x_wconf 74' lang='lat' dir='ltr'><strong>discipline</strong></span> <span class='ocrx_word' id='word_1_197' title='bbox 500 2627 638 2691; x_wconf 83' lang='lat' dir='ltr'><strong>agamus,</strong></span> <span class='ocrx_word' id='word_1_198' title='bbox 651 2611 719 2692; x_wconf 91' lang='lat' dir='ltr'><strong>quis</strong></span> <span class='ocrx_word' id='word_1_199' title='bbox 734 2627 870 2692; x_wconf 84' lang='lat' dir='ltr'><strong>unquam</strong></span> <span class='ocrx_word' id='word_1_200' title='bbox 884 2617 930 2672; x_wconf 90' lang='lat' dir='ltr'><strong>est</strong></span> <span class='ocrx_word' id='word_1_201' title='bbox 939 2610 1016 2672; x_wconf 90' lang='lat' dir='ltr'><strong>inter</strong></span> <span class='ocrx_word' id='word_1_202' title='bbox 1024 2608 1123 2672; x_wconf 85' lang='lat' dir='ltr'><strong>catho</strong></span> 
     </span>
     <span class='ocr_line' id='line_1_27' title="bbox 150 2697 1123 2784; baseline -0.004 -18"><span class='ocrx_word' id='word_1_203' title='bbox 150 2727 168 2766; x_wconf 85' lang='grc' dir='ltr'>ι</span> <span class='ocrx_word' id='word_1_204' title='bbox 187 2703 262 2766; x_wconf 91' lang='lat' dir='ltr'><strong>licos</strong></span> <span class='ocrx_word' id='word_1_205' title='bbox 269 2699 321 2784; x_wconf 89' lang='lat' dir='ltr'><strong>qui</strong></span> <span class='ocrx_word' id='word_1_206' title='bbox 328 2698 457 2762; x_wconf 86' lang='lat' dir='ltr'><strong>affirmet</strong></span> <span class='ocrx_word' id='word_1_207' title='bbox 463 2699 696 2761; x_wconf 87' lang='lat' dir='ltr'><strong>ecclesiasticam</strong></span> <span class='ocrx_word' id='word_1_208' title='bbox 705 2701 883 2763; x_wconf 79' lang='lat' dir='ltr'><strong>inimutsrid</strong></span> <span class='ocrx_word' id='word_1_209' title='bbox 897 2699 981 2762; x_wconf 88' lang='lat' dir='ltr'><strong>laicis</strong></span> <span class='ocrx_word' id='word_1_210' title='bbox 994 2697 1123 2782; x_wconf 75' lang='lat' dir='ltr'><strong>posset..</strong></span> 
     </span>
     <span class='ocr_line' id='line_1_28' title="bbox 150 2787 1124 2866; baseline -0.004 -11"><span class='ocrx_word' id='word_1_211' title='bbox 150 2817 167 2855; x_wconf 81' lang='lat' dir='ltr'><strong>c</strong></span> <span class='ocrx_word' id='word_1_212' title='bbox 187 2793 280 2866; x_wconf 79' lang='lat' dir='ltr'><strong>(idm,</strong></span> <span class='ocrx_word' id='word_1_213' title='bbox 292 2807 375 2852; x_wconf 91' lang='lat' dir='ltr'><strong>anno</strong></span> <span class='ocrx_word' id='word_1_214' title='bbox 389 2791 479 2864; x_wconf 75' lang='lat'><strong>1560,</strong></span> <span class='ocrx_word' id='word_1_215' title='bbox 496 2787 634 2850; x_wconf 86' lang='lat' dir='ltr'><strong>Facultas</strong></span> <span class='ocrx_word' id='word_1_216' title='bbox 649 2789 826 2852; x_wconf 88' lang='lat' dir='ltr'><strong>Parisiensis</strong></span> <span class='ocrx_word' id='word_1_217' title='bbox 837 2789 875 2852; x_wconf 88' lang='lat' dir='ltr'><strong>ad</strong></span> <span class='ocrx_word' id='word_1_218' title='bbox 890 2807 1016 2852; x_wconf 85' lang='lat' dir='ltr'><strong>examen</strong></span> <span class='ocrx_word' id='word_1_219' title='bbox 1031 2788 1124 2852; x_wconf 89' lang='lat' dir='ltr'><strong>addu-</strong></span> 
     </span>
     <span class='ocr_line' id='line_1_29' title="bbox 149 2877 1123 2960; baseline -0.002 -17"><span class='ocrx_word' id='word_1_220' title='bbox 149 2906 167 2943; x_wconf 79' lang='grc' dir='ltr'>ι</span> <span class='ocrx_word' id='word_1_221' title='bbox 188 2883 282 2946; x_wconf 86' lang='lat' dir='ltr'><strong>xisset</strong></span> <span class='ocrx_word' id='word_1_222' title='bbox 297 2897 332 2948; x_wconf 87' lang='lat' dir='ltr'><strong>ea</strong></span> <span class='ocrx_word' id='word_1_223' title='bbox 345 2896 415 2960; x_wconf 81' lang='lat' dir='ltr'><strong>quae</strong></span> <span class='ocrx_word' id='word_1_224' title='bbox 431 2877 608 2940; x_wconf 86' lang='lat' dir='ltr'><strong>Franciscus</strong></span> <span class='ocrx_word' id='word_1_225' title='bbox 623 2877 808 2956; x_wconf 87' lang='lat' dir='ltr'><strong>Grimaldet,</strong></span> <span class='ocrx_word' id='word_1_226' title='bbox 827 2879 988 2942; x_wconf 90' lang='lat' dir='ltr'><strong>advocatus</strong></span> <span class='ocrx_word' id='word_1_227' title='bbox 1002 2879 1123 2960; x_wconf 80' lang='lat' dir='ltr'><strong>regius,</strong></span> 
     </span>
     <span class='ocr_line' id='line_1_30' title="bbox 151 2967 1125 3050; baseline -0.001 -19"><span class='ocrx_word' id='word_1_228' title='bbox 151 2996 168 3031; x_wconf 78' lang='grc' dir='ltr'>ι</span> <span class='ocrx_word' id='word_1_229' title='bbox 188 2967 384 3034; x_wconf 83' lang='lat' dir='ltr'><strong>retulerstad</strong></span> <span class='ocrx_word' id='word_1_230' title='bbox 403 2971 586 3030; x_wconf 88' lang='lat' dir='ltr'><strong>conventum</strong></span> <span class='ocrx_word' id='word_1_231' title='bbox 601 2983 654 3029; x_wconf 91' lang='lat' dir='ltr'><strong>seu</strong></span> <span class='ocrx_word' id='word_1_232' title='bbox 673 2973 767 3030; x_wconf 86' lang='lat' dir='ltr'><strong>status</strong></span> <span class='ocrx_word' id='word_1_233' title='bbox 789 2969 870 3050; x_wconf 92' lang='lat' dir='ltr'><strong>apud</strong></span> <span class='ocrx_word' id='word_1_234' title='bbox 893 2967 1125 3048; x_wconf 81' lang='lat' dir='ltr'><strong>andegavenses</strong></span> 
     </span>
     <span class='ocr_line' id='line_1_31' title="bbox 153 3055 1123 3140; baseline -0.006 -16"><span class='ocrx_word' id='word_1_235' title='bbox 153 3084 169 3124; x_wconf 79' lang='lat' dir='ltr'><strong>c</strong></span> <span class='ocrx_word' id='word_1_236' title='bbox 189 3059 352 3130; x_wconf 88' lang='lat' dir='ltr'><strong>collectos;</strong></span> <span class='ocrx_word' id='word_1_237' title='bbox 367 3057 446 3118; x_wconf 89' lang='lat' dir='ltr'><strong>inter</strong></span> <span class='ocrx_word' id='word_1_238' title='bbox 459 3055 570 3117; x_wconf 90' lang='lat' dir='ltr'><strong>multas</strong></span> <span class='ocrx_word' id='word_1_239' title='bbox 584 3056 802 3136; x_wconf 87' lang='lat' dir='ltr'><strong>propositiones</strong></span> <span class='ocrx_word' id='word_1_240' title='bbox 815 3057 853 3119; x_wconf 87' lang='lat' dir='ltr'><strong>ab</strong></span> <span class='ocrx_word' id='word_1_241' title='bbox 865 3057 928 3140; x_wconf 78' lang='lat' dir='ltr'><strong>ipsa</strong></span> <span class='ocrx_word' id='word_1_242' title='bbox 939 3057 1123 3139; x_wconf 87' lang='lat' dir='ltr'><strong>reprobatas,</strong></span> 
     </span>
     <span class='ocr_line' id='line_1_32' title="bbox 152 3145 1126 3231; baseline -0.006 -21"><span class='ocrx_word' id='word_1_243' title='bbox 152 3171 169 3210; x_wconf 81' lang='lat' dir='ltr'><strong>c</strong></span> <span class='ocrx_word' id='word_1_244' title='bbox 189 3165 323 3231; x_wconf 86' lang='lat' dir='ltr'><strong>sequens</strong></span> <span class='ocrx_word' id='word_1_245' title='bbox 336 3145 427 3208; x_wconf 88' lang='lat' dir='ltr'><strong>etiam</strong></span> <span class='ocrx_word' id='word_1_246' title='bbox 442 3145 590 3226; x_wconf 84' lang='lat' dir='ltr'><strong>reperitur</strong></span> <span class='ocrx_word' id='word_1_247' title='bbox 606 3165 613 3203; x_wconf 91' lang='lat'>:</span> <span class='ocrx_word' id='word_1_248' title='bbox 632 3145 673 3205; x_wconf 86' lang='lat' dir='ltr'><strong>Le</strong></span> <span class='ocrx_word' id='word_1_249' title='bbox 686 3145 788 3206; x_wconf 86' lang='lat' dir='ltr'><strong>second</strong></span> <span class='ocrx_word' id='word_1_250' title='bbox 803 3147 888 3227; x_wconf 88' lang='lat' dir='ltr'><strong>point</strong></span> <span class='ocrx_word' id='word_1_251' title='bbox 901 3146 935 3207; x_wconf 88' lang='lat' dir='ltr'><strong>de</strong></span> <span class='ocrx_word' id='word_1_252' title='bbox 949 3145 978 3206; x_wconf 85' lang='lat' dir='ltr'><strong>la</strong></span> <span class='ocrx_word' id='word_1_253' title='bbox 997 3145 1126 3225; x_wconf 84' lang='lat' dir='ltr'><strong>relipion</strong></span> 
     </span>
     <span class='ocr_line' id='line_1_33' title="bbox 153 3232 1126 3317; baseline -0.004 -19"><span class='ocrx_word' id='word_1_254' title='bbox 153 3259 170 3298; x_wconf 81' lang='lat' dir='ltr'><strong>s</strong></span> <span class='ocrx_word' id='word_1_255' title='bbox 189 3246 234 3301; x_wconf 88' lang='lat' dir='ltr'><strong>est</strong></span> <span class='ocrx_word' id='word_1_256' title='bbox 253 3256 289 3299; x_wconf 86' lang='lat' dir='ltr'><strong>en</strong></span> <span class='ocrx_word' id='word_1_257' title='bbox 311 3234 341 3297; x_wconf 86' lang='lat' dir='ltr'><strong>Ic</strong></span> <span class='ocrx_word' id='word_1_258' title='bbox 361 3233 456 3317; x_wconf 85' lang='lat' dir='ltr'><strong>police</strong></span> <span class='ocrx_word' id='word_1_259' title='bbox 479 3241 508 3294; x_wconf 88' lang='lat' dir='ltr'><strong>et</strong></span> <span class='ocrx_word' id='word_1_260' title='bbox 526 3232 681 3314; x_wconf 85' lang='lat' dir='ltr'><strong>discipline</strong></span> <span class='ocrx_word' id='word_1_261' title='bbox 693 3234 887 3309; x_wconf 80' lang='lat' dir='ltr'><strong>sacerdotale,</strong></span> <span class='ocrx_word' id='word_1_262' title='bbox 903 3255 955 3296; x_wconf 83' lang='lat' dir='ltr'><strong>sur·</strong></span> <span class='ocrx_word' id='word_1_263' title='bbox 969 3233 1064 3314; x_wconf 83' lang='lat' dir='ltr'><strong>lequel</strong></span> <span class='ocrx_word' id='word_1_264' title='bbox 1086 3233 1126 3295; x_wconf 88' lang='lat' dir='ltr'><strong>les</strong></span> 
     </span>
     <span class='ocr_line' id='line_1_34' title="bbox 153 3321 1124 3405; baseline 0.001 -21"><span class='ocrx_word' id='word_1_265' title='bbox 153 3348 169 3384; x_wconf 80' lang='grc' dir='ltr'>ι</span> <span class='ocrx_word' id='word_1_266' title='bbox 190 3335 295 3388; x_wconf 83' lang='lat' dir='ltr'><strong>resset</strong></span> <span class='ocrx_word' id='word_1_267' title='bbox 308 3323 350 3387; x_wconf 85' lang='lat' dir='ltr'><strong>les</strong></span> <span class='ocrx_word' id='word_1_268' title='bbox 359 3321 478 3405; x_wconf 82' lang='lat' dir='ltr'><strong>princes</strong></span> <span class='ocrx_word' id='word_1_269' title='bbox 486 3321 629 3384; x_wconf 85' lang='lat' dir='ltr'><strong>eltrc&#39;ticns</strong></span> <span class='ocrx_word' id='word_1_270' title='bbox 638 3331 690 3384; x_wconf 90' lang='lat' dir='ltr'><strong>ont</strong></span> <span class='ocrx_word' id='word_1_271' title='bbox 700 3324 851 3404; x_wconf 84' lang='lat' dir='ltr'><strong>peissonce</strong></span> <span class='ocrx_word' id='word_1_272' title='bbox 864 3323 892 3384; x_wconf 77' lang='lat' dir='ltr'><strong>d</strong></span> <span class='ocrx_word' id='word_1_273' title='bbox 895 3322 977 3384; x_wconf 86' lang='lat' dir='ltr'><strong>icelle</strong></span> <span class='ocrx_word' id='word_1_274' title='bbox 992 3321 1124 3397; x_wconf 86' lang='lat' dir='ltr'><strong>dresser,</strong></span> 
     </span>
     <span class='ocr_line' id='line_1_35' title="bbox 154 3409 1127 3494; baseline 0 -20"><span class='ocrx_word' id='word_1_275' title='bbox 154 3437 170 3474; x_wconf 80' lang='lat' dir='ltr'><strong>c</strong></span> <span class='ocrx_word' id='word_1_276' title='bbox 189 3409 436 3476; x_wconf 79' lang='lat' dir='ltr'><strong>mettreenordre</strong></span> <span class='ocrx_word' id='word_1_277' title='bbox 448 3419 477 3473; x_wconf 88' lang='lat' dir='ltr'><strong>et</strong></span> <span class='ocrx_word' id='word_1_278' title='bbox 490 3411 634 3493; x_wconf 77' lang='lat' dir='ltr'><strong>reformet·</strong></span> <span class='ocrx_word' id='word_1_279' title='bbox 648 3411 730 3473; x_wconf 87' lang='lat' dir='ltr'><strong>icelte</strong></span> <span class='ocrx_word' id='word_1_280' title='bbox 743 3431 922 3494; x_wconf 83' lang='lat' dir='ltr'><strong>corrompne.</strong></span> <span class='ocrx_word' id='word_1_281' title='bbox 935 3413 1006 3474; x_wconf 84' lang='lat' dir='ltr'><strong>llaec</strong></span> <span class='ocrx_word' id='word_1_282' title='bbox 1021 3431 1127 3494; x_wconf 84' lang='lat' dir='ltr'><strong>propo·</strong></span> 
     </span>
     <span class='ocr_line' id='line_1_36' title="bbox 153 3499 1127 3584; baseline 0.001 -23"><span class='ocrx_word' id='word_1_283' title='bbox 153 3525 167 3561; x_wconf 79' lang='grc' dir='ltr'>ι</span> <span class='ocrx_word' id='word_1_284' title='bbox 191 3503 261 3565; x_wconf 87' lang='lat' dir='ltr'><strong>sitio</strong></span> <span class='ocrx_word' id='word_1_285' title='bbox 271 3508 315 3564; x_wconf 90' lang='lat' dir='ltr'><strong>est</strong></span> <span class='ocrx_word' id='word_1_286' title='bbox 325 3501 425 3584; x_wconf 79' lang='lat' dir='ltr'><strong>salse,</strong></span> <span class='ocrx_word' id='word_1_287' title='bbox 441 3499 642 3576; x_wconf 77' lang='lat' dir='ltr'><strong>schismatica,</strong></span> <span class='ocrx_word' id='word_1_288' title='bbox 655 3503 810 3582; x_wconf 82' lang='lat' dir='ltr'><strong>potcstatis</strong></span> <span class='ocrx_word' id='word_1_289' title='bbox 831 3501 1030 3563; x_wconf 80' lang='lat' dir='ltr'><strong>ecclesiastice</strong></span> <span class='ocrx_word' id='word_1_290' title='bbox 1047 3522 1127 3563; x_wconf 85' lang='lat' dir='ltr'><strong>ener-</strong></span> 
     </span>
     <span class='ocr_line' id='line_1_37' title="bbox 155 3588 1126 3671; baseline 0.003 -23"><span class='ocrx_word' id='word_1_291' title='bbox 155 3615 168 3648; x_wconf 65' lang='grc' dir='ltr'><strong>α</strong></span> <span class='ocrx_word' id='word_1_292' title='bbox 193 3591 293 3653; x_wconf 72' lang='lat' dir='ltr'><strong>catice</strong></span> <span class='ocrx_word' id='word_1_293' title='bbox 307 3599 337 3654; x_wconf 86' lang='lat' dir='ltr'><strong>et</strong></span> <span class='ocrx_word' id='word_1_294' title='bbox 351 3590 490 3654; x_wconf 69' lang='lat' dir='ltr'><strong>tarenta</strong></span> <span class='ocrx_word' id='word_1_295' title='bbox 499 3610 511 3661; x_wconf 86' lang='lat'><strong>,·</strong></span> <span class='ocrx_word' id='word_1_296' title='bbox 526 3597 555 3650; x_wconf 90' lang='lat' dir='ltr'><strong>et</strong></span> <span class='ocrx_word' id='word_1_297' title='bbox 565 3588 752 3671; x_wconf 78' lang='lat' dir='ltr'><strong>probationes</strong></span> <span class='ocrx_word' id='word_1_298' title='bbox 762 3590 802 3651; x_wconf 84' lang='lat' dir='ltr'><strong>ad</strong></span> <span class='ocrx_word' id='word_1_299' title='bbox 823 3590 910 3652; x_wconf 85' lang='lat' dir='ltr'><strong>illam</strong></span> <span class='ocrx_word' id='word_1_300' title='bbox 931 3597 1000 3651; x_wconf 88' lang='lat' dir='ltr'><strong>snnt</strong></span> <span class='ocrx_word' id='word_1_301' title='bbox 1017 3590 1126 3671; x_wconf 86' lang='lat' dir='ltr'><strong>imper·</strong></span> 
     </span>
     <span class='ocr_line' id='line_1_38' title="bbox 157 3682 363 3742; baseline -0.005 -4"><span class='ocrx_word' id='word_1_302' title='bbox 157 3701 170 3738; x_wconf 79' lang='lat' dir='ltr'><strong>c</strong></span> <span class='ocrx_word' id='word_1_303' title='bbox 197 3682 363 3742; x_wconf 71' lang='lat' dir='ltr'><strong>liuentem</strong></span> 
     </span>
    </p>
   </div>
   <div class='ocr_carea' id='block_1_9' title="bbox 197 3783 1126 3876">
    <p class='ocr_par' dir='ltr' id='par_1_9' title="bbox 197 3783 1126 3876">
     <span class='ocr_line' id='line_1_39' title="bbox 197 3783 1126 3876; baseline -0.005 -30"><span class='ocrx_word' id='word_1_304' title='bbox 197 3792 245 3851; x_wconf 82' lang='lat' dir='ltr'><strong>tt.</strong></span> <span class='ocrx_word' id='word_1_305' title='bbox 267 3790 502 3852; x_wconf 70' lang='lat' dir='ltr'><strong>provocans.</strong></span> <span class='ocrx_word' id='word_1_306' title='bbox 520 3819 558 3833; x_wconf 91' lang='lat'><em>-</em></span> <span class='ocrx_word' id='word_1_307' title='bbox 582 3787 723 3876; x_wconf 34' lang='lat' dir='ltr'><strong>Potestas!</strong></span> <span class='ocrx_word' id='word_1_308' title='bbox 736 3785 903 3862; x_wconf 80' lang='lat' dir='ltr'><strong>tepislativo</strong></span> <span class='ocrx_word' id='word_1_309' title='bbox 923 3783 1065 3846; x_wconf 72' lang='lat' dir='ltr'><strong>Ecclesiae</strong></span> <span class='ocrx_word' id='word_1_310' title='bbox 1082 3785 1126 3842; x_wconf 79' lang='lat' dir='ltr'><strong>ito</strong></span> 
     </span>
    </p>
   </div>
   <div class='ocr_carea' id='block_1_10' title="bbox 0 0 1324 4228">
    <p class='ocr_par' dir='ltr' id='par_1_10' title="bbox 0 0 1324 4228">
     <span class='ocr_line' id='line_1_40' title="bbox 0 0 1324 4228; baseline 0 0"><span class='ocrx_word' id='word_1_311' title='bbox 0 0 1324 4228; x_wconf 95' lang='lat' dir='ltr'><strong> </strong></span> 
     </span>
    </p>
   </div>
  </div>
 </body>
</html>
