2548 4216
478 319 565 366 maan
585 322 704 369 ramos.
778 330 780 333 ·
1019 307 1073 366 351

141 427 213 488 Haee
225 425 387 487 Decretalis
402 443 456 505 pro
468 427 703 503 iurenommuni
718 426 845 490 habetur
856 448 864 490 ε
877 419 960 482 unde
970 439 1075 485 caven·

97 516 250 589 domest,
274 513 314 574 ait
338 514 522 589 Leurenius,
543 516 560 575 a
582 515 685 594 paucis
699 515 881 597 quibusdam
901 511 1073 574 auctoribus

96 604 164 685 qui,
188 605 257 664 ante
276 607 411 663 ostensas
432 601 569 682 Capitale
586 604 711 681 litteras,
726 603 969 686 jurisdictionem
984 600 1073 672 Epis·

95 709 176 773 copo
187 688 368 754 continuato
384 690 562 753 attribuunt.

137 787 260 850 Cessare
273 787 398 867 insuper
412 793 507 867 potest
515 785 684 868 jurisdictio
698 788 810 850 Vinarii
823 781 1007 870 Capitulat‘is
1019 803 1071 864 per

94 877 191 958 ipsius
199 877 455 937 renuntiationem
464 876 480 936 1
490 875 629 956 Capitale
642 881 841 957 acceptatam
852 884 986 958 tonoque
996 872 1071 936 alius

90 961 266 1044 bllapitulo
289 963 426 1042 deputari
442 972 548 1042 potest.
570 964 629 1025 Sed
653 965 816 1044 ambigitur
831 984 886 1035 an,
910 984 983 1028 casu
1009 979 1071 1024 nuo

97 1047 202 1128 plures
223 1047 333 1109 Viearii
352 1046 463 1107 luerint
484 1045 626 1125 deputati,
641 1050 671 1106 et
688 1063 769 1107 unus
787 1065 825 1108 ex
845 1045 890 1108 eis
906 1046 1069 1120 renuntiet,

96 1133 215 1214 oaeteris
229 1131 476 1208 remanentibus,
492 1132 568 1195 alius
589 1132 679 1196 etiarn
698 1133 843 1196 inlocum
859 1131 1069 1207 renuntiantis,

100 1221 195 1302 possit
216 1222 234 1282 a
252 1220 388 1302 Capitale
408 1219 566 1301 subrogari
583 1239 590 1281 :
606 1220 736 1282 affirmat
755 1228 860 1284 auctor
879 1218 1014 1282 Praebet.
1035 1217 1068 1280 S.

99 1308 234 1390 Salpiai
247 1310 291 1389 (n⁰
306 1312 387 1386 185),
402 1327 475 1371 casu
492 1328 554 1389 ouo
571 1309 635 1371 bren
648 1309 822 1386 subrogatio
842 1309 924 1372 bono
935 1306 1070 1368 dioecesis

100 1397 270 1459 necessaria
288 1397 494 1471 existimatum
518 1397 604 1458 nobis
621 1404 722 1460 tamen
745 1399 845 1478 potius
867 1393 1069 1475 amplectenda

100 1485 219 1547 videtur
238 1486 385 1548 sententia
404 1504 518 1563 negans
534 1503 543 1545 ε
559 1486 817 1566 qnia-Capitulum
837 1502 898 1545 non
917 1483 1006 1542 babet
1024 1483 1070 1559 jus

100 1573 233 1652 eligendi
256 1574 408 1649 Vinarins‚
424 1575 481 1634 nisi
507 1575 538 1633 in
559 1574 679 1636 casibus
699 1574 810 1654 quibua
831 1571 887 1652 ipsi
908 1570 1068 1631 devolvitur

99 1661 241 1724 dioecesis
256 1662 475 1724 administratio
485 1681 495 1736 ;
515 1661 597 1724 unde
615 1663 640 1722 si
665 1662 800 1724 Viearius
818 1669 868 1722 ant
887 1659 996 1720 vicarii
1019 1677 1068 1719 su·

102 1751 242 1831 perstites
264 1751 513 1812 administrationi
539 1750 676 1812 dioeoesis
698 1750 828 1831 impares
851 1748 1009 1825 ridentur,
1035 1746 1069 1810 ud

101 1836 214 1900 Sednm
229 1837 429 1918 Apostolinam
442 1845 487 1898 est
497 1838 725 1900 recurrendum.

143 1926 221 1988 Vide
229 1926 287 1988 alia
301 1928 388 2007 plura
402 1928 434 1988 in
449 1933 551 1988 nostro
565 1926 714 2005 Marruuii,
730 1935 763 1988 n⁰
778 1929 868 2004 1259,
882 1930 942 1990 eto.

464 2219 612 2286 CAPUT
636 2217 699 2286 IV.

98 2376 139 2423 DE
151 2375 294 2423 PAROGHIS
307 2375 345 2419 nt·
356 2375 434 2421 ALIIS
448 2373 661 2420 sacunbo'rlssus
670 2373 717 2424 0111
730 2373 802 2420 lusis
811 2375 1011 2421 nuxruttrmua
1020 2374 1069 2421 m

230 2465 262 2510 111
276 2463 424 2508 rnuocrun
437 2463 552 2509 sactum
567 2462 762 2510 uffltsrnultllt
775 2463 939 2511 EXERGENT.

141 2632 213 2692 187.
239 2630 301 2688 Vox
320 2627 483 2704 Par-orlaa,
495 2628 578 2705 iuxta
596 2626 780 2689 Leureuinm
797 2627 923 2708 (Forum
941 2629 1071 2714 benefic„

99 2726 122 2782 t.
142 2721 174 2793 l,
188 2736 221 2798 q.
242 2719 323 2794 ltu),
338 2717 489 2778 derivatur
509 2719 666 2798 nagraeeo
677 2715 781 2797 παρέχη
792 2719 875 2799 quod
888 2720 1074 2800 protensis

103 2829 121 2864 n
141 2805 287 2887 gnificat;
303 2805 351 2865 alii
366 2805 502 2866 derivant
514 2807 642 2886 bgraeeo
651 2806 764 2888 vaip-am
778 2808 858 2889 quod
872 2809 1005 2870 areolam
1020 2829 1071 2874 seu

104 2920 122 2955 a
143 2894 287 2968 incolam,
303 2893 346 2956 uti
359 2900 390 2954 et
401 2895 530 2973 paroeeia
544 2897 715 2960 accolarum
726 2905 909 2962 conventum
921 2916 975 2962 seu
989 2897 1071 2964 babi-

104 3006 121 3046 α
142 2983 288 3046 tationem
296 2981 481 3061 significata

143 3074 211 3134 Vox
218 3071 361 3152 parochia
370 3071 458 3132 etiam
471 3070 509 3132 ab
519 3074 643 3154 antiquo
653 3075 708 3138 luit
720 3076 898 3138 adbibitaad
911 3075 1071 3153 designau-

100 3160 175 3224 dam
188 3165 300 3222 certam
316 3165 431 3240 partem
444 3159 629 3238 dioeeeseos;
644 3161 841 3243 frequentiori
852 3169 954 3223 tamen
966 3181 1023 3223 usu
1035 3162 1071 3224 ad

105 3254 197 3314 batam
217 3248 373 3310 Dioecesim
387 3248 618 3328 significandam
634 3249 739 3330 primis
753 3249 824 3312 aevis
841 3248 898 3312 tait
917 3258 1076 3330 usurpatae

103 3336 241 3402 Sullieiat
250 3336 299 3398 bie
313 3336 425 3398 referre
438 3354 588 3398 canonem
600 3341 636 3402 13
651 3337 884 3419 Apostolorum:
899 3338 1073 3420 ‹Episeopo

102 3449 122 3486 a
143 3445 207 3488 non
225 3426 314 3487 liuere
332 3426 461 3487 alienam
483 3425 672 3506 panuliam,
688 3427 816 3509 propria
835 3426 953 3502 rela'ctd,
973 3445 1073 3507 perra·

105 3537 122 3574 a
142 3514 253 3576 dere.»

143 3603 212 3666 Duo
225 3609 313 3666 erunt
325 3602 442 3664 articuli
458 3620 467 3663 :
482 3603 514 3663 in
530 3607 563 3667 1ο
573 3604 711 3670 uicenos
722 3603 761 3668 de
774 3602 935 3680 Paroebia;
947 3604 978 3666 iu
991 3604 1074 3669 2⁰de

100 3691 232 3758 vinariis
245 3690 465 3772 parochialibus
477 3692 556 3753 eliis
568 3693 622 3773 qni
635 3691 667 3754 in
679 3691 820 3773 pnroubil
833 3711 954 3758 mutu
968 3693 1072 3756 minis·

99 3779 216 3845 terium
225 3787 382 3877 exerrent..
956 3795 1030 3844 rum
