<?xml version="1.0" encoding="UTF-8"?>
<!DOCTYPE html PUBLIC "-//W3C//DTD XHTML 1.0 Transitional//EN"
    "http://www.w3.org/TR/xhtml1/DTD/xhtml1-transitional.dtd">
<html xmlns="http://www.w3.org/1999/xhtml" xml:lang="en" lang="en">
 <head>
  <title>
</title>
<meta http-equiv="Content-Type" content="text/html;charset=utf-8" />
  <meta name='ocr-system' content='tesseract 3.04.00' />
  <meta name='ocr-capabilities' content='ocr_page ocr_carea ocr_par ocr_line ocrx_word'/>
</head>
<body>
  <div class='ocr_page' id='page_1' title='image "./elementajurisca01craigoog_0434.png"; bbox 0 0 2590 4214; ppageno 0'>
   <div class='ocr_carea' id='block_1_1' title="bbox 524 193 1122 254">
    <p class='ocr_par' dir='ltr' id='par_1_1' title="bbox 524 193 1122 254">
     <span class='ocr_line' id='line_1_1' title="bbox 524 193 1122 254; baseline 0.002 -4"><span class='ocrx_word' id='word_1_1' title='bbox 524 206 609 251; x_wconf 83' lang='lat' dir='ltr'>nnun</span> <span class='ocrx_word' id='word_1_2' title='bbox 631 209 748 254; x_wconf 77' lang='lat' dir='ltr'>antuus.</span> <span class='ocrx_word' id='word_1_3' title='bbox 1063 193 1122 254; x_wconf 76' lang='grc'>116</span> 
     </span>
    </p>
   </div>
   <div class='ocr_carea' id='block_1_2' title="bbox 52 301 1121 3764">
    <p class='ocr_par' dir='ltr' id='par_1_2' title="bbox 147 301 1117 383">
     <span class='ocr_line' id='line_1_2' title="bbox 147 301 1117 383; baseline 0.003 -19"><span class='ocrx_word' id='word_1_4' title='bbox 147 305 295 367; x_wconf 66' lang='lat' dir='ltr'>mimano.</span> <span class='ocrx_word' id='word_1_5' title='bbox 312 301 386 364; x_wconf 84' lang='lat' dir='ltr'>Vide</span> <span class='ocrx_word' id='word_1_6' title='bbox 413 303 471 364; x_wconf 89' lang='lat' dir='ltr'>alia</span> <span class='ocrx_word' id='word_1_7' title='bbox 488 304 519 364; x_wconf 92' lang='lat' dir='ltr'>in</span> <span class='ocrx_word' id='word_1_8' title='bbox 543 311 645 366; x_wconf 83' lang='lat' dir='ltr'>nostro</span> <span class='ocrx_word' id='word_1_9' title='bbox 661 305 816 383; x_wconf 79' lang='lat' dir='ltr'>Maenali,</span> <span class='ocrx_word' id='word_1_10' title='bbox 836 317 868 368; x_wconf 72' lang='lat' dir='ltr'>no</span> <span class='ocrx_word' id='word_1_11' title='bbox 890 313 970 370; x_wconf 79' lang='lat' dir='ltr'>tato</span> <span class='ocrx_word' id='word_1_12' title='bbox 987 309 1020 368; x_wconf 83' lang='lat' dir='ltr'>in</span> <span class='ocrx_word' id='word_1_13' title='bbox 1040 307 1117 369; x_wconf 84' lang='lat' dir='ltr'>notai.</span> 
     </span>
    </p>

    <p class='ocr_par' dir='ltr' id='par_1_3' title="bbox 146 391 1121 568">
     <span class='ocr_line' id='line_1_3' title="bbox 185 391 1119 472; baseline 0.003 -18"><span class='ocrx_word' id='word_1_14' title='bbox 185 396 255 455; x_wconf 79' lang='grc'>661.</span> <span class='ocrx_word' id='word_1_15' title='bbox 279 391 529 465; x_wconf 77' lang='lat' dir='ltr'>Ouaerit.·Ut1·um</span> <span class='ocrx_word' id='word_1_16' title='bbox 544 393 695 472; x_wconf 71' lang='lat' dir='ltr'>Capeliani</span> <span class='ocrx_word' id='word_1_17' title='bbox 710 394 888 458; x_wconf 89' lang='lat' dir='ltr'>monialium</span> <span class='ocrx_word' id='word_1_18' title='bbox 911 405 1069 459; x_wconf 88' lang='lat' dir='ltr'>teneantur</span> <span class='ocrx_word' id='word_1_19' title='bbox 1081 397 1119 458; x_wconf 91' lang='lat' dir='ltr'>ad</span> 
     </span>
     <span class='ocr_line' id='line_1_4' title="bbox 146 479 1121 568; baseline 0.003 -25"><span class='ocrx_word' id='word_1_20' title='bbox 146 483 268 545; x_wconf 88' lang='lat' dir='ltr'>missam</span> <span class='ocrx_word' id='word_1_21' title='bbox 279 499 334 562; x_wconf 89' lang='lat' dir='ltr'>pro</span> <span class='ocrx_word' id='word_1_22' title='bbox 345 479 458 542; x_wconf 90' lang='lat' dir='ltr'>eisdem</span> <span class='ocrx_word' id='word_1_23' title='bbox 466 480 687 560; x_wconf 87' lang='lat' dir='ltr'>applicandam,</span> <span class='ocrx_word' id='word_1_24' title='bbox 699 483 1121 568; x_wconf 77' lang='lat' dir='ltr'>diebusfestisdepraeeepto?</span> 
     </span>
    </p>

    <p class='ocr_par' dir='ltr' id='par_1_4' title="bbox 141 570 1118 920">
     <span class='ocr_line' id='line_1_5' title="bbox 185 570 1118 651; baseline 0.004 -19"><span class='ocrx_word' id='word_1_25' title='bbox 185 571 276 651; x_wconf 83' lang='lat' dir='ltr'>ltesp.</span> <span class='ocrx_word' id='word_1_26' title='bbox 297 571 387 632; x_wconf 85' lang='lat' dir='ltr'>Sacra</span> <span class='ocrx_word' id='word_1_27' title='bbox 402 570 601 650; x_wconf 87' lang='lat' dir='ltr'>Congregatio</span> <span class='ocrx_word' id='word_1_28' title='bbox 616 570 752 649; x_wconf 83' lang='lat' dir='ltr'>Rituum,</span> <span class='ocrx_word' id='word_1_29' title='bbox 765 572 844 635; x_wconf 88' lang='lat' dir='ltr'>circa</span> <span class='ocrx_word' id='word_1_30' title='bbox 860 573 918 635; x_wconf 89' lang='lat' dir='ltr'>hoc</span> <span class='ocrx_word' id='word_1_31' title='bbox 932 575 1059 636; x_wconf 88' lang='lat' dir='ltr'>dubium</span> <span class='ocrx_word' id='word_1_32' title='bbox 1074 575 1118 636; x_wconf 91' lang='lat' dir='ltr'>in·</span> 
     </span>
     <span class='ocr_line' id='line_1_6' title="bbox 143 657 1118 743; baseline 0.006 -24"><span class='ocrx_word' id='word_1_33' title='bbox 143 665 293 739; x_wconf 87' lang='lat' dir='ltr'>terrogata</span> <span class='ocrx_word' id='word_1_34' title='bbox 306 657 345 720; x_wconf 87' lang='lat' dir='ltr'>ab</span> <span class='ocrx_word' id='word_1_35' title='bbox 361 657 592 738; x_wconf 77' lang='lat' dir='ltr'>archiepiscopo</span> <span class='ocrx_word' id='word_1_36' title='bbox 611 659 783 738; x_wconf 87' lang='lat' dir='ltr'>Quebensi‚</span> <span class='ocrx_word' id='word_1_37' title='bbox 799 662 855 742; x_wconf 90' lang='lat' dir='ltr'>ipsi</span> <span class='ocrx_word' id='word_1_38' title='bbox 871 664 1118 743; x_wconf 90' lang='lat' dir='ltr'>respondendum</span> 
     </span>
     <span class='ocr_line' id='line_1_7' title="bbox 142 747 1114 833; baseline 0.006 -24"><span class='ocrx_word' id='word_1_39' title='bbox 142 749 262 810; x_wconf 88' lang='lat' dir='ltr'>censuit</span> <span class='ocrx_word' id='word_1_40' title='bbox 275 765 284 807; x_wconf 76' lang='grc' dir='ltr'><em>τ</em></span> <span class='ocrx_word' id='word_1_41' title='bbox 298 781 339 794; x_wconf 91' lang='lat'>·-</span> <span class='ocrx_word' id='word_1_42' title='bbox 356 769 372 805; x_wconf 80' lang='lat' dir='ltr'>a</span> <span class='ocrx_word' id='word_1_43' title='bbox 388 747 432 807; x_wconf 82' lang='lat' dir='ltr'>Ad</span> <span class='ocrx_word' id='word_1_44' title='bbox 448 749 503 820; x_wconf 88' lang='lat' dir='ltr'>lV,</span> <span class='ocrx_word' id='word_1_45' title='bbox 519 765 579 806; x_wconf 86' lang='lat' dir='ltr'>non</span> <span class='ocrx_word' id='word_1_46' title='bbox 596 749 690 809; x_wconf 87' lang='lat' dir='ltr'>teneri</span> <span class='ocrx_word' id='word_1_47' title='bbox 707 751 772 810; x_wconf 79' lang='lat' dir='ltr'>edm</span> <span class='ocrx_word' id='word_1_48' title='bbox 785 771 844 812; x_wconf 86' lang='lat' dir='ltr'>non</span> <span class='ocrx_word' id='word_1_49' title='bbox 863 753 923 814; x_wconf 85' lang='lat' dir='ltr'>sint</span> <span class='ocrx_word' id='word_1_50' title='bbox 939 753 1068 833; x_wconf 78' lang='lat' dir='ltr'><em>parochi</em></span> <span class='ocrx_word' id='word_1_51' title='bbox 1083 775 1114 815; x_wconf 79' lang='lat' dir='ltr'>a.</span> 
     </span>
     <span class='ocr_line' id='line_1_8' title="bbox 141 834 1114 920; baseline 0.008 -24"><span class='ocrx_word' id='word_1_52' title='bbox 141 838 175 896; x_wconf 92' lang='lat' dir='ltr'>ln</span> <span class='ocrx_word' id='word_1_53' title='bbox 190 835 299 898; x_wconf 90' lang='lat' dir='ltr'>endem</span> <span class='ocrx_word' id='word_1_54' title='bbox 315 854 405 898; x_wconf 88' lang='lat' dir='ltr'>sensu</span> <span class='ocrx_word' id='word_1_55' title='bbox 420 834 530 896; x_wconf 75' lang='lat' dir='ltr'>decidit</span> <span class='ocrx_word' id='word_1_56' title='bbox 545 836 575 896; x_wconf 88' lang='lat' dir='ltr'>S.</span> <span class='ocrx_word' id='word_1_57' title='bbox 594 837 743 918; x_wconf 85' lang='lat' dir='ltr'>Congreg.</span> <span class='ocrx_word' id='word_1_58' title='bbox 761 841 885 903; x_wconf 86' lang='lat' dir='ltr'>Conciiii</span> <span class='ocrx_word' id='word_1_59' title='bbox 899 845 917 903; x_wconf 76' lang='grc'><strong>2</strong></span> <span class='ocrx_word' id='word_1_60' title='bbox 929 841 1006 920; x_wconf 85' lang='lat' dir='ltr'>junii</span> <span class='ocrx_word' id='word_1_61' title='bbox 1027 845 1114 906; x_wconf 87' lang='grc'>1860.</span> 
     </span>
    </p>

    <p class='ocr_par' dir='ltr' id='par_1_5' title="bbox 140 923 1119 1166">
     <span class='ocr_line' id='line_1_9' title="bbox 182 923 1116 1006; baseline 0.007 -20"><span class='ocrx_word' id='word_1_62' title='bbox 182 929 251 988; x_wconf 84' lang='grc'>665.</span> <span class='ocrx_word' id='word_1_63' title='bbox 270 960 306 973; x_wconf 94' lang='grc'><strong>-</strong></span> <span class='ocrx_word' id='word_1_64' title='bbox 326 928 362 986; x_wconf 91' lang='lat' dir='ltr'>ll.</span> <span class='ocrx_word' id='word_1_65' title='bbox 382 923 539 1006; x_wconf 83' lang='lat' dir='ltr'>Capeliani</span> <span class='ocrx_word' id='word_1_66' title='bbox 557 923 778 1006; x_wconf 75' lang='lat' dir='ltr'>Coiiepiorum:</span> <span class='ocrx_word' id='word_1_67' title='bbox 795 930 931 992; x_wconf 85' lang='lat' dir='ltr'>Diximus</span> <span class='ocrx_word' id='word_1_68' title='bbox 944 931 982 991; x_wconf 92' lang='lat' dir='ltr'>de</span> <span class='ocrx_word' id='word_1_69' title='bbox 996 929 1116 993; x_wconf 92' lang='lat' dir='ltr'>illorum</span> 
     </span>
     <span class='ocr_line' id='line_1_10' title="bbox 142 1012 1119 1101; baseline 0.008 -27"><span class='ocrx_word' id='word_1_70' title='bbox 142 1015 351 1077; x_wconf 82' lang='lat' dir='ltr'>nominatione</span> <span class='ocrx_word' id='word_1_71' title='bbox 365 1032 454 1095; x_wconf 90' lang='lat' dir='ltr'>supra</span> <span class='ocrx_word' id='word_1_72' title='bbox 469 1012 562 1094; x_wconf 81' lang='lat' dir='ltr'>(atu).</span> <span class='ocrx_word' id='word_1_73' title='bbox 579 1015 717 1092; x_wconf 89' lang='lat' dir='ltr'>Ipsorum</span> <span class='ocrx_word' id='word_1_74' title='bbox 736 1016 889 1082; x_wconf 77' lang='lat' dir='ltr'>facultates</span> <span class='ocrx_word' id='word_1_75' title='bbox 909 1019 947 1080; x_wconf 92' lang='lat' dir='ltr'>ab</span> <span class='ocrx_word' id='word_1_76' title='bbox 960 1021 1119 1101; x_wconf 83' lang='lat' dir='ltr'>Episcopis</span> 
     </span>
     <span class='ocr_line' id='line_1_11' title="bbox 140 1101 392 1166; baseline -0.004 -2"><span class='ocrx_word' id='word_1_77' title='bbox 140 1101 392 1166; x_wconf 77' lang='lat' dir='ltr'>determinantur.</span> 
     </span>
    </p>

    <p class='ocr_par' dir='ltr' id='par_1_6' title="bbox 137 1191 1114 1452">
     <span class='ocr_line' id='line_1_12' title="bbox 180 1191 1114 1274; baseline 0.01 -21"><span class='ocrx_word' id='word_1_78' title='bbox 180 1194 229 1253; x_wconf 93' lang='lat' dir='ltr'>lll.</span> <span class='ocrx_word' id='word_1_79' title='bbox 256 1192 420 1274; x_wconf 77' lang='lat' dir='ltr'>Capeliani</span> <span class='ocrx_word' id='word_1_80' title='bbox 433 1191 636 1272; x_wconf 84' lang='lat' dir='ltr'>Hospitaiium</span> <span class='ocrx_word' id='word_1_81' title='bbox 664 1203 691 1254; x_wconf 83' lang='lat' dir='ltr'>et</span> <span class='ocrx_word' id='word_1_82' title='bbox 719 1193 904 1258; x_wconf 76' lang='lat' dir='ltr'>Coracium:</span> <span class='ocrx_word' id='word_1_83' title='bbox 931 1201 972 1260; x_wconf 87' lang='lat' dir='ltr'>De</span> <span class='ocrx_word' id='word_1_84' title='bbox 993 1200 1114 1264; x_wconf 92' lang='lat' dir='ltr'>iliorum</span> 
     </span>
     <span class='ocr_line' id='line_1_13' title="bbox 139 1278 1114 1367; baseline 0.011 -26"><span class='ocrx_word' id='word_1_85' title='bbox 139 1281 348 1344; x_wconf 86' lang='lat' dir='ltr'>nominatione</span> <span class='ocrx_word' id='word_1_86' title='bbox 369 1281 436 1342; x_wconf 87' lang='lat' dir='ltr'>vide</span> <span class='ocrx_word' id='word_1_87' title='bbox 451 1278 554 1360; x_wconf 64' lang='lat' dir='ltr'>iiiii).</span> <span class='ocrx_word' id='word_1_88' title='bbox 579 1283 623 1342; x_wconf 89' lang='lat' dir='ltr'>De</span> <span class='ocrx_word' id='word_1_89' title='bbox 647 1281 766 1344; x_wconf 87' lang='lat' dir='ltr'>iliorum</span> <span class='ocrx_word' id='word_1_90' title='bbox 789 1291 888 1346; x_wconf 91' lang='lat' dir='ltr'>autem</span> <span class='ocrx_word' id='word_1_91' title='bbox 911 1285 1114 1367; x_wconf 85' lang='lat' dir='ltr'>facultatibus,</span> 
     </span>
     <span class='ocr_line' id='line_1_14' title="bbox 137 1367 845 1452; baseline 0.004 -22"><span class='ocrx_word' id='word_1_92' title='bbox 137 1369 205 1432; x_wconf 88' lang='lat' dir='ltr'>vide</span> <span class='ocrx_word' id='word_1_93' title='bbox 219 1377 356 1432; x_wconf 87' lang='lat' dir='ltr'>nostrum</span> <span class='ocrx_word' id='word_1_94' title='bbox 369 1368 510 1431; x_wconf 82' lang='lat' dir='ltr'>Manuale</span> <span class='ocrx_word' id='word_1_95' title='bbox 524 1367 611 1449; x_wconf 73' lang='lat' dir='ltr'>(ata)</span> <span class='ocrx_word' id='word_1_96' title='bbox 626 1378 656 1431; x_wconf 90' lang='lat' dir='ltr'>et</span> <span class='ocrx_word' id='word_1_97' title='bbox 672 1389 762 1452; x_wconf 89' lang='lat' dir='ltr'>supra</span> <span class='ocrx_word' id='word_1_98' title='bbox 775 1375 845 1434; x_wconf 71' lang='lat'>520.</span> 
     </span>
    </p>

    <p class='ocr_par' dir='ltr' id='par_1_7' title="bbox 136 1456 1116 2158">
     <span class='ocr_line' id='line_1_15' title="bbox 177 1456 1116 1544; baseline 0.009 -24"><span class='ocrx_word' id='word_1_99' title='bbox 177 1461 291 1522; x_wconf 75' lang='grc'>566-</span> <span class='ocrx_word' id='word_1_100' title='bbox 305 1461 356 1522; x_wconf 88' lang='lat' dir='ltr'>lV.</span> <span class='ocrx_word' id='word_1_101' title='bbox 374 1456 533 1539; x_wconf 79' lang='lat' dir='ltr'>Capeliani</span> <span class='ocrx_word' id='word_1_102' title='bbox 547 1457 686 1518; x_wconf 84' lang='lat' dir='ltr'>Militum</span> <span class='ocrx_word' id='word_1_103' title='bbox 703 1479 709 1518; x_wconf 95' lang='lat'><strong>:</strong></span> <span class='ocrx_word' id='word_1_104' title='bbox 725 1460 1116 1544; x_wconf 86' lang='lat' dir='ltr'>SaeraCoug1·egati0Con·</span> 
     </span>
     <span class='ocr_line' id='line_1_16' title="bbox 136 1545 1111 1631; baseline 0.007 -21"><span class='ocrx_word' id='word_1_105' title='bbox 136 1547 210 1623; x_wconf 84' lang='lat' dir='ltr'>ciiii,</span> <span class='ocrx_word' id='word_1_106' title='bbox 222 1551 242 1609; x_wconf 89' lang='grc'>6</span> <span class='ocrx_word' id='word_1_107' title='bbox 253 1547 351 1608; x_wconf 91' lang='lat' dir='ltr'>martii</span> <span class='ocrx_word' id='word_1_108' title='bbox 367 1551 455 1619; x_wconf 82' lang='grc'>1691,</span> <span class='ocrx_word' id='word_1_109' title='bbox 469 1545 601 1626; x_wconf 72' lang='lat' dir='ltr'>negativi</span> <span class='ocrx_word' id='word_1_110' title='bbox 614 1547 769 1627; x_wconf 90' lang='lat' dir='ltr'>respondit</span> <span class='ocrx_word' id='word_1_111' title='bbox 782 1547 882 1610; x_wconf 91' lang='lat' dir='ltr'>dubiis</span> <span class='ocrx_word' id='word_1_112' title='bbox 894 1553 1089 1631; x_wconf 88' lang='lat' dir='ltr'>sequentibus</span> <span class='ocrx_word' id='word_1_113' title='bbox 1103 1576 1111 1616; x_wconf 79' lang='grc' dir='ltr'><em>τ</em></span> 
     </span>
     <span class='ocr_line' id='line_1_17' title="bbox 140 1635 1111 1720; baseline 0.01 -25"><span class='ocrx_word' id='word_1_114' title='bbox 140 1658 156 1695; x_wconf 86' lang='lat' dir='ltr'>a</span> <span class='ocrx_word' id='word_1_115' title='bbox 178 1640 211 1698; x_wconf 86' lang='lat' dir='ltr'>l⁰</span> <span class='ocrx_word' id='word_1_116' title='bbox 227 1639 274 1697; x_wconf 84' lang='lat' dir='ltr'>An</span> <span class='ocrx_word' id='word_1_117' title='bbox 288 1635 440 1716; x_wconf 86' lang='lat' dir='ltr'>Capeliani</span> <span class='ocrx_word' id='word_1_118' title='bbox 455 1635 675 1715; x_wconf 88' lang='lat' dir='ltr'>cujuscumque</span> <span class='ocrx_word' id='word_1_119' title='bbox 690 1637 856 1714; x_wconf 82' lang='lat' dir='ltr'>exercitus,</span> <span class='ocrx_word' id='word_1_120' title='bbox 871 1639 932 1701; x_wconf 91' lang='lat' dir='ltr'>sive</span> <span class='ocrx_word' id='word_1_121' title='bbox 946 1643 1111 1720; x_wconf 83' lang='lat' dir='ltr'>regulares,</span> 
     </span>
     <span class='ocr_line' id='line_1_18' title="bbox 139 1722 1111 1810; baseline 0.01 -27"><span class='ocrx_word' id='word_1_122' title='bbox 139 1746 155 1783; x_wconf 84' lang='lat' dir='ltr'>u</span> <span class='ocrx_word' id='word_1_123' title='bbox 175 1725 238 1788; x_wconf 88' lang='lat' dir='ltr'>sive</span> <span class='ocrx_word' id='word_1_124' title='bbox 252 1725 421 1798; x_wconf 84' lang='lat' dir='ltr'>saeculares,</span> <span class='ocrx_word' id='word_1_125' title='bbox 442 1724 555 1804; x_wconf 85' lang='lat' dir='ltr'>possint</span> <span class='ocrx_word' id='word_1_126' title='bbox 574 1722 783 1787; x_wconf 90' lang='lat' dir='ltr'>administrare</span> <span class='ocrx_word' id='word_1_127' title='bbox 798 1726 943 1790; x_wconf 89' lang='lat' dir='ltr'>militibus</span> <span class='ocrx_word' id='word_1_128' title='bbox 959 1729 988 1790; x_wconf 91' lang='lat' dir='ltr'>in</span> <span class='ocrx_word' id='word_1_129' title='bbox 1006 1734 1111 1810; x_wconf 87' lang='lat' dir='ltr'>praesi-</span> 
     </span>
     <span class='ocr_line' id='line_1_19' title="bbox 139 1813 1111 1894; baseline 0.011 -22"><span class='ocrx_word' id='word_1_130' title='bbox 139 1835 155 1872; x_wconf 81' lang='lat' dir='ltr'>a</span> <span class='ocrx_word' id='word_1_131' title='bbox 175 1813 234 1875; x_wconf 93' lang='lat' dir='ltr'>diis</span> <span class='ocrx_word' id='word_1_132' title='bbox 254 1813 434 1894; x_wconf 83' lang='lat' dir='ltr'>degentibus</span> <span class='ocrx_word' id='word_1_133' title='bbox 454 1820 639 1873; x_wconf 85' lang='lat' dir='ltr'>sacramenta</span> <span class='ocrx_word' id='word_1_134' title='bbox 660 1814 856 1886; x_wconf 78' lang='lat' dir='ltr'>peanitentiae,</span> <span class='ocrx_word' id='word_1_135' title='bbox 874 1817 1066 1882; x_wconf 85' lang='lat' dir='ltr'>Eucharistiae</span> <span class='ocrx_word' id='word_1_136' title='bbox 1081 1832 1111 1884; x_wconf 89' lang='lat' dir='ltr'>et</span> 
     </span>
     <span class='ocr_line' id='line_1_20' title="bbox 138 1899 1109 1991; baseline 0.012 -31"><span class='ocrx_word' id='word_1_137' title='bbox 138 1923 154 1960; x_wconf 84' lang='lat' dir='ltr'>u</span> <span class='ocrx_word' id='word_1_138' title='bbox 174 1899 521 1973; x_wconf 79' lang='lat' dir='ltr'>Extremae-Unctionis,</span> <span class='ocrx_word' id='word_1_139' title='bbox 538 1901 604 1962; x_wconf 77' lang='lat' dir='ltr'>sine</span> <span class='ocrx_word' id='word_1_140' title='bbox 620 1902 742 1982; x_wconf 87' lang='lat' dir='ltr'>speciali</span> <span class='ocrx_word' id='word_1_141' title='bbox 756 1902 896 1967; x_wconf 85' lang='lat' dir='ltr'>facultate</span> <span class='ocrx_word' id='word_1_142' title='bbox 910 1908 995 1969; x_wconf 90' lang='lat' dir='ltr'>Sedis</span> <span class='ocrx_word' id='word_1_143' title='bbox 1010 1913 1109 1991; x_wconf 86' lang='lat' dir='ltr'>Apos-</span> 
     </span>
     <span class='ocr_line' id='line_1_21' title="bbox 138 1990 1112 2078; baseline 0.013 -28"><span class='ocrx_word' id='word_1_144' title='bbox 138 2012 153 2050; x_wconf 76' lang='grc' dir='ltr'><em>α</em></span> <span class='ocrx_word' id='word_1_145' title='bbox 175 1992 283 2069; x_wconf 86' lang='lat' dir='ltr'>tolieae,</span> <span class='ocrx_word' id='word_1_146' title='bbox 306 1991 351 2053; x_wconf 89' lang='lat' dir='ltr'>vei</span> <span class='ocrx_word' id='word_1_147' title='bbox 370 1990 491 2052; x_wconf 79' lang='lat' dir='ltr'>licentia</span> <span class='ocrx_word' id='word_1_148' title='bbox 511 1997 540 2049; x_wconf 91' lang='lat' dir='ltr'>et</span> <span class='ocrx_word' id='word_1_149' title='bbox 563 1990 779 2070; x_wconf 86' lang='lat' dir='ltr'>approbatione</span> <span class='ocrx_word' id='word_1_150' title='bbox 801 1993 949 2056; x_wconf 83' lang='lat' dir='ltr'>Ordinarii</span> <span class='ocrx_word' id='word_1_151' title='bbox 969 1996 1000 2057; x_wconf 92' lang='lat' dir='ltr'>in</span> <span class='ocrx_word' id='word_1_152' title='bbox 1022 2001 1112 2078; x_wconf 88' lang='lat' dir='ltr'>cujus</span> 
     </span>
     <span class='ocr_line' id='line_1_22' title="bbox 137 2078 623 2158; baseline 0 -20"><span class='ocrx_word' id='word_1_153' title='bbox 137 2101 152 2138; x_wconf 79' lang='lat' dir='ltr'>a</span> <span class='ocrx_word' id='word_1_154' title='bbox 172 2079 295 2143; x_wconf 88' lang='lat' dir='ltr'>dioeoesi</span> <span class='ocrx_word' id='word_1_155' title='bbox 310 2087 426 2142; x_wconf 87' lang='lat' dir='ltr'>exstare</span> <span class='ocrx_word' id='word_1_156' title='bbox 440 2078 623 2158; x_wconf 75' lang='lat' dir='ltr'>contigerit?</span> 
     </span>
    </p>

    <p class='ocr_par' dir='ltr' id='par_1_8' title="bbox 52 2167 1110 2604">
     <span class='ocr_line' id='line_1_23' title="bbox 178 2167 1110 2254; baseline 0.01 -26"><span class='ocrx_word' id='word_1_157' title='bbox 178 2190 194 2228; x_wconf 83' lang='lat' dir='ltr'>a</span> <span class='ocrx_word' id='word_1_158' title='bbox 213 2171 245 2230; x_wconf 80' lang='lat'>2⁰</span> <span class='ocrx_word' id='word_1_159' title='bbox 260 2173 308 2230; x_wconf 81' lang='lat' dir='ltr'>An</span> <span class='ocrx_word' id='word_1_160' title='bbox 319 2169 456 2230; x_wconf 86' lang='lat' dir='ltr'>assistere</span> <span class='ocrx_word' id='word_1_161' title='bbox 469 2167 670 2228; x_wconf 86' lang='lat' dir='ltr'>matrimoniis</span> <span class='ocrx_word' id='word_1_162' title='bbox 685 2168 815 2231; x_wconf 91' lang='lat' dir='ltr'>miiitum</span> <span class='ocrx_word' id='word_1_163' title='bbox 827 2171 1048 2254; x_wconf 89' lang='lat' dir='ltr'>cujuscumque</span> <span class='ocrx_word' id='word_1_164' title='bbox 1059 2195 1110 2238; x_wconf 90' lang='lat' dir='ltr'>na·</span> 
     </span>
     <span class='ocr_line' id='line_1_24' title="bbox 135 2255 1104 2341; baseline 0.008 -24"><span class='ocrx_word' id='word_1_165' title='bbox 135 2279 151 2317; x_wconf 82' lang='lat' dir='ltr'>a</span> <span class='ocrx_word' id='word_1_166' title='bbox 171 2258 264 2320; x_wconf 91' lang='lat' dir='ltr'>tionis</span> <span class='ocrx_word' id='word_1_167' title='bbox 276 2257 450 2338; x_wconf 91' lang='lat' dir='ltr'>degentium</span> <span class='ocrx_word' id='word_1_168' title='bbox 465 2256 496 2316; x_wconf 93' lang='lat' dir='ltr'>in</span> <span class='ocrx_word' id='word_1_169' title='bbox 512 2255 674 2336; x_wconf 80' lang='lat' dir='ltr'>praesidiis,</span> <span class='ocrx_word' id='word_1_170' title='bbox 690 2275 761 2318; x_wconf 92' lang='lat' dir='ltr'>eum</span> <span class='ocrx_word' id='word_1_171' title='bbox 777 2258 956 2322; x_wconf 88' lang='lat' dir='ltr'>militaribus</span> <span class='ocrx_word' id='word_1_172' title='bbox 970 2262 1104 2341; x_wconf 78' lang='lat' dir='ltr'>fetutinis,</span> 
     </span>
     <span class='ocr_line' id='line_1_25' title="bbox 133 2343 1108 2429; baseline 0.009 -25"><span class='ocrx_word' id='word_1_173' title='bbox 133 2369 150 2404; x_wconf 82' lang='lat' dir='ltr'>u</span> <span class='ocrx_word' id='word_1_174' title='bbox 169 2347 237 2408; x_wconf 80' lang='lat' dir='ltr'>sine</span> <span class='ocrx_word' id='word_1_175' title='bbox 251 2346 329 2408; x_wconf 81' lang='lat' dir='ltr'>dicta</span> <span class='ocrx_word' id='word_1_176' title='bbox 343 2345 480 2407; x_wconf 91' lang='lat' dir='ltr'>facultate</span> <span class='ocrx_word' id='word_1_177' title='bbox 495 2343 666 2424; x_wconf 84' lang='lat' dir='ltr'>Apostoiiaa</span> <span class='ocrx_word' id='word_1_178' title='bbox 685 2351 714 2406; x_wconf 89' lang='lat' dir='ltr'>et</span> <span class='ocrx_word' id='word_1_179' title='bbox 734 2346 916 2426; x_wconf 85' lang='lat' dir='ltr'>praecedenti</span> <span class='ocrx_word' id='word_1_180' title='bbox 931 2351 1108 2429; x_wconf 87' lang='lat' dir='ltr'>probatione</span> 
     </span>
     <span class='ocr_line' id='line_1_26' title="bbox 52 2432 1104 2516; baseline 0.007 -23"><span class='ocrx_word' id='word_1_181' title='bbox 52 2475 54 2482; x_wconf 72' lang='lat'><em>,</em></span> <span class='ocrx_word' id='word_1_182' title='bbox 133 2458 149 2493; x_wconf 77' lang='lat' dir='ltr'>a</span> <span class='ocrx_word' id='word_1_183' title='bbox 171 2433 256 2497; x_wconf 90' lang='lat' dir='ltr'>liberi</span> <span class='ocrx_word' id='word_1_184' title='bbox 271 2437 366 2497; x_wconf 84' lang='lat' dir='ltr'>status</span> <span class='ocrx_word' id='word_1_185' title='bbox 380 2435 506 2512; x_wconf 87' lang='lat' dir='ltr'>ejusque</span> <span class='ocrx_word' id='word_1_186' title='bbox 521 2432 727 2512; x_wconf 84' lang='lat' dir='ltr'>recognitione</span> <span class='ocrx_word' id='word_1_187' title='bbox 741 2453 843 2497; x_wconf 85' lang='lat' dir='ltr'>eoram</span> <span class='ocrx_word' id='word_1_188' title='bbox 863 2437 1021 2500; x_wconf 89' lang='lat' dir='ltr'>Ordinario</span> <span class='ocrx_word' id='word_1_189' title='bbox 1036 2439 1104 2516; x_wconf 81' lang='lat' dir='ltr'>iaci,</span> 
     </span>
     <span class='ocr_line' id='line_1_27' title="bbox 132 2520 986 2604; baseline 0.006 -22"><span class='ocrx_word' id='word_1_190' title='bbox 132 2547 149 2582; x_wconf 78' lang='lat' dir='ltr'>a</span> <span class='ocrx_word' id='word_1_191' title='bbox 170 2531 200 2586; x_wconf 90' lang='lat' dir='ltr'>et</span> <span class='ocrx_word' id='word_1_192' title='bbox 216 2525 334 2586; x_wconf 81' lang='lat' dir='ltr'>licentia</span> <span class='ocrx_word' id='word_1_193' title='bbox 354 2522 475 2604; x_wconf 88' lang='lat' dir='ltr'>parochi</span> <span class='ocrx_word' id='word_1_194' title='bbox 491 2520 548 2583; x_wconf 92' lang='lat' dir='ltr'>sub</span> <span class='ocrx_word' id='word_1_195' title='bbox 562 2522 649 2599; x_wconf 86' lang='lat' dir='ltr'>cujus</span> <span class='ocrx_word' id='word_1_196' title='bbox 664 2522 801 2602; x_wconf 83' lang='lat' dir='ltr'>parochia</span> <span class='ocrx_word' id='word_1_197' title='bbox 819 2527 986 2588; x_wconf 83' lang='lat' dir='ltr'>maneant?</span> 
     </span>
    </p>

    <p class='ocr_par' dir='ltr' id='par_1_9' title="bbox 130 2610 1102 2783">
     <span class='ocr_line' id='line_1_28' title="bbox 173 2610 1102 2693; baseline 0.01 -21"><span class='ocrx_word' id='word_1_198' title='bbox 173 2635 188 2672; x_wconf 84' lang='lat' dir='ltr'>a</span> <span class='ocrx_word' id='word_1_199' title='bbox 208 2615 241 2675; x_wconf 86' lang='lat'>3⁰</span> <span class='ocrx_word' id='word_1_200' title='bbox 253 2615 300 2674; x_wconf 81' lang='lat' dir='ltr'>An</span> <span class='ocrx_word' id='word_1_201' title='bbox 317 2613 397 2674; x_wconf 93' lang='lat' dir='ltr'>idem</span> <span class='ocrx_word' id='word_1_202' title='bbox 412 2629 482 2674; x_wconf 92' lang='lat' dir='ltr'>oum</span> <span class='ocrx_word' id='word_1_203' title='bbox 498 2610 641 2674; x_wconf 86' lang='lat' dir='ltr'>militibus</span> <span class='ocrx_word' id='word_1_204' title='bbox 651 2611 831 2693; x_wconf 85' lang='lat' dir='ltr'>degentibus</span> <span class='ocrx_word' id='word_1_205' title='bbox 845 2615 875 2674; x_wconf 90' lang='lat' dir='ltr'>in</span> <span class='ocrx_word' id='word_1_206' title='bbox 887 2618 990 2677; x_wconf 90' lang='lat' dir='ltr'>castris</span> <span class='ocrx_word' id='word_1_207' title='bbox 1004 2623 1033 2679; x_wconf 89' lang='lat' dir='ltr'>et</span> <span class='ocrx_word' id='word_1_208' title='bbox 1044 2624 1102 2680; x_wconf 87' lang='lat' dir='ltr'>sta·</span> 
     </span>
     <span class='ocr_line' id='line_1_29' title="bbox 130 2699 664 2783; baseline 0.002 -23"><span class='ocrx_word' id='word_1_209' title='bbox 130 2724 145 2760; x_wconf 81' lang='lat' dir='ltr'>a</span> <span class='ocrx_word' id='word_1_210' title='bbox 167 2701 301 2764; x_wconf 90' lang='lat' dir='ltr'>tionibus</span> <span class='ocrx_word' id='word_1_211' title='bbox 315 2701 457 2783; x_wconf 86' lang='lat' dir='ltr'>hybernis</span> <span class='ocrx_word' id='word_1_212' title='bbox 471 2699 517 2762; x_wconf 91' lang='lat' dir='ltr'>vei</span> <span class='ocrx_word' id='word_1_213' title='bbox 531 2699 664 2760; x_wconf 79' lang='lat' dir='ltr'>aestivisi</span> 
     </span>
    </p>

    <p class='ocr_par' dir='ltr' id='par_1_10' title="bbox 127 2788 1103 2942">
     <span class='ocr_line' id='line_1_30' title="bbox 171 2788 1103 2878; baseline 0.009 -28"><span class='ocrx_word' id='word_1_214' title='bbox 171 2812 187 2850; x_wconf 83' lang='lat' dir='ltr'>a</span> <span class='ocrx_word' id='word_1_215' title='bbox 207 2795 239 2851; x_wconf 73' lang='lat'>4⁰</span> <span class='ocrx_word' id='word_1_216' title='bbox 255 2794 301 2850; x_wconf 85' lang='lat' dir='ltr'>An</span> <span class='ocrx_word' id='word_1_217' title='bbox 317 2791 397 2852; x_wconf 92' lang='lat' dir='ltr'>idem</span> <span class='ocrx_word' id='word_1_218' title='bbox 412 2807 483 2851; x_wconf 92' lang='lat' dir='ltr'>cum</span> <span class='ocrx_word' id='word_1_219' title='bbox 504 2788 649 2850; x_wconf 90' lang='lat' dir='ltr'>militibus</span> <span class='ocrx_word' id='word_1_220' title='bbox 668 2789 701 2851; x_wconf 84' lang='lat' dir='ltr'>in</span> <span class='ocrx_word' id='word_1_221' title='bbox 714 2792 829 2853; x_wconf 80' lang='lat' dir='ltr'>actuali</span> <span class='ocrx_word' id='word_1_222' title='bbox 846 2793 1031 2874; x_wconf 74' lang='lat' dir='ltr'>expeditione</span> <span class='ocrx_word' id='word_1_223' title='bbox 1048 2815 1103 2878; x_wconf 89' lang='lat' dir='ltr'>po-</span> 
     </span>
     <span class='ocr_line' id='line_1_31' title="bbox 127 2879 259 2942; baseline 0.03 -4"><span class='ocrx_word' id='word_1_224' title='bbox 127 2901 144 2938; x_wconf 83' lang='lat' dir='ltr'>u</span> <span class='ocrx_word' id='word_1_225' title='bbox 165 2879 259 2942; x_wconf 76' lang='lat' dir='ltr'>siit&#39;s‘i</span> 
     </span>
    </p>

    <p class='ocr_par' dir='ltr' id='par_1_11' title="bbox 124 2967 1101 3229">
     <span class='ocr_line' id='line_1_32' title="bbox 169 2967 1101 3034; baseline 0.006 -7"><span class='ocrx_word' id='word_1_226' title='bbox 169 2990 184 3027; x_wconf 78' lang='lat' dir='ltr'>a</span> <span class='ocrx_word' id='word_1_227' title='bbox 206 2973 239 3030; x_wconf 85' lang='lat'>5⁰</span> <span class='ocrx_word' id='word_1_228' title='bbox 252 2973 298 3030; x_wconf 88' lang='lat' dir='ltr'>An</span> <span class='ocrx_word' id='word_1_229' title='bbox 314 2969 394 3031; x_wconf 92' lang='lat' dir='ltr'>idem</span> <span class='ocrx_word' id='word_1_230' title='bbox 409 2987 480 3031; x_wconf 87' lang='lat' dir='ltr'>cum</span> <span class='ocrx_word' id='word_1_231' title='bbox 501 2967 645 3029; x_wconf 87' lang='lat' dir='ltr'>militibus</span> <span class='ocrx_word' id='word_1_232' title='bbox 663 2970 777 3031; x_wconf 90' lang='lat' dir='ltr'>nubere</span> <span class='ocrx_word' id='word_1_233' title='bbox 790 2969 959 3032; x_wconf 89' lang='lat' dir='ltr'>volentibus</span> <span class='ocrx_word' id='word_1_234' title='bbox 973 2973 1071 3034; x_wconf 84' lang='lat' dir='ltr'>cunrf</span> <span class='ocrx_word' id='word_1_235' title='bbox 1089 3009 1101 3019; x_wconf 93' lang='lat'>-</span> 
     </span>
     <span class='ocr_line' id='line_1_33' title="bbox 125 3056 1101 3138; baseline 0.006 -20"><span class='ocrx_word' id='word_1_236' title='bbox 125 3082 142 3118; x_wconf 84' lang='lat' dir='ltr'>u</span> <span class='ocrx_word' id='word_1_237' title='bbox 165 3059 257 3120; x_wconf 91' lang='lat' dir='ltr'>minis</span> <span class='ocrx_word' id='word_1_238' title='bbox 270 3077 331 3120; x_wconf 93' lang='lat' dir='ltr'>uon</span> <span class='ocrx_word' id='word_1_239' title='bbox 344 3058 532 3128; x_wconf 87' lang='lat' dir='ltr'>militaribus,</span> <span class='ocrx_word' id='word_1_240' title='bbox 547 3056 600 3117; x_wconf 91' lang='lat' dir='ltr'>sed</span> <span class='ocrx_word' id='word_1_241' title='bbox 611 3057 702 3134; x_wconf 83' lang='lat' dir='ltr'>Italis,</span> <span class='ocrx_word' id='word_1_242' title='bbox 715 3057 885 3138; x_wconf 87' lang='lat' dir='ltr'>originariis</span> <span class='ocrx_word' id='word_1_243' title='bbox 900 3057 958 3121; x_wconf 89' lang='lat' dir='ltr'>loci</span> <span class='ocrx_word' id='word_1_244' title='bbox 969 3077 1022 3121; x_wconf 86' lang='lat' dir='ltr'>seu</span> <span class='ocrx_word' id='word_1_245' title='bbox 1032 3060 1101 3124; x_wconf 82' lang='lat' dir='ltr'>diae</span> 
     </span>
     <span class='ocr_line' id='line_1_34' title="bbox 124 3144 622 3229; baseline -0.008 -22"><span class='ocrx_word' id='word_1_246' title='bbox 124 3169 141 3207; x_wconf 82' lang='lat' dir='ltr'>r</span> <span class='ocrx_word' id='word_1_247' title='bbox 163 3149 241 3210; x_wconf 91' lang='lat' dir='ltr'>cesis</span> <span class='ocrx_word' id='word_1_248' title='bbox 255 3148 286 3209; x_wconf 92' lang='lat' dir='ltr'>in</span> <span class='ocrx_word' id='word_1_249' title='bbox 301 3149 362 3229; x_wconf 82' lang='lat' dir='ltr'>qut</span> <span class='ocrx_word' id='word_1_250' title='bbox 376 3144 594 3229; x_wconf 79' lang='lat' dir='ltr'>reperiuntur?</span> <span class='ocrx_word' id='word_1_251' title='bbox 607 3167 622 3203; x_wconf 81' lang='lat' dir='ltr'>u</span> 
     </span>
    </p>

    <p class='ocr_par' dir='ltr' id='par_1_12' title="bbox 118 3233 1100 3568">
     <span class='ocr_line' id='line_1_35' title="bbox 162 3233 1098 3317; baseline 0.004 -19"><span class='ocrx_word' id='word_1_252' title='bbox 162 3236 278 3299; x_wconf 85' lang='lat' dir='ltr'>Eadem</span> <span class='ocrx_word' id='word_1_253' title='bbox 290 3237 402 3299; x_wconf 90' lang='lat' dir='ltr'>decisio</span> <span class='ocrx_word' id='word_1_254' title='bbox 417 3236 472 3299; x_wconf 91' lang='lat' dir='ltr'>fuit</span> <span class='ocrx_word' id='word_1_255' title='bbox 485 3236 609 3317; x_wconf 89' lang='lat' dir='ltr'>repetita</span> <span class='ocrx_word' id='word_1_256' title='bbox 623 3239 663 3298; x_wconf 74' lang='lat'>28</span> <span class='ocrx_word' id='word_1_257' title='bbox 674 3233 752 3316; x_wconf 89' lang='lat' dir='ltr'>junii</span> <span class='ocrx_word' id='word_1_258' title='bbox 766 3238 854 3298; x_wconf 78' lang='lat' dir='ltr'>taor.</span> <span class='ocrx_word' id='word_1_259' title='bbox 872 3238 917 3298; x_wconf 83' lang='lat' dir='ltr'>Ex</span> <span class='ocrx_word' id='word_1_260' title='bbox 930 3236 977 3298; x_wconf 90' lang='lat' dir='ltr'>his</span> <span class='ocrx_word' id='word_1_261' title='bbox 991 3237 1098 3302; x_wconf 90' lang='lat' dir='ltr'>deduci</span> 
     </span>
     <span class='ocr_line' id='line_1_36' title="bbox 118 3324 1098 3408; baseline 0.001 -19"><span class='ocrx_word' id='word_1_262' title='bbox 118 3325 212 3389; x_wconf 88' lang='lat' dir='ltr'>debet</span> <span class='ocrx_word' id='word_1_263' title='bbox 225 3326 307 3407; x_wconf 81' lang='lat' dir='ltr'>quod</span> <span class='ocrx_word' id='word_1_264' title='bbox 322 3327 472 3407; x_wconf 83' lang='lat' dir='ltr'>Capeliani</span> <span class='ocrx_word' id='word_1_265' title='bbox 488 3325 618 3388; x_wconf 89' lang='lat' dir='ltr'>miiitum</span> <span class='ocrx_word' id='word_1_266' title='bbox 631 3325 662 3386; x_wconf 95' lang='lat' dir='ltr'>in</span> <span class='ocrx_word' id='word_1_267' title='bbox 678 3324 825 3406; x_wconf 80' lang='lat' dir='ltr'>praesidiis</span> <span class='ocrx_word' id='word_1_268' title='bbox 839 3324 899 3386; x_wconf 92' lang='lat' dir='ltr'>sint</span> <span class='ocrx_word' id='word_1_269' title='bbox 912 3327 1098 3408; x_wconf 88' lang='lat' dir='ltr'>approbandi</span> 
     </span>
     <span class='ocr_line' id='line_1_37' title="bbox 119 3413 1100 3496; baseline 0.002 -18"><span class='ocrx_word' id='word_1_270' title='bbox 119 3415 159 3478; x_wconf 92' lang='lat' dir='ltr'>ab</span> <span class='ocrx_word' id='word_1_271' title='bbox 172 3415 339 3478; x_wconf 89' lang='lat' dir='ltr'>Ordinariis</span> <span class='ocrx_word' id='word_1_272' title='bbox 353 3415 504 3494; x_wconf 87' lang='lat' dir='ltr'>locorum,</span> <span class='ocrx_word' id='word_1_273' title='bbox 521 3415 578 3477; x_wconf 88' lang='lat' dir='ltr'>nisi</span> <span class='ocrx_word' id='word_1_274' title='bbox 602 3413 755 3476; x_wconf 85' lang='lat' dir='ltr'>facultates</span> <span class='ocrx_word' id='word_1_275' title='bbox 776 3413 953 3496; x_wconf 81' lang='lat' dir='ltr'>spectatesa</span> <span class='ocrx_word' id='word_1_276' title='bbox 974 3416 1005 3478; x_wconf 89' lang='lat' dir='ltr'>S.</span> <span class='ocrx_word' id='word_1_277' title='bbox 1021 3417 1100 3480; x_wconf 86' lang='lat' dir='ltr'>Sede</span> 
     </span>
     <span class='ocr_line' id='line_1_38' title="bbox 118 3503 320 3568; baseline 0 -1"><span class='ocrx_word' id='word_1_278' title='bbox 118 3503 320 3568; x_wconf 90' lang='lat' dir='ltr'>obtinuerint.</span> 
     </span>
    </p>

    <p class='ocr_par' dir='ltr' id='par_1_13' title="bbox 117 3592 1095 3764">
     <span class='ocr_line' id='line_1_39' title="bbox 160 3592 1095 3676; baseline 0.004 -21"><span class='ocrx_word' id='word_1_279' title='bbox 160 3593 276 3656; x_wconf 85' lang='lat' dir='ltr'>Dicitur</span> <span class='ocrx_word' id='word_1_280' title='bbox 289 3600 391 3657; x_wconf 90' lang='lat' dir='ltr'>tamen</span> <span class='ocrx_word' id='word_1_281' title='bbox 407 3595 437 3657; x_wconf 94' lang='lat' dir='ltr'>in</span> <span class='ocrx_word' id='word_1_282' title='bbox 448 3593 694 3676; x_wconf 84' lang='lat' dir='ltr'>Analeetisjaris</span> <span class='ocrx_word' id='word_1_283' title='bbox 701 3593 855 3675; x_wconf 69' lang='lat' dir='ltr'>pontificii</span> <span class='ocrx_word' id='word_1_284' title='bbox 867 3592 993 3674; x_wconf 76' lang='lat' dir='ltr'>(ianuier</span> <span class='ocrx_word' id='word_1_285' title='bbox 1006 3599 1095 3672; x_wconf 85' lang='grc'>1656,</span> 
     </span>
     <span class='ocr_line' id='line_1_40' title="bbox 117 3681 1094 3764; baseline -0.001 -16"><span class='ocrx_word' id='word_1_286' title='bbox 117 3682 178 3748; x_wconf 85' lang='lat' dir='ltr'>eni.</span> <span class='ocrx_word' id='word_1_287' title='bbox 203 3683 292 3758; x_wconf 81' lang='lat' dir='ltr'>l883i</span> <span class='ocrx_word' id='word_1_288' title='bbox 309 3701 317 3745; x_wconf 90' lang='lat'>:</span> <span class='ocrx_word' id='word_1_289' title='bbox 337 3685 408 3748; x_wconf 80' lang='lat' dir='ltr'>aba</span> <span class='ocrx_word' id='word_1_290' title='bbox 430 3686 538 3748; x_wconf 73' lang='lat' dir='ltr'>Sacrae</span> <span class='ocrx_word' id='word_1_291' title='bbox 556 3681 776 3764; x_wconf 81' lang='lat' dir='ltr'>Congregatiou</span> <span class='ocrx_word' id='word_1_292' title='bbox 797 3681 841 3745; x_wconf 93' lang='lat' dir='ltr'>du</span> <span class='ocrx_word' id='word_1_293' title='bbox 864 3683 1022 3748; x_wconf 83' lang='lat' dir='ltr'>Concita...</span> <span class='ocrx_word' id='word_1_294' title='bbox 1040 3685 1094 3748; x_wconf 77' lang='lat' dir='ltr'>de-</span> 
     </span>
    </p>
   </div>
   <div class='ocr_carea' id='block_1_3' title="bbox 0 0 1300 4214">
    <p class='ocr_par' dir='ltr' id='par_1_14' title="bbox 0 0 1300 4214">
     <span class='ocr_line' id='line_1_41' title="bbox 0 0 1300 4214; baseline 0 9"><span class='ocrx_word' id='word_1_295' title='bbox 0 0 1300 4214; x_wconf 95' lang='lat' dir='ltr'> </span> 
     </span>
    </p>
   </div>
  </div>
 </body>
</html>
