2548 4216
437 223 439 227 ·
502 223 589 272 claun
611 223 730 267 ceruus.
1050 215 1110 273 aaa

166 330 238 387 tar.
262 323 385 396 Ouaerit.
401 325 434 384 2⁰
451 325 498 383 An
514 323 642 403 graviter
657 329 761 404 peccet
776 324 945 404 Episcopus
961 324 1105 386 adminis-

128 425 211 478 nans
224 409 493 474 confirmationem
503 411 617 492 absque
630 411 865 474 sacrisvestibus
875 419 904 474 et
917 413 1111 475 ceremoniis

124 505 159 565 in
175 499 345 564 Pontificali
360 498 571 581 praescriptis?
1155 541 1156 544 κ

166 593 259 671 Resp.
287 590 364 652 (lum
390 589 422 651 S.
436 589 571 668 liquor.
600 587 664 668 (lib.
681 593 717 662 6,
741 599 775 650 n⁰
792 589 889 667 l8l):
911 589 1113 670 «Episcopus

132 703 150 738 a
171 679 262 742 debet
276 696 342 740 esse
365 677 489 739 indutus
517 677 629 740 amictu
653 696 744 759 supra
764 678 921 740 rochetum
946 679 992 739 vel
1009 696 1114 758 super·

132 790 150 832 tr
173 767 333 848 pelliceum
349 765 374 827 si
388 766 426 828 sit
440 765 618 846 religiosus,
634 785 668 829 ac
681 768 773 841 stoltt,
785 767 905 848 pluviali
916 767 974 828 albi
989 765 1109 842 coloris,

131 879 149 916 a
171 857 261 918 mitra
279 865 308 918 et
330 855 478 917 haculo...
494 857 639 918 Veritas...
666 857 780 932 Diana,
805 857 936 931 Tanner,
962 857 1108 937 Sporer...

132 968 150 1004 a
171 944 278 1008 dicunt
301 962 367 1006 esse
394 944 520 1005 mortale
539 945 676 1006 omittere
699 946 802 1008 omnia
825 945 967 1026 praedicta
995 945 1110 1005 instru-

135 1058 151 1093 (ι
175 1034 381 1110 menta,ot1m
396 1033 461 1112 ipsa
474 1033 642 1113 pertineant
655 1033 692 1095 ad
704 1035 903 1097 reverentiam
916 1033 1093 1095 sacramenti
1101 1053 1112 1108 ;

135 1147 151 1181 a
175 1123 263 1184 seclis
276 1123 301 1182 si
320 1119 440 1202 aliquod
461 1123 579 1183 tantiam
594 1122 769 1184 omittatur:
787 1122 857 1203 quia
871 1121 900 1182 id
920 1141 981 1183 non
995 1121 1111 1182 uidetur

135 1235 151 1270 a
173 1228 239 1272 esse
252 1209 375 1278 materia
387 1210 522 1291 gravis...
536 1209 761 1273 advertendum
774 1218 876 1272 tamen
888 1258 897 1287 ,
908 1211 1008 1292 quoad
1022 1211 1112 1272 hacu—
1178 1287 1182 1292 .

134 1322 151 1358 a
174 1299 254 1376 lum,
271 1297 409 1360 sufficere
423 1298 543 1380 quod...
558 1307 678 1362 maneat
696 1300 816 1381 publice
830 1301 1018 1380 expositum,
1035 1299 1111 1360 vela

135 1413 150 1446 «ι
174 1387 283 1450 clerico
311 1387 517 1450 detineatur...
549 1391 623 1449 Item
650 1390 680 1450 S.
710 1391 820 1469 Congu.
851 1390 888 1449 de
915 1387 1115 1469 Propagandi

136 1503 151 1537 u
176 1476 259 1554 Fide,
280 1476 381 1540 ldec.
399 1481 475 1538 trau
487 1525 497 1552 ,
511 1475 673 1539 declararit
692 1477 827 1540 sufficere
845 1476 928 1557 qudd
946 1477 1117 1558 Episcopus·

138 1589 154 1624 α
178 1565 244 1627 siue
256 1563 355 1637 mitra,
372 1565 505 1627 adhibita
519 1566 636 1626 tantum
652 1567 738 1640 stola,
752 1565 923 1628 confirmet.

181 1653 430 1718 «Notandum...
459 1654 656 1716 omissionem
679 1656 796 1736 alapae,
819 1655 936 1716 secluso
949 1653 1110 1731 scandalo,

135 1769 153 1804 a
178 1761 335 1825 nunquam
353 1761 419 1806 esse
443 1744 654 1820 mortalem...;
677 1744 873 1806 omissionem
896 1749 996 1805 autem
1013 1744 1111 1820 cerei,

137 1858 152 1893 ι
177 1831 361 1894 Ledesma...
378 1839 408 1894 et
421 1834 498 1894 Sa...
515 1831 650 1894 absolute
664 1839 779 1914 negant
792 1849 928 1914 unquam
947 1851 1035 1913 posse
1049 1851 1113 1895 esse

135 1947 153 1981 a
179 1921 336 1984 mortalem
357 1967 366 1998 ,
394 1922 466 1982 clam
489 1920 554 1984 haec
584 1923 765 1984 caeremonia
791 1922 918 1983 minime
945 1922 1113 1984 inveniatur

135 2035 152 2071 ι
178 2010 362 2091 praescripta,
377 2010 430 2072 sed
445 2029 482 2072 ex
495 2010 560 2072 solo
573 2029 631 2073 usu
646 2012 684 2073 sit
701 2011 880 2076 introducta.

182 2100 312 2160 «Frons
340 2098 510 2160 confirmati
538 2098 698 2178 obliganda
732 2105 777 2161 est
803 2099 895 2161 tascie
917 2099 997 2160 linea
1025 2118 1114 2162 cruce

135 2215 152 2250 a
180 2189 301 2263 notata,
326 2187 470 2268 gestanda
492 2205 575 2260 uno,
598 2188 693 2250 tribus
713 2188 761 2249 vel
787 2193 903 2268 septem
922 2187 1044 2266 diebus,
1060 2208 1118 2268 pro

135 2303 153 2338 u
177 2277 415 2352 consuetudine,
436 2277 518 2338 illota
539 2275 661 2336 interim
682 2275 798 2351 fronte;
819 2275 872 2338 sed
890 2274 1116 2357 hodie,inqn'1t

138 2391 156 2428 a
181 2368 213 2428 S.
229 2365 350 2446 Lignor.
369 2363 434 2446 (tio.
454 2369 485 2440 6,
500 2373 534 2426 n⁰
550 2363 633 2446 l88),
651 2382 688 2426 ex
704 2363 924 2439 desuetudine,
943 2361 1009 2426 haec
1022 2383 1114 2426 caere-

136 2481 155 2516 α
178 2454 279 2517 monia
294 2472 356 2515 non
371 2452 500 2533 amplius
519 2452 551 2514 iu
568 2453 678 2514 uostris
693 2453 826 2532 partibus
843 2451 936 2514 estin
954 2454 1114 2527 usu,ci1m

137 2569 155 2602 a
178 2543 277 2606 statim
292 2547 358 2624 post
373 2543 549 2604 unctionem
558 2546 730 2622 extergatur
737 2541 821 2602 trous
832 2539 1001 2603 confirmati
1013 2589 1021 2618 ,
1033 2550 1063 2604 et
1073 2544 1119 2604 sic·

137 2657 156 2693 ι
178 2632 353 2694 dimittatur.
370 2652 385 2690 a
404 2633 447 2691 lta
459 2629 492 2690 tit
505 2631 595 2692 etiam
612 2631 643 2691 iu
659 2630 764 2692 Gallia.

181 2743 197 2782 a
216 2719 390 2782 Benedictio
406 2719 591 2796 communis,
607 2737 675 2801 quae
689 2718 777 2782 datur
786 2719 824 2782 ah
838 2717 989 2799 Episcopo
1002 2721 1112 2782 confir·

137 2835 157 2874 ι
179 2809 268 2872 matis
282 2808 313 2870 iu
329 2809 410 2886 tine,
425 2813 547 2870 nonest
562 2807 729 2870 necessaria
743 2808 781 2870 ad
796 2815 1041 2888 sacramentum,
1063 2811 1118 2872 sed¹

137 2922 157 2961 α
177 2906 222 2962 est
235 2897 362 2978 simplex
377 2896 568 2958 caeremonia.
584 2917 599 2955 u

176 2992 246 3052 425.
270 2985 392 3059 Quaerit.
417 2988 450 3047 3⁰
477 2989 523 3046 An
549 2985 685 3047 absolute
708 2986 877 3068 requiratur
899 2985 1039 3046 Patrinus
1060 3007 1116 3066 pro

133 3078 328 3158 susceptione
343 3073 523 3136 sacramenti
536 3073 803 3135 Confirmationisl

119 3212 122 3232 ,
175 3167 265 3247 Resp.
287 3163 469 3225 Affirmattve
490 3181 527 3224 ex
546 3161 703 3224 communi
722 3164 785 3224 DD.
807 3162 971 3235 sententia,
992 3165 1022 3222 et
1043 3179 1113 3224 casu

132 3273 199 3338 quo
212 3252 441 3316 confirmandus
450 3256 494 3312 est
504 3268 590 3331 puer,
602 3251 739 3332 patrinus
749 3250 795 3312 rel
810 3251 939 3312 matrina
953 3249 1115 3330 requiritur

133 3342 194 3407 sub
213 3342 313 3425 gravi,
334 3341 393 3402 nisi
410 3339 514 3401 haberi
537 3357 598 3400 non
618 3346 728 3421 posset.
752 3340 892 3402 Petrinus
911 3347 1013 3400 autem
1035 3338 1114 3400 desi·

133 3430 278 3512 gnandus
290 3432 361 3492 esta
375 3427 564 3512 parentibus,
581 3429 625 3489 vel
641 3428 679 3489 ab
690 3428 852 3510 Episcopo,
864 3445 971 3490 eorum
984 3427 1112 3490 delectu.

133 3525 224 3585 Unus
239 3520 358 3582 tantum
373 3518 429 3598 (vel
444 3517 515 3594 una)
530 3523 575 3578 est
589 3517 809 3593 admittendus,
826 3523 856 3579 et
871 3535 995 3598 quruem
1011 3517 1063 3598 qui
1077 3517 1116 3578 sit

134 3609 273 3690 ejusdem
287 3610 377 3670 sexus
390 3626 424 3670 ac
437 3605 666 3668 confirmandus
678 3604 766 3687 (Gap.
782 3605 851 3683 tin,
866 3605 912 3668 De
924 3615 1041 3686 copam.
1056 3605 1115 3686 spi·

137 3698 299 3765 areatat
310 3695 503 3764 Pontificalel.
518 3694 667 3768 Patriuus,
681 3696 766 3769 juxta
779 3696 960 3757 sententiam
974 3711 1110 3756 cunimu-
