2548 4216
487 247 572 291 111111
594 247 712 294 rnruus.
785 257 786 260 ¹
1032 237 1087 292 311

113 345 167 408 lati
191 345 359 424 inferiores,
370 362 431 406 non
445 351 547 407 autem
561 347 744 427 Capitulum,
756 347 849 429 quod,
865 348 942 412 Sede
952 353 1087 420 vacante,

113 440 236 496 nonest
249 431 375 494 inferius
390 431 443 495 sad
457 452 512 514 par
524 433 684 516 Episcopo

155 524 257 584 Potest
271 521 407 584 Vicarius
420 522 597 603 Capitularis
609 526 888 602 excommunicare,
903 523 1087 604 suspendere

111 611 333 674 etinterdioere
343 611 477 688 singulas
487 629 632 691 personas
641 613 981 695 deCapitul0,nonverd
990 619 1087 676 toturn

109 701 297 782 Capitulum.
313 699 455 763 Decisum
468 700 527 763 dS.
538 701 687 784 Congreg.
696 704 809 765 Concil.
822 709 945 766 testatur
954 702 1084 764 Garcias.

157 793 177 849 Α
195 789 331 852 censuris
345 791 434 871 Papae
448 807 511 851 non
525 792 698 871 reservatis,
714 800 765 854 aut
780 793 846 854 latis
858 794 877 854 a
889 810 922 854 se
937 791 982 852 111
997 791 1080 852 101-

110 877 212 959 pitulo
223 879 268 940 vel
281 881 298 940 1
310 878 453 940 defuncto
467 879 592 941 Praelato
606 879 759 944 absoluere
774 888 881 963 potest,
890 881 952 942 imd
966 879 1003 941 ab
1015 897 1073 942 orn·

111 967 205 1029 nibus
219 967 356 1030 censuris
369 975 459 1048 prout
472 975 588 1048 poterat
601 968 778 1050 Episcopus.

154 1060 223 1118 181.
240 1057 362 1128 Ouaerit.
374 1060 406 1118 2⁰
417 1057 494 1128 Quid
508 1057 679 1138 Capitulum
692 1063 745 1120 aut
758 1059 896 1121 vicarius
910 1057 1086 1142 Capitularis

108 1146 206 1225 possit
220 1144 320 1226 quoad
334 1143 594 1226 dispensationes?

153 1235 240 1314 Resp.
261 1234 343 1295 Idem
356 1233 438 1314 quod
453 1235 637 1314 Episcopus:
650 1234 731 1297 unde
748 1240 780 1296 1ο
794 1235 824 1296 in
840 1235 974 1298 locisubi
985 1255 1085 1320 recep

106 1328 177 1384 tum
193 1332 239 1384 est
250 1323 365 1386 Concil.
380 1321 529 1400 Trident,
542 1329 640 1404 polest
650 1323 825 1404 dispensare
839 1344 929 1407 super
943 1327 1085 1389 omnibus

107 1410 378 1494 irregularitatibus
396 1411 522 1474 occultis
540 1429 577 1474 11
594 1411 703 1474 delicto
725 1413 906 1490 contractis,
922 1413 1085 1477 homicidio

105 1500 435 1582 uoluntarioexcep103
449 1503 483 1561 2⁰
497 1505 596 1583 potest
617 1500 790 1581 dispensare
804 1519 894 1582 super
908 1500 1082 1580 interstitiis,

106 1587 141 1648 in
164 1589 285 1652 casibus
305 1589 418 1670 quibus
435 1588 620 1650 dimissorias
640 1588 807 1652 concedere
829 1589 969 1666 11111,;3ο
988 1596 1084 1670 potest

102 1675 284 1758 dispensare
296 1695 368 1740 curn
380 1675 542 1752 illegitimis
555 1675 593 1737 ad
614 1677 749 1739 minores
763 1677 884 1739 ordines
897 1696 1082 1760 promoven-

102 1765 174 1840 dis;
190 1771 223 1826 4⁰
238 1767 317 1828 idern
332 1771 428 1846 potest
440 1766 471 1826 in
486 1764 624 1838 casibus,
641 1784 703 1827 non
718 1767 817 1827 solnm
828 1767 882 1846 qui
897 1786 951 1847 per
964 1785 1015 1846 se,
1030 1769 1083 1831 sed

101 1854 198 1916 etiarn
213 1856 265 1935 qui
280 1875 334 1936 per
349 1853 491 1918 accidens
507 1854 630 1936 (nempe
652 1863 775 1936 propter
797 1854 1002 1918 difficultatem
1025 1859 1081 1920 ad-

100 1943 199 2004 eundi
211 1943 336 2026 Papam)
351 1949 423 2006 sunt
437 1942 621 2025 Episcopalis
629 1943 857 2022 jurisdictionis.

134 2036 217 2094 ‘482
236 2035 357 2106 Quaerit.
368 2036 400 2095 3⁰
417 2033 555 2094 Potestne
568 2032 737 2112 Capitulum
751 2041 801 2096 aut
813 2033 947 2097 Vioarius
957 2036 1080 2118 Capitu-

101 2120 178 2183 laris
190 2123 302 2186 litteras
315 2121 530 2186 testimoniales
545 2127 574 2184 et
585 2120 770 2184 dimissorias
786 2122 953 2184 concedere
962 2125 1000 2186 ad
1011 2144 1081 2187 sus-

98 2209 263 2290 cipiendos
276 2211 419 2274 ordines?

146 2300 236 2380 ltesp.
253 2304 283 2363 t·
299 2299 404 2372 Quoad
418 2299 530 2362 litteras
543 2297 769 2372 testimoniales,
782 2297 845 2360 illas
855 2317 942 2380 posse
954 2303 1078 2365 concedi
1141 2384 1143 2388 .
1232 2376 1235 2383 ¹

97 2389 119 2450 0
137 2388 273 2470 Capitulo
286 2437 293 2466 ,
308 2389 354 2449 vel
369 2390 388 2451 0
401 2387 521 2450 vicario
536 2383 708 2468 Capitulari.
726 2389 767 2448 lta
783 2387 996 2451 communiter.

141 2479 177 2538 2·
198 2477 302 2549 Quoad
317 2477 429 2539 litteras
442 2474 640 2548 dimissorias,
655 2474 698 2535 sic
713 2473 803 2536 habet
815 2475 930 2538 Concil.
942 2477 1076 2542 Trident

97 2565 192 2648 (sess.
208 2571 238 2642 7,
255 2585 281 2630 c.
295 2567 346 2644 10)
364 2585 372 2627 :
391 2567 488 2628 «Non
503 2564 590 2626 liceat
609 2562 752 2644 Capitulis
767 2563 988 2642 Ecclesiarum,
1000 2569 1077 2631 Sede

101 2675 121 2713 a
141 2660 286 2730 vacante,
301 2654 379 2717 infra
393 2670 509 2716 annum
525 2651 801 2725 asseverationis,
817 2651 976 2716 ordinandi
987 2656 1078 2720 licen·

100 2766 119 2802 a
141 2742 216 2803 111111
229 2750 281 2804 aut
294 2743 407 2806 litteras
417 2741 601 2806 dimissorias
613 2760 663 2804 seu
678 2741 847 2803 reuerendus
862 2741 964 2822 (etiarn
978 2747 1077 2825 cujus·

101 2856 118 2891 a
140 2831 186 2893 vis
201 2831 347 2913 privilegii
359 2838 411 2895 aut
424 2829 651 2895 consuetudinis
665 2830 779 2914 vigore)
796 2831 896 2906 alicui,
917 2833 968 2914 qui
983 2834 1075 2898 bene-

100 2944 118 2979 1
140 2919 202 2982 ficii
225 2922 383 2984 occasione
395 2927 526 2985 arctatus
540 2938 602 2982 non
617 2918 726 2996 fuerit,
742 2921 908 2984 concedere
925 2941 932 2982 :
950 2922 975 2984 si
989 2942 1076 2988 secus

99 3034 117 3069 a
141 3010 211 3084 liat,
239 3011 411 3092 Capitulum
439 3007 669 3073 contraveniens
694 3009 905 3092 Ecclesiastico
925 3010 1076 3090 subjaceat

99 3122 117 3159 u
139 3099 337 3161 interdicto...
352 3121 368 3159 r
384 3099 460 3160 Vide
474 3097 564 3160 etiarn
579 3115 652 3157 sess.
666 3099 722 3169 23,
738 3115 804 3177 cap.
819 3100 867 3160 10.

139 3187 240 3250 Potest
253 3195 356 3251 tamen
367 3189 503 3252 Vicarius
517 3184 710 3266 Capitutarts,
726 3191 796 3246 ante
808 3185 944 3266 elapsum
958 3205 1074 3252 annum

95 3277 186 3340 Sedis
196 3279 349 3357 vacantis,
364 3278 505 3360 expedire
518 3273 704 3336 dimissorias
717 3291 793 3356 quas
810 3274 970 3338 defunctus
984 3279 1073 3359 Epis-

96 3383 206 3446 copus,
223 3367 405 3429 nominatim
418 3370 624 3439 concesserat,
640 3369 670 3424 et
684 3369 780 3424 morte
794 3364 997 3446 praeven'iente
1012 3385 1073 3431 non

95 3453 281 3536 expedierat.
295 3457 327 3518 S.
341 3457 374 3520 C.
389 3458 495 3534 Cano,
510 3459 549 3516 Et
559 3471 623 3534 apr.
643 3454 732 3515 1100.

137 3545 376 3608 controvertitur
397 3552 500 3608 autern
525 3548 628 3605 atrurn
649 3540 805 3604 decretum
826 3542 918 3604 modd
944 3545 1072 3612 relatum

95 3631 330 3710 intelligendum
343 3635 381 3695 sil
399 3634 490 3696 etiarn
509 3629 610 3710 quoad
632 3629 761 3710 primam
784 3639 959 3708 tonsuram,
984 3655 1071 3698 oom-

96 3724 221 3782 nruninr
236 3723 384 3784 sententia
398 3723 541 3793 affirmata
563 3721 600 3781 D.
619 3717 713 3780 Bouix
735 3727 836 3782 taurea
860 3725 1020 3806 propendit
1042 3727 1074 3787 ia

982 3821 1030 3866 ur·
