2526 4210
371 305 375 314 '
442 319 529 362 araca
550 319 668 362 enrlrus.
989 312 1045 364 193

88 445 100 478 ς’
117 422 164 484 sed
185 421 406 503 provocationes
417 418 454 480 ad
469 436 632 480 causam.»
651 420 734 498 (Cap.
756 419 830 482 cam
843 419 884 480 sit
898 419 1045 497 Romanu,

85 513 121 571 lle
136 501 284 594 rispetti?

115 601 149 660 El
162 598 337 662 vord'ilodic
351 596 428 659 istud
447 593 615 657 remedium
636 596 673 657 ed
693 595 815 674 majoris
834 602 878 658 est
898 597 1046 658 momenti

83 686 153 766 qrxtld
164 688 258 750 raribs
269 688 424 765 contingat
437 683 557 766 proprie
571 683 686 746 dictum
696 685 857 762 Judicium.

115 779 142 836 l·
164 776 314 838 Rccusotr'u
326 773 435 852 judicis
450 819 458 849 ,
473 773 561 851 cuius
574 791 644 834 reus
660 773 791 834 declinat
802 773 1045 854 jurisdictionem

84 871 190 944 propter
214 884 265 926 eas
287 880 392 926 causas
413 863 518 942 quaea
544 860 711 923 canonibus
734 861 943 924 admittuntur.
966 861 1046 923 Huic

83 953 202 1014 remedio
213 953 310 1014 odinis
324 956 368 1012 est
381 949 525 1031 oppositio
536 949 688 1010 nullitutis
701 951 862 1014 sententiae.

116 1042 180 1104 3⁴25.
197 1042 319 1115 Quaerit.
336 1043 366 1101 2⁰
382 1039 569 1110 Quibusnam
583 1038 614 1099 in
628 1039 747 1100 casibus
762 1039 848 1102 detur
862 1039 1043 1120 appellatio?

115 1131 198 1211 ltesp.
212 1129 409 1201 Generaliter,
423 1126 479 1188 nisi
490 1128 630 1207 expresse
640 1129 690 1206 jus
700 1128 831 1210 aliquam
845 1147 1042 1210 personarum

81 1215 120 1276 rel
135 1236 291 1282 causarum
303 1215 433 1298 speciem
445 1215 591 1291 excludat,
605 1221 701 1296 potest
712 1218 854 1298 appellari
868 1219 884 1279 a
897 1237 1042 1298 quocum·

80 1322 131 1382 que
151 1307 341 1388 gravamine,
371 1304 431 1366 sive
449 1303 592 1382 judiciali,
617 1305 677 1366 sive
698 1305 928 1386 extrajudiciali,
952 1307 1042 1368 etiam

81 1389 168 1457 futuru
188 1396 211 1458 si
226 1397 265 1457 sit
284 1391 521 1474 extrajudiciale,
546 1393 569 1453 si
589 1393 662 1455 verd
683 1393 719 1454 sit
733 1395 889 1472 judiciale,
907 1413 968 1457 non
984 1415 1041 1476 po·-

80 1483 127 1542 last
145 1483 181 1545 ab
203 1503 238 1547 eo
258 1481 415 1565 appellari,
437 1481 494 1542 nisi
514 1482 578 1560 jam
602 1482 639 1543 sit
662 1483 910 1544 comminatum:
934 1484 964 1544 in
987 1483 1042 1546 bac

79 1567 252 1634 alluittendat
272 1572 378 1653 regulis
392 1569 576 1632 concordant
589 1589 696 1631 omnes
708 1571 863 1646 doctores,
879 1577 909 1632 et
927 1579 1041 1634 constat

79 1673 109 1718 ex
122 1657 197 1735 (licto
214 1663 312 1743 capite
333 1661 404 1724 Cum
422 1659 463 1720 sit
480 1658 628 1732 Romanu,
644 1665 675 1719 et
694 1679 760 1740 cap.
780 1659 997 1722 Concertutr'oai
1009 1665 1039 1738 8,

79 1744 116 1807 tit.
139 1752 185 1826 l5,
202 1751 254 1813 lib.
279 1753 309 1826 2,
331 1750 361 1810 in
381 1743 434 1822 '6⁰;
455 1753 485 1809 et
507 1754 553 1809 est
575 1747 758 1809 admittenda
777 1749 866 1810 etiam
890 1748 922 1810 in
943 1749 1043 1812 causis

79 1833 232 1903 milioribus
245 1845 275 1900 et
287 1837 457 1912 levioribus,
468 1853 505 1898 ex
515 1835 604 1916 capit.
620 1839 669 1913 ll,
680 1837 724 1898 tlt.
737 1841 786 1915 ⁶28,
800 1838 850 1900 lib.
864 1841 894 1914 2,
909 1841 1038 1915 Decret,

78 1921 121 1983 ubi
144 1925 311 1989 Alexander
329 1929 366 1988 lll
389 1925 484 1987 dicit:
506 1925 579 1986 alie
600 1926 850 2008 appellationibus
866 1947 920 2009 pro
943 1929 1042 1991 causis

81 2031 93 2067 r
112 2013 241 2078 minimis
259 2015 457 2096 interpositis,
486 2014 625 2076 volumus
647 2023 675 2076 te
693 2022 795 2078 tenere
817 2017 898 2098 quod
916 2018 959 2078 eis
974 2016 1043 2098 (pro

80 2119 93 2155 r
109 2103 282 2187 paedoremque
302 2105 360 2166 levi
373 2102 458 2165 causei
474 2102 561 2185 fiant)
578 2121 639 2165 non
659 2104 761 2166 minias
775 2113 830 2183 est,
846 2107 933 2187 qudm
949 2106 1042 2188 sipro

80 2209 92 2245 r
111 2192 393 2276 usujoribusfiereat,
409 2191 616 2254 deferendum.
633 2213 648 2250 n

111 2278 198 2345 Porrd
208 2283 381 2363 appellatio,
393 2281 454 2342 sive
466 2281 627 2360 Judicialis
642 2281 704 2343 sive
716 2283 959 2362 extrajudicialis,
975 2283 1040 2347 fieri

75 2364 154 2432 debet
168 2372 243 2434 intra
260 2371 453 2445 decendium,
468 2388 503 2431 ex
517 2387 584 2450 cap.
602 2369 824 2432 Cmcertalioui
832 2375 922 2452 supra
937 2374 1037 2450 citato,

76 2461 145 2520 etcx
156 2479 221 2542 cap.
238 2460 322 2536 Oarod
331 2459 371 2520 od
377 2458 618 2520 consultationem
632 2463 681 2534 15,
695 2459 740 2520 tit.
756 2464 807 2534 2¹1,
824 2459 874 2520 lib.
890 2463 1035 2526 2Decrel.

75 2541 158 2612 Secus
179 2550 343 2613 dicendum
358 2548 396 2610 de
418 2547 541 2628 querela
560 2547 715 2624 nuditatis,
732 2567 800 2628 quae
818 2552 945 2630 proponi
963 2552 1038 2614 valet

75 2649 120 2709 per
139 2640 177 2703 30
193 2657 303 2717 annos,
319 2637 371 2700 sed
391 2655 452 2699 non
467 2637 557 2714 ultr'a,
572 2637 643 2698 cirm
656 2638 757 2699 onmis
770 2637 846 2699 actio
860 2639 940 2701 dicto
957 2647 1036 2706 tem-

75 2739 138 2801 pore
150 2727 369 2808 proscribatur.

108 2815 241 2883 Diximus
260 2817 318 2878 ua'si
335 2815 525 2899 capreasdjus
545 2815 662 2898 aliquus
676 2834 774 2876 causas
787 2817 925 2879 excludat
940 2839 948 2881 ε
966 2838 1038 2883 nam

73 2899 162 2981 ijure
175 2905 323 2987 excipitur
342 2909 374 2966 l⁰
392 2905 483 2967 Casus
497 2923 559 2987 quo
579 2905 747 2985 Episcopus
764 2907 1033 2989 eatrojudica'ulr‘ter

73 2992 200 3068 probibet
214 2994 304 3058 alicui
322 3012 480 3056 ascensum
498 2993 536 3055 ad
554 2993 689 3068 ordines,
707 3000 759 3056 aut
775 2997 931 3076 suspendit
943 2999 960 3058 a
972 3000 1033 3076 jam

72 3084 218 3165 susceptis,
236 3085 307 3167 qula
320 3082 551 3145 Conc'lrident.
567 3086 644 3164 (cap.
659 3086 689 3159 l,
700 3101 771 3145 sess.
786 3087 823 3145 lt
837 3083 882 3146 De
895 3085 1036 3170 reform.)

72 3165 137 3234 dicit
148 3174 247 3255 qudd,
264 3175 295 3233 in
311 3173 361 3234 illo
375 3191 465 3250 casu,
481 3171 563 3234 nulla
579 3172 700 3234 licentia
713 3172 810 3233 taliter
824 3173 974 3252 prohibito
988 3178 1035 3238 vel

72 3271 209 3340 suspenso
222 3261 385 3344 suffragare
396 3265 507 3342 potesl;
522 3260 603 3323 unde
612 3261 638 3323 ei
649 3261 841 3324 solummodo
854 3261 1036 3344 relinquitur

70 3343 102 3407 od
113 3348 219 3413 Sedem
235 3351 437 3432 apostolicam
451 3367 601 3412 recursus.

103 3439 133 3498 2·
154 3439 324 3523 Appellatio
342 3439 509 3502 dcensuris
517 3437 585 3518 jum
605 3438 731 3522 inflictis
748 3439 887 3501 effectum
907 3459 969 3502 non
984 3441 1036 3504 ba-

71 3519 114 3587 bet
124 3529 344 3610 suspensivum,
356 3527 408 3590 scd
417 3527 620 3590 devolutivum
633 3529 761 3590 tanlirm.
775 3531 817 3590 lta
831 3533 1033 3595 communiter

68 3617 221 3681 &constat
241 3636 279 3681 ex
301 3634 368 3698 cap.
389 3618 420 3680 Is
436 3617 499 3698 qui,
514 3616 559 3679 De
572 3625 695 3680 sentent.
716 3637 867 3696 esseorum,
887 3619 918 3680 iu
937 3624 988 3697 6⁰3
1004 3629 1032 3683 el

68 3715 127 3784 cap.
141 3705 190 3772 lu
207 3706 284 3783 duc,
299 3704 344 3767 De
356 3706 468 3788 appell.
484 3707 578 3768 Secus
591 3707 616 3769 si
631 3725 693 3769 non
706 3706 818 3770 fuerint
829 3709 895 3789 jam
909 3709 1033 3790 inflictae

67 3787 141 3872 (cup.
157 3795 305 3858 Praeterea
317 3799 347 3862 l,
363 3794 407 3856 De
419 3795 589 3875 appellat).
