2526 4210
463 267 548 312 [turn
572 268 689 312 rotatus.
995 250 1051 310 ata

91 393 104 425 ιι
126 371 233 442 tinere,
251 366 332 447 quod
355 365 503 446 Apostolis
523 367 664 444 expresse
685 365 848 427 revelatum
864 369 924 438 est;
948 361 1051 422 rerlrm

92 483 104 514 ιι
125 457 179 519 hoc
193 457 283 518 etiam
295 454 376 535 quod
391 453 484 514 altera
500 472 536 514 ex
555 453 760 534 propositione
774 453 901 516 revelata
920 449 1053 512 etaltera

91 572 103 600 ιι
123 549 200 607 corta
212 545 242 605 in
258 544 373 606 lumine
387 541 535 616 naturali,
551 541 726 622 syllogismo
740 543 976 620 collectioneque
987 537 1032 599 evi

92 662 104 691 a
123 634 201 696 denti
214 632 407 696 conticitum:
423 631 506 711 quod
516 630 653 711 pluribus
667 632 806 712 explicat,
818 638 847 691 et
860 629 918 690 hoc
931 646 1042 709 praescr

90 725 137 782 tim
149 722 239 784 modo
254 721 306 802 qui
321 720 416 801 magis
427 719 582 800 quaestioni
595 722 734 800 praesenti
749 715 1039 800 congruerevidetur

91 810 236 872 videlicet:
258 809 453 870 «Concilium
468 801 635 884 Nicaenum,
652 809 682 868 in
697 809 756 870 fide
775 827 835 869 non
855 823 986 878 errasse,
1001 811 1053 866 aul

94 924 105 953 ιι
124 899 364 962 Clralcedooense
377 904 428 959 aut
442 895 640 978 Eplresinum,
657 917 714 960 nec
734 898 765 958 in
780 897 873 960 sacris
887 895 980 970 libris,
998 911 1053 954 uec

95 1011 106 1041 ι
126 989 153 1048 in
181 988 394 1069 Apostolorum
418 986 629 1048 traditionibus
656 987 837 1068 explicatum
864 994 922 1060 est;
948 981 1051 1045 sedid

94 1101 105 1130 ιι
125 1077 218 1138 solltm
238 1075 370 1138 Concilio
391 1075 422 1135 in
445 1074 556 1154 Spiritu
586 1077 696 1137 Sancto
718 1075 851 1156 legitime
873 1079 1052 1152 congregata

94 1187 106 1224 ιι
125 1183 220 1227 errare
234 1183 298 1227 non
315 1183 419 1244 posse3
432 1171 460 1224 at
473 1163 553 1243 qudd
568 1164 734 1226 Concilium
751 1165 919 1236 Nicaeuum,
935 1161 1053 1224 Chalce-

95 1275 106 1308 ιι
125 1252 270 1331 dunense,
288 1253 473 1333 Ephesinum
489 1253 620 1330 legitime
635 1254 747 1314 luerint
760 1261 861 1314 coacta
872 1301 881 1327 ,
893 1271 929 1312 ex
954 1250 1053 1312 divina

96 1363 107 1397 u
125 1344 301 1405 revelatione
314 1361 372 1402 uon
389 1341 531 1414 creditur,
544 1342 676 1403 creditur
689 1350 790 1402 tamen
804 1361 839 1401 ex
852 1341 985 1402 humana
994 1340 1053 1401 tide

96 1452 108 1484 ιι
126 1437 152 1491 el
164 1435 323 1494 traditione
337 1430 466 1492 historiae
481 1429 539 1490 fide
554 1431 690 1508 dignae...
709 1430 875 1512 (Attamen)
898 1429 1053 1492 haereticus

96 1541 107 1573 ιι
126 1520 188 1598 erit,
205 1523 256 1600 qui
269 1521 387 1600 negarit
400 1537 504 1580 earum
519 1519 706 1598 synodorum
715 1518 787 1579 scita
802 1537 837 1579 ac
850 1519 980 1592 decreta,
992 1538 1052 1580 nou

96 1629 107 1661 ιι
126 1607 205 1670 aliter
219 1629 254 1673 ac
272 1612 296 1671 si
313 1616 434 1690 negaret
448 1608 682 1686 Evangelium...
700 1607 746 1666 Ad
760 1607 901 1667 eumdem
920 1607 1053 1688 prolecto

96 1717 108 1750 ι
127 1698 267 1774 modum,
286 1700 338 1778 qui
360 1697 512 1775 negaverit
529 1699 701 1757 Romanum
720 1695 895 1757 Pontificem
917 1699 1052 1760 eamdem

98 1807 109 1840 ιι
126 1783 231 1850 haltere
246 1793 425 1868 potestatem
441 1803 534 1864 quam
546 1785 652 1846 Petrus
670 1786 688 1846 a
701 1784 816 1846 Christo
831 1787 960 1865 accepit,
986 1789 1053 1852 oder

98 1896 110 1928 ιι
129 1873 311 1938 adversarius
322 1873 492 1936 censendus
506 1878 560 1934 est.
570 1896 585 1932 u
598 1877 641 1934 lta
655 1873 799 1936 Melchior
809 1875 890 1936 Cano
899 1877 1011 1956 (loidi.

129 1963 329 2026 Nihilominus
340 1965 377 2026 de
392 1965 449 2024 haic
461 1964 610 2025 sententia
622 1965 703 2025 Cano
717 1964 760 2025 sic
769 1963 859 2024 habet
870 1966 991 2029 llilluart
1000 1969 1055 2042 (lle

97 2049 174 2126 uiue,
185 2053 255 2118 diss.
272 2060 303 2117 l.
320 2061 375 2114 art.
389 2059 420 2128 l,
441 2071 580 2133 suppono
593 2053 636 2134 2⁰)
654 2072 661 2112 :
682 2053 762 2112 ultoc
773 2053 876 2114 saltem
895 2064 937 2116 est
948 2057 1053 2136 proba·

102 2161 113 2194 ιι
133 2139 227 2205 bilius.
243 2147 415 2205 n-Suarez
428 2142 500 2203 verd
512 2142 570 2223 (De
584 2140 668 2215 Fide,
685 2141 756 2202 diss.
776 2144 824 2216 to,
836 2150 907 2203 sect.
924 2149 955 2218 3,
969 2165 996 2205 v.
1009 2145 1052 2227 9):

101 2249 113 2284 (ι
131 2229 218 2294 lllt'lril
227 2243 268 2296 est
281 2232 316 2294 de
329 2233 386 2313 fide
401 2240 540 2294 certam.»
555 2233 616 2290 DD.
631 2235 732 2292 autem
749 2231 876 2291 Bouvier
886 2231 943 2312 (De
955 2234 1030 2294 Eccl
1046 2271 1056 2281 ·

102 2338 114 2372 ιι
132 2319 256 2402 sirt‚pars
266 2327 296 2388 3,
308 2341 373 2402 cap.
389 2325 415 2392 l,
428 2327 483 2382 art.
494 2325 523 2393 2,
536 2321 638 2381 versus
651 2319 781 2380 sinerum
793 2322 863 2381 Haec
875 2323 1053 2402 propositio:

102 2426 114 2461 ι
132 2409 272 2492 Pontifeoe
281 2411 426 2474 Romanus
437 2408 573 2470 canonice
584 2409 699 2485 electus,
710 2408 859 2488 lepitinms
868 2419 910 2470 est
923 2411 958 2472 B.
970 2413 1055 2474 Petri

102 2515 115 2551 ιι
132 2516 275 2575 successor,
292 2510 321 2561 rt
329 2500 349 2578 j
352 2518 402 2559 ure
416 2499 517 2560 diuino
531 2496 703 2559 Primatum
709 2497 934 2576 jurisdictionis
948 2501 979 2562 lo
995 2501 1055 2563 told

102 2604 115 2637 ιι
132 2585 376 2666 ecclesiaticae,
393 2587 494 2650 multis
509 2587 624 2648 videtur
635 2587 673 2648 de
686 2584 764 2659 lide,
782 2587 852 2664 quia
866 2607 901 2648 ex
925 2591 1056 2670 promis·

103 2695 115 2727 ιι
134 2674 261 2740 sioniltus
277 2681 308 2739 B.
324 2678 410 2738 Petro
425 2676 520 2753 lactis,
537 2675 573 2736 e'x
588 2677 733 2757 perpetua
746 2675 917 2756 traditione,
933 2698 969 2740 ex
981 2699 1056 2743 una·

103 2781 115 2816 ι
135 2764 203 2826 nimi
223 2768 427 2830 Gonciltorum
442 2774 470 2826 et
484 2767 607 2826 Patrum
622 2783 774 2826 consensu
788 2773 920 2843 constat,
936 2772 966 2829 et
986 2788 1058 2832 cum

104 2872 116 2904 ιι
135 2856 382 2934 propositionibus
398 2854 434 2915 de
449 2853 507 2914 fide
525 2852 721 2914 essentialiter
733 2859 776 2912 est
797 2856 969 2932 conjuncta.
985 2859 1057 2930 Oui-

105 2961 116 2991 ι
134 2939 199 3020 dam
213 2943 483 3026 (tarnemjudicant
493 2942 573 3002 illam
588 2961 645 3001 non
659 2960 715 3000 esse
731 2939 764 3000 de
777 2941 851 3021 fide,
868 2944 940 3024 quia
953 2945 1056 3008 imme-

104 3049 116 3081 ιι
134 3027 207 3092 diota
225 3053 284 3094 non
298 3043 340 3094 est
354 3032 481 3092 revelato
491 3052 499 3106 ;
515 3032 619 3092 verdm
644 3030 728 3108 Juxta
747 3048 868 3106 omnes,
887 3040 930 3092 cst
953 3033 1056 3100 sallem

105 3136 118 3170 ι
135 3121 282 3263 pouclusio
299 3121 481 3202 theologica,
497 3119 546 3182 cui
567 3120 702 3180 internus
721 3123 832 3181 mentis
846 3137 988 3182 assensus
1002 3122 1056 3185 de-

105 3221 118 3256 ‘l
154 3212 255 3270 etur.r

120 3273 172 3339 Sed
185 3280 271 3348 hodie
282 3308 344 3351 non
358 3288 487 3368 amplius
496 3289 527 3350 in
542 3288 671 3353 dubium
683 3289 816 3353 revocari
833 3295 928 3370 potest
938 3288 1044 3386 defldp

87 3369 384 3450 latequottttomanus
393 3378 528 3440 Pontifex
538 3379 644 3440 habeat
653 3380 814 3460 primatum
824 3379 1041 3456 jurisdictionis

87 3453 205 3520 ulnam
214 3465 377 3528 Ecclesiam
389 3489 397 3544 3
408 3470 450 3529 sic
460 3468 542 3530 euim
552 3468 686 3531 definivit
698 3471 874 3529 Vaticanum
891 3469 976 3549 (sess.
989 3467 1040 3544 lV,

86 3535 144 3619 0ιὲ)
158 3551 825 3647 ²‹JSiquisdireritnonesse‚exipsiusChristi
835 3557 1036 3632 institutione,

90 3637 103 3674 l
119 3641 166 3690 ⁸011
176 3653 240 3713 ture
252 3643 363 3716 diuino,
373 3652 405 3706 ut
418 3645 452 3706 B.
468 3645 571 3707 Petrus
582 3645 612 3706 in
622 3646 751 3724 primatu
763 3665 853 3727 super
864 3648 1035 3708 universam

90 3723 103 3760 ¹
120 3711 274 3792 Ecclesiam
287 3731 393 3795 habeat
404 3741 563 3814 perpetuos
580 3753 787 3812 successores3
805 3741 856 3797 aut
871 3737 1034 3818 Romanum
