<?xml version="1.0" encoding="UTF-8"?>
<!DOCTYPE html PUBLIC "-//W3C//DTD XHTML 1.0 Transitional//EN"
    "http://www.w3.org/TR/xhtml1/DTD/xhtml1-transitional.dtd">
<html xmlns="http://www.w3.org/1999/xhtml" xml:lang="en" lang="en">
 <head>
  <title>
</title>
<meta http-equiv="Content-Type" content="text/html;charset=utf-8" />
  <meta name='ocr-system' content='tesseract 3.04.00' />
  <meta name='ocr-capabilities' content='ocr_page ocr_carea ocr_par ocr_line ocrx_word'/>
</head>
<body>
  <div class='ocr_page' id='page_1' title='image "./elementajurisca01craigoog_0279.png"; bbox 0 0 2526 4210; ppageno 0'>
   <div class='ocr_carea' id='block_1_1' title="bbox 137 283 836 357">
    <p class='ocr_par' dir='ltr' id='par_1_1' title="bbox 137 283 836 357">
     <span class='ocr_line' id='line_1_1' title="bbox 137 283 836 357; baseline 0.01 -30"><span class='ocrx_word' id='word_1_1' title='bbox 137 283 198 342; x_wconf 79' lang='lat'><strong>260</strong></span> <span class='ocrx_word' id='word_1_2' title='bbox 416 285 569 330; x_wconf 73' lang='lat' dir='ltr'><strong>recusuri</strong></span> <span class='ocrx_word' id='word_1_3' title='bbox 586 284 669 357; x_wconf 77' lang='lat' dir='ltr'><strong>eoum</strong></span> <span class='ocrx_word' id='word_1_4' title='bbox 687 283 836 336; x_wconf 80' lang='lat' dir='ltr'><strong>cauomcr.</strong></span> 
     </span>
    </p>
   </div>
   <div class='ocr_carea' id='block_1_2' title="bbox 139 385 1128 560">
    <p class='ocr_par' dir='ltr' id='par_1_2' title="bbox 139 385 1128 560">
     <span class='ocr_line' id='line_1_2' title="bbox 139 385 1128 474; baseline -0.006 -22"><span class='ocrx_word' id='word_1_5' title='bbox 139 394 225 474; x_wconf 86' lang='lat' dir='ltr'><strong>lapsu</strong></span> <span class='ocrx_word' id='word_1_6' title='bbox 237 397 409 470; x_wconf 88' lang='lat' dir='ltr'><strong>temporum</strong></span> <span class='ocrx_word' id='word_1_7' title='bbox 427 385 603 446; x_wconf 83' lang='lat' dir='ltr'><strong>translatum</strong></span> <span class='ocrx_word' id='word_1_8' title='bbox 617 391 661 446; x_wconf 87' lang='lat' dir='ltr'><strong>est</strong></span> <span class='ocrx_word' id='word_1_9' title='bbox 676 385 714 446; x_wconf 91' lang='lat' dir='ltr'><strong>ad</strong></span> <span class='ocrx_word' id='word_1_10' title='bbox 726 405 779 450; x_wconf 92' lang='lat' dir='ltr'><strong>eos</strong></span> <span class='ocrx_word' id='word_1_11' title='bbox 801 389 854 472; x_wconf 92' lang='lat' dir='ltr'><strong>qui</strong></span> <span class='ocrx_word' id='word_1_12' title='bbox 875 386 1046 452; x_wconf 85' lang='lat' dir='ltr'><strong>Provinciae</strong></span> <span class='ocrx_word' id='word_1_13' title='bbox 1066 385 1128 447; x_wconf 90' lang='lat' dir='ltr'><strong>uni</strong></span> 
     </span>
     <span class='ocr_line' id='line_1_3' title="bbox 141 473 831 560; baseline -0.003 -18"><span class='ocrx_word' id='word_1_14' title='bbox 141 485 227 543; x_wconf 86' lang='lat' dir='ltr'><strong>erant</strong></span> <span class='ocrx_word' id='word_1_15' title='bbox 238 475 389 560; x_wconf 68' lang='lat' dir='ltr'>praepositi</span> <span class='ocrx_word' id='word_1_16' title='bbox 401 521 409 549; x_wconf 91' lang='lat'><strong>,</strong></span> <span class='ocrx_word' id='word_1_17' title='bbox 423 473 527 554; x_wconf 87' lang='lat' dir='ltr'><strong>quales</strong></span> <span class='ocrx_word' id='word_1_18' title='bbox 541 479 612 535; x_wconf 91' lang='lat' dir='ltr'><strong>sunt</strong></span> <span class='ocrx_word' id='word_1_19' title='bbox 625 475 831 556; x_wconf 87' lang='lat' dir='ltr'><strong>Metropolitae.</strong></span> 
     </span>
    </p>
   </div>
   <div class='ocr_carea' id='block_1_3' title="bbox 144 576 1147 1744">
    <p class='ocr_par' dir='ltr' id='par_1_3' title="bbox 144 576 1133 757">
     <span class='ocr_line' id='line_1_4' title="bbox 183 576 1133 662; baseline -0.003 -15"><span class='ocrx_word' id='word_1_20' title='bbox 183 588 247 646; x_wconf 87' lang='lat' dir='ltr'><strong>Vox</strong></span> <span class='ocrx_word' id='word_1_21' title='bbox 259 579 504 662; x_wconf 78' lang='lat' dir='ltr'><strong>Arcln‘epieeopas</strong></span> <span class='ocrx_word' id='word_1_22' title='bbox 516 578 532 638; x_wconf 78' lang='lat' dir='ltr'><strong>a</strong></span> <span class='ocrx_word' id='word_1_23' title='bbox 546 576 665 640; x_wconf 90' lang='lat' dir='ltr'><strong>duabus</strong></span> <span class='ocrx_word' id='word_1_24' title='bbox 675 579 799 642; x_wconf 87' lang='lat' dir='ltr'><strong>vocibus</strong></span> <span class='ocrx_word' id='word_1_25' title='bbox 810 582 916 662; x_wconf 88' lang='lat' dir='ltr'><strong>graecis</strong></span> <span class='ocrx_word' id='word_1_26' title='bbox 926 581 1043 644; x_wconf 81' lang='lat' dir='ltr'><strong>derivat</strong></span> <span class='ocrx_word' id='word_1_27' title='bbox 1052 601 1133 662; x_wconf 84' lang='lat' dir='ltr'><strong>quae</strong></span> 
     </span>
     <span class='ocr_line' id='line_1_5' title="bbox 144 665 743 757; baseline -0.012 -20"><span class='ocrx_word' id='word_1_28' title='bbox 144 673 316 757; x_wconf 82' lang='lat' dir='ltr'><strong>significant</strong></span> <span class='ocrx_word' id='word_1_29' title='bbox 329 668 502 750; x_wconf 81' lang='lat' dir='ltr'><em>Principem</em></span> <span class='ocrx_word' id='word_1_30' title='bbox 515 665 743 747; x_wconf 76' lang='lat' dir='ltr'><strong>Episcopomm.</strong></span> 
     </span>
    </p>

    <p class='ocr_par' dir='ltr' id='par_1_4' title="bbox 145 773 1147 1744">
     <span class='ocr_line' id='line_1_6' title="bbox 184 773 1135 858; baseline -0.004 -14"><span class='ocrx_word' id='word_1_31' title='bbox 184 784 254 844; x_wconf 77' lang='grc'><strong>391.</strong></span> <span class='ocrx_word' id='word_1_32' title='bbox 280 775 434 840; x_wconf 76' lang='lat' dir='ltr'><strong>latissime</strong></span> <span class='ocrx_word' id='word_1_33' title='bbox 448 773 520 835; x_wconf 90' lang='lat' dir='ltr'><strong>olim</strong></span> <span class='ocrx_word' id='word_1_34' title='bbox 534 773 750 837; x_wconf 78' lang='lat' dir='ltr'><strong>extendebatur</strong></span> <span class='ocrx_word' id='word_1_35' title='bbox 760 777 1135 858; x_wconf 84' lang='lat' dir='ltr'><strong>Metropolitarumjuris-</strong></span> 
     </span>
     <span class='ocr_line' id='line_1_7' title="bbox 145 862 1137 948; baseline -0.004 -16"><span class='ocrx_word' id='word_1_36' title='bbox 145 871 248 932; x_wconf 90' lang='lat' dir='ltr'><strong>dictio.</strong></span> <span class='ocrx_word' id='word_1_37' title='bbox 264 867 386 929; x_wconf 82' lang='lat' dir='ltr'><strong>Etenim</strong></span> <span class='ocrx_word' id='word_1_38' title='bbox 399 868 481 925; x_wconf 87' lang='lat' dir='ltr'><strong>tanta</strong></span> <span class='ocrx_word' id='word_1_39' title='bbox 497 862 553 923; x_wconf 88' lang='lat' dir='ltr'><strong>fuit</strong></span> <span class='ocrx_word' id='word_1_40' title='bbox 567 866 601 924; x_wconf 91' lang='lat' dir='ltr'><strong>ut</strong></span> <span class='ocrx_word' id='word_1_41' title='bbox 618 862 759 943; x_wconf 77' lang='lat' dir='ltr'>prohibiti</span> <span class='ocrx_word' id='word_1_42' title='bbox 781 865 893 927; x_wconf 88' lang='lat' dir='ltr'><strong>fuerint</strong></span> <span class='ocrx_word' id='word_1_43' title='bbox 911 866 967 947; x_wconf 93' lang='lat' dir='ltr'><strong>ipsi</strong></span> <span class='ocrx_word' id='word_1_44' title='bbox 982 863 1137 948; x_wconf 83' lang='lat' dir='ltr'>Episcopi</span> 
     </span>
     <span class='ocr_line' id='line_1_8' title="bbox 147 951 1137 1036; baseline -0.006 -14"><span class='ocrx_word' id='word_1_45' title='bbox 147 955 329 1036; x_wconf 75' lang='lat' dir='ltr'><strong>suffraganei</strong></span> <span class='ocrx_word' id='word_1_46' title='bbox 349 951 462 1034; x_wconf 86' lang='lat' dir='ltr'><strong>aliquid</strong></span> <span class='ocrx_word' id='word_1_47' title='bbox 477 951 579 1030; x_wconf 89' lang='lat' dir='ltr'><strong>magni</strong></span> <span class='ocrx_word' id='word_1_48' title='bbox 598 954 745 1013; x_wconf 81' lang='lat' dir='ltr'><strong>momenti</strong></span> <span class='ocrx_word' id='word_1_49' title='bbox 760 972 849 1034; x_wconf 87' lang='lat' dir='ltr'><strong>agere</strong></span> <span class='ocrx_word' id='word_1_50' title='bbox 863 956 930 1016; x_wconf 78' lang='lat' dir='ltr'><strong>sine</strong></span> <span class='ocrx_word' id='word_1_51' title='bbox 948 955 1137 1036; x_wconf 89' lang='lat' dir='ltr'><strong>Metropoli·</strong></span> 
     </span>
     <span class='ocr_line' id='line_1_9' title="bbox 150 1039 1142 1122; baseline -0.001 -15"><span class='ocrx_word' id='word_1_52' title='bbox 150 1048 207 1107; x_wconf 88' lang='lat' dir='ltr'><strong>tani</strong></span> <span class='ocrx_word' id='word_1_53' title='bbox 230 1061 391 1107; x_wconf 90' lang='lat' dir='ltr'><strong>consensu.</strong></span> <span class='ocrx_word' id='word_1_54' title='bbox 413 1039 556 1113; x_wconf 82' lang='lat' dir='ltr'><strong>Ouinimd</strong></span> <span class='ocrx_word' id='word_1_55' title='bbox 581 1039 834 1122; x_wconf 78' lang='lat' dir='ltr'><strong>Archiepiscopus</strong></span> <span class='ocrx_word' id='word_1_56' title='bbox 856 1043 970 1122; x_wconf 89' lang='lat' dir='ltr'><strong>primas</strong></span> <span class='ocrx_word' id='word_1_57' title='bbox 993 1041 1142 1106; x_wconf 81' lang='lat' dir='ltr'><strong>habebat</strong></span> 
     </span>
     <span class='ocr_line' id='line_1_10' title="bbox 148 1129 1143 1216; baseline -0.001 -21"><span class='ocrx_word' id='word_1_58' title='bbox 148 1141 246 1216; x_wconf 89' lang='lat' dir='ltr'><strong>partes</strong></span> <span class='ocrx_word' id='word_1_59' title='bbox 259 1132 288 1192; x_wconf 94' lang='lat' dir='ltr'><strong>in</strong></span> <span class='ocrx_word' id='word_1_60' title='bbox 302 1130 448 1192; x_wconf 83' lang='lat' dir='ltr'><strong>electione</strong></span> <span class='ocrx_word' id='word_1_61' title='bbox 461 1129 681 1208; x_wconf 84' lang='lat' dir='ltr'><strong>Episcoporum</strong></span> <span class='ocrx_word' id='word_1_62' title='bbox 701 1148 765 1192; x_wconf 86' lang='lat' dir='ltr'><strong>suae</strong></span> <span class='ocrx_word' id='word_1_63' title='bbox 788 1131 971 1209; x_wconf 79' lang='lat' dir='ltr'><strong>Provinciae3</strong></span> <span class='ocrx_word' id='word_1_64' title='bbox 991 1131 1075 1194; x_wconf 78' lang='lat' dir='ltr'><strong>adeo</strong></span> <span class='ocrx_word' id='word_1_65' title='bbox 1104 1141 1143 1196; x_wconf 90' lang='lat' dir='ltr'><strong>ut</strong></span> 
     </span>
     <span class='ocr_line' id='line_1_11' title="bbox 150 1218 1142 1301; baseline 0.002 -18"><span class='ocrx_word' id='word_1_66' title='bbox 150 1223 224 1284; x_wconf 86' lang='lat' dir='ltr'><strong>citra</strong></span> <span class='ocrx_word' id='word_1_67' title='bbox 249 1221 315 1298; x_wconf 86' lang='lat' dir='ltr'><strong>ejus</strong></span> <span class='ocrx_word' id='word_1_68' title='bbox 346 1218 526 1280; x_wconf 84' lang='lat' dir='ltr'><strong>sententiam</strong></span> <span class='ocrx_word' id='word_1_69' title='bbox 545 1235 636 1278; x_wconf 90' lang='lat' dir='ltr'><strong>nemo</strong></span> <span class='ocrx_word' id='word_1_70' title='bbox 657 1225 757 1298; x_wconf 89' lang='lat' dir='ltr'><strong>posset</strong></span> <span class='ocrx_word' id='word_1_71' title='bbox 777 1219 946 1301; x_wconf 82' lang='lat' dir='ltr'>Episcopus</span> <span class='ocrx_word' id='word_1_72' title='bbox 969 1221 1142 1286; x_wconf 89' lang='lat' dir='ltr'><strong>constitui.</strong></span> 
     </span>
     <span class='ocr_line' id='line_1_12' title="bbox 152 1307 1146 1392; baseline 0.002 -22"><span class='ocrx_word' id='word_1_73' title='bbox 152 1311 225 1391; x_wconf 69' lang='lat' dir='ltr'><strong>Eius</strong></span> <span class='ocrx_word' id='word_1_74' title='bbox 245 1310 316 1370; x_wconf 91' lang='lat' dir='ltr'><strong>item</strong></span> <span class='ocrx_word' id='word_1_75' title='bbox 331 1313 395 1370; x_wconf 88' lang='lat' dir='ltr'><strong>orat</strong></span> <span class='ocrx_word' id='word_1_76' title='bbox 412 1307 523 1369; x_wconf 88' lang='lat' dir='ltr'><strong>electos</strong></span> <span class='ocrx_word' id='word_1_77' title='bbox 542 1307 700 1388; x_wconf 90' lang='lat' dir='ltr'><strong>episcopos</strong></span> <span class='ocrx_word' id='word_1_78' title='bbox 713 1309 901 1385; x_wconf 83' lang='lat' dir='ltr'><strong>examinare,</strong></span> <span class='ocrx_word' id='word_1_79' title='bbox 926 1308 1146 1392; x_wconf 82' lang='lat' dir='ltr'><strong>confirmare,</strong></span> 
     </span>
     <span class='ocr_line' id='line_1_13' title="bbox 151 1393 1144 1473; baseline 0.003 -14"><span class='ocrx_word' id='word_1_80' title='bbox 151 1396 303 1473; x_wconf 86' lang='lat' dir='ltr'><strong>ordinare,</strong></span> <span class='ocrx_word' id='word_1_81' title='bbox 317 1397 488 1472; x_wconf 86' lang='lat' dir='ltr'><strong>instituere,</strong></span> <span class='ocrx_word' id='word_1_82' title='bbox 502 1393 636 1472; x_wconf 88' lang='lat' dir='ltr'><strong>erudire,</strong></span> <span class='ocrx_word' id='word_1_83' title='bbox 652 1414 687 1456; x_wconf 89' lang='lat' dir='ltr'><strong>ac</strong></span> <span class='ocrx_word' id='word_1_84' title='bbox 701 1397 731 1457; x_wconf 93' lang='lat' dir='ltr'><strong>in</strong></span> <span class='ocrx_word' id='word_1_85' title='bbox 747 1415 854 1460; x_wconf 89' lang='lat' dir='ltr'><strong>eorum</strong></span> <span class='ocrx_word' id='word_1_86' title='bbox 868 1415 969 1460; x_wconf 90' lang='lat' dir='ltr'><strong>mores</strong></span> <span class='ocrx_word' id='word_1_87' title='bbox 987 1399 1144 1462; x_wconf 84' lang='lat' dir='ltr'><strong>animad-</strong></span> 
     </span>
     <span class='ocr_line' id='line_1_14' title="bbox 152 1484 1145 1566; baseline 0.002 -17"><span class='ocrx_word' id='word_1_88' title='bbox 152 1495 277 1549; x_wconf 88' lang='lat' dir='ltr'><strong>vertere.</strong></span> <span class='ocrx_word' id='word_1_89' title='bbox 287 1487 366 1548; x_wconf 86' lang='lat' dir='ltr'><strong>llino</strong></span> <span class='ocrx_word' id='word_1_90' title='bbox 375 1485 639 1564; x_wconf 83' lang='lat' dir='ltr'><strong>Suffraganeorum</strong></span> <span class='ocrx_word' id='word_1_91' title='bbox 654 1484 797 1566; x_wconf 83' lang='lat' dir='ltr'>obligatio</span> <span class='ocrx_word' id='word_1_92' title='bbox 809 1487 1017 1565; x_wconf 85' lang='lat' dir='ltr'><strong>juramentum</strong></span> <span class='ocrx_word' id='word_1_93' title='bbox 1028 1487 1145 1551; x_wconf 85' lang='lat' dir='ltr'><strong>tideli-</strong></span> 
     </span>
     <span class='ocr_line' id='line_1_15' title="bbox 153 1571 1147 1656; baseline 0.003 -18"><span class='ocrx_word' id='word_1_94' title='bbox 153 1576 221 1638; x_wconf 85' lang='lat' dir='ltr'><strong>tatis</strong></span> <span class='ocrx_word' id='word_1_95' title='bbox 232 1573 393 1656; x_wconf 86' lang='lat' dir='ltr'><strong>praestandi</strong></span> <span class='ocrx_word' id='word_1_96' title='bbox 403 1592 459 1636; x_wconf 89' lang='lat' dir='ltr'><strong>suo</strong></span> <span class='ocrx_word' id='word_1_97' title='bbox 469 1571 697 1652; x_wconf 88' lang='lat' dir='ltr'><strong>Metropolitano</strong></span> <span class='ocrx_word' id='word_1_98' title='bbox 705 1593 715 1648; x_wconf 93' lang='lat'>;</span> <span class='ocrx_word' id='word_1_99' title='bbox 731 1573 783 1634; x_wconf 91' lang='lat' dir='ltr'><strong>sed</strong></span> <span class='ocrx_word' id='word_1_100' title='bbox 799 1575 855 1636; x_wconf 91' lang='lat' dir='ltr'><strong>hoc</strong></span> <span class='ocrx_word' id='word_1_101' title='bbox 864 1593 926 1652; x_wconf 90' lang='lat' dir='ltr'><strong>non</strong></span> <span class='ocrx_word' id='word_1_102' title='bbox 939 1583 983 1637; x_wconf 87' lang='lat' dir='ltr'><strong>est</strong></span> <span class='ocrx_word' id='word_1_103' title='bbox 997 1577 1147 1656; x_wconf 80' lang='lat' dir='ltr'><strong>amplius</strong></span> 
     </span>
     <span class='ocr_line' id='line_1_16' title="bbox 153 1662 796 1744; baseline -0.002 -18"><span class='ocrx_word' id='word_1_104' title='bbox 153 1665 186 1728; x_wconf 91' lang='lat' dir='ltr'><strong>in</strong></span> <span class='ocrx_word' id='word_1_105' title='bbox 201 1683 260 1726; x_wconf 91' lang='lat' dir='ltr'><strong>usu</strong></span> <span class='ocrx_word' id='word_1_106' title='bbox 273 1664 316 1744; x_wconf 80' lang='lat' dir='ltr'><strong>(S.</strong></span> <span class='ocrx_word' id='word_1_107' title='bbox 336 1663 429 1743; x_wconf 88' lang='lat' dir='ltr'><strong>Cong.</strong></span> <span class='ocrx_word' id='word_1_108' title='bbox 446 1663 538 1723; x_wconf 88' lang='lat' dir='ltr'><strong>Conc.</strong></span> <span class='ocrx_word' id='word_1_109' title='bbox 555 1663 592 1722; x_wconf 83' lang='lat' dir='ltr'><strong>te</strong></span> <span class='ocrx_word' id='word_1_110' title='bbox 607 1678 675 1723; x_wconf 92' lang='lat' dir='ltr'><strong>nov.</strong></span> <span class='ocrx_word' id='word_1_111' title='bbox 693 1662 796 1744; x_wconf 78' lang='lat'>1578).</span> 
     </span>
    </p>
   </div>
   <div class='ocr_carea' id='block_1_4' title="bbox 155 1758 1149 2106">
    <p class='ocr_par' dir='ltr' id='par_1_5' title="bbox 155 1758 1149 2106">
     <span class='ocr_line' id='line_1_17' title="bbox 195 1758 1149 1846; baseline -0.001 -20"><span class='ocrx_word' id='word_1_112' title='bbox 195 1762 411 1826; x_wconf 84' lang='lat' dir='ltr'><strong>Posterioribus</strong></span> <span class='ocrx_word' id='word_1_113' title='bbox 422 1762 493 1822; x_wconf 88' lang='lat' dir='ltr'><strong>verd</strong></span> <span class='ocrx_word' id='word_1_114' title='bbox 507 1759 641 1835; x_wconf 83' lang='lat' dir='ltr'><strong>saeculis,</strong></span> <span class='ocrx_word' id='word_1_115' title='bbox 656 1758 888 1823; x_wconf 88' lang='lat' dir='ltr'><strong>diminutionem</strong></span> <span class='ocrx_word' id='word_1_116' title='bbox 908 1780 997 1843; x_wconf 87' lang='lat' dir='ltr'><strong>passa</strong></span> <span class='ocrx_word' id='word_1_117' title='bbox 1015 1773 1058 1826; x_wconf 86' lang='lat' dir='ltr'><strong>est</strong></span> <span class='ocrx_word' id='word_1_118' title='bbox 1085 1770 1149 1846; x_wconf 88' lang='lat' dir='ltr'><strong>ju-</strong></span> 
     </span>
     <span class='ocr_line' id='line_1_18' title="bbox 156 1848 1149 1932; baseline 0.005 -18"><span class='ocrx_word' id='word_1_119' title='bbox 156 1851 288 1914; x_wconf 89' lang='lat' dir='ltr'><strong>risdictio</strong></span> <span class='ocrx_word' id='word_1_120' title='bbox 298 1851 519 1932; x_wconf 83' lang='lat' dir='ltr'><strong>Archiepiscopi</strong></span> <span class='ocrx_word' id='word_1_121' title='bbox 530 1850 561 1910; x_wconf 92' lang='lat' dir='ltr'><strong>iu</strong></span> <span class='ocrx_word' id='word_1_122' title='bbox 572 1848 775 1931; x_wconf 83' lang='lat' dir='ltr'><strong>suffraganeos</strong></span> <span class='ocrx_word' id='word_1_123' title='bbox 784 1850 1149 1930; x_wconf 75' lang='lat' dir='ltr'><strong>Episcoposlleservatae</strong></span> 
     </span>
     <span class='ocr_line' id='line_1_19' title="bbox 156 1938 1145 2020; baseline 0.004 -16"><span class='ocrx_word' id='word_1_124' title='bbox 156 1941 279 2004; x_wconf 82' lang='lat' dir='ltr'><strong>fuerunt</strong></span> <span class='ocrx_word' id='word_1_125' title='bbox 294 1939 472 2020; x_wconf 79' lang='lat' dir='ltr'><strong>Apostolicae</strong></span> <span class='ocrx_word' id='word_1_126' title='bbox 487 1938 555 2000; x_wconf 90' lang='lat' dir='ltr'><strong>Sedi</strong></span> <span class='ocrx_word' id='word_1_127' title='bbox 570 1939 709 2000; x_wconf 91' lang='lat' dir='ltr'><strong>omnium</strong></span> <span class='ocrx_word' id='word_1_128' title='bbox 731 1939 951 2020; x_wconf 84' lang='lat' dir='ltr'><strong>Episcoporum</strong></span> <span class='ocrx_word' id='word_1_129' title='bbox 966 1942 1145 2008; x_wconf 85' lang='lat' dir='ltr'><strong>confirma·</strong></span> 
     </span>
     <span class='ocr_line' id='line_1_20' title="bbox 155 2027 853 2106; baseline -0.004 -14"><span class='ocrx_word' id='word_1_130' title='bbox 155 2029 263 2106; x_wconf 88' lang='lat' dir='ltr'><strong>tiones,</strong></span> <span class='ocrx_word' id='word_1_131' title='bbox 280 2029 520 2090; x_wconf 81' lang='lat' dir='ltr'><strong>consecrationes</strong></span> <span class='ocrx_word' id='word_1_132' title='bbox 533 2035 562 2087; x_wconf 91' lang='lat' dir='ltr'><strong>ct</strong></span> <span class='ocrx_word' id='word_1_133' title='bbox 577 2027 668 2088; x_wconf 87' lang='lat' dir='ltr'><strong>etiam</strong></span> <span class='ocrx_word' id='word_1_134' title='bbox 681 2027 853 2089; x_wconf 87' lang='lat' dir='ltr'><strong>electiones.</strong></span> 
     </span>
    </p>
   </div>
   <div class='ocr_carea' id='block_1_5' title="bbox 154 2122 1151 3004">
    <p class='ocr_par' dir='ltr' id='par_1_6' title="bbox 154 2122 1151 3004">
     <span class='ocr_line' id='line_1_21' title="bbox 197 2122 1150 2205; baseline 0.008 -17"><span class='ocrx_word' id='word_1_135' title='bbox 197 2127 305 2189; x_wconf 83' lang='lat' dir='ltr'><strong>Adhuc</strong></span> <span class='ocrx_word' id='word_1_136' title='bbox 318 2133 419 2188; x_wconf 86' lang='lat' dir='ltr'><strong>tamen</strong></span> <span class='ocrx_word' id='word_1_137' title='bbox 435 2123 618 2205; x_wconf 79' lang='lat' dir='ltr'><strong>Metropolim</strong></span> <span class='ocrx_word' id='word_1_138' title='bbox 627 2122 868 2202; x_wconf 85' lang='lat' dir='ltr'><strong>jurisdictionem</strong></span> <span class='ocrx_word' id='word_1_139' title='bbox 877 2124 969 2186; x_wconf 88' lang='lat' dir='ltr'><strong>habet</strong></span> <span class='ocrx_word' id='word_1_140' title='bbox 982 2127 1014 2188; x_wconf 93' lang='lat' dir='ltr'><strong>in</strong></span> <span class='ocrx_word' id='word_1_141' title='bbox 1025 2147 1150 2196; x_wconf 89' lang='lat' dir='ltr'><strong>omnes</strong></span> 
     </span>
     <span class='ocr_line' id='line_1_22' title="bbox 157 2213 1149 2298; baseline 0.003 -19"><span class='ocrx_word' id='word_1_142' title='bbox 157 2234 219 2279; x_wconf 86' lang='lat' dir='ltr'><strong>suae</strong></span> <span class='ocrx_word' id='word_1_143' title='bbox 243 2215 406 2277; x_wconf 82' lang='lat' dir='ltr'><strong>Provinciae</strong></span> <span class='ocrx_word' id='word_1_144' title='bbox 426 2213 610 2293; x_wconf 83' lang='lat' dir='ltr'><strong>Episcopos;</strong></span> <span class='ocrx_word' id='word_1_145' title='bbox 627 2213 747 2293; x_wconf 87' lang='lat' dir='ltr'><strong>supplet</strong></span> <span class='ocrx_word' id='word_1_146' title='bbox 773 2231 878 2274; x_wconf 88' lang='lat' dir='ltr'><strong>eorum</strong></span> <span class='ocrx_word' id='word_1_147' title='bbox 894 2214 1149 2298; x_wconf 84' lang='lat' dir='ltr'><strong>negligentiam,</strong></span> 
     </span>
     <span class='ocr_line' id='line_1_23' title="bbox 157 2299 1151 2385; baseline 0.005 -18"><span class='ocrx_word' id='word_1_148' title='bbox 157 2323 270 2385; x_wconf 85' lang='lat' dir='ltr'><strong>cosque</strong></span> <span class='ocrx_word' id='word_1_149' title='bbox 282 2309 368 2365; x_wconf 86' lang='lat' dir='ltr'><strong>vocat</strong></span> <span class='ocrx_word' id='word_1_150' title='bbox 386 2301 424 2364; x_wconf 88' lang='lat' dir='ltr'><strong>ad</strong></span> <span class='ocrx_word' id='word_1_151' title='bbox 444 2299 602 2380; x_wconf 85' lang='lat' dir='ltr'><strong>Synodum</strong></span> <span class='ocrx_word' id='word_1_152' title='bbox 623 2301 836 2380; x_wconf 87' lang='lat' dir='ltr'><strong>provincialem</strong></span> <span class='ocrx_word' id='word_1_153' title='bbox 849 2322 857 2377; x_wconf 90' lang='grc'>;</span> <span class='ocrx_word' id='word_1_154' title='bbox 872 2301 1000 2382; x_wconf 90' lang='lat' dir='ltr'><strong>inquirit</strong></span> <span class='ocrx_word' id='word_1_155' title='bbox 1024 2307 1056 2366; x_wconf 93' lang='lat' dir='ltr'><strong>in</strong></span> <span class='ocrx_word' id='word_1_156' title='bbox 1079 2311 1151 2371; x_wconf 87' lang='lat' dir='ltr'><strong>ab·</strong></span> 
     </span>
     <span class='ocr_line' id='line_1_24' title="bbox 157 2389 1151 2472; baseline 0.007 -17"><span class='ocrx_word' id='word_1_157' title='bbox 157 2395 305 2469; x_wconf 84' lang='lat' dir='ltr'><strong>sentiam,</strong></span> <span class='ocrx_word' id='word_1_158' title='bbox 328 2399 417 2472; x_wconf 88' lang='lat' dir='ltr'><strong>atque</strong></span> <span class='ocrx_word' id='word_1_159' title='bbox 433 2390 471 2451; x_wconf 89' lang='lat' dir='ltr'><strong>ad</strong></span> <span class='ocrx_word' id='word_1_160' title='bbox 490 2389 682 2450; x_wconf 85' lang='lat' dir='ltr'><strong>residentiam</strong></span> <span class='ocrx_word' id='word_1_161' title='bbox 697 2391 870 2470; x_wconf 85' lang='lat' dir='ltr'><strong>compellit3</strong></span> <span class='ocrx_word' id='word_1_162' title='bbox 895 2391 1088 2472; x_wconf 81' lang='lat' dir='ltr'><strong>negligentes</strong></span> <span class='ocrx_word' id='word_1_163' title='bbox 1106 2402 1151 2462; x_wconf 86' lang='lat' dir='ltr'><strong>ad</strong></span> 
     </span>
     <span class='ocr_line' id='line_1_25' title="bbox 158 2477 1151 2561; baseline 0.002 -17"><span class='ocrx_word' id='word_1_164' title='bbox 158 2483 291 2544; x_wconf 89' lang='lat' dir='ltr'><strong>officium</strong></span> <span class='ocrx_word' id='word_1_165' title='bbox 307 2482 401 2561; x_wconf 84' lang='lat' dir='ltr'><strong>cogit3</strong></span> <span class='ocrx_word' id='word_1_166' title='bbox 419 2481 468 2557; x_wconf 87' lang='lat' dir='ltr'><strong>jus</strong></span> <span class='ocrx_word' id='word_1_167' title='bbox 486 2477 558 2539; x_wconf 91' lang='lat' dir='ltr'><strong>dicit</strong></span> <span class='ocrx_word' id='word_1_168' title='bbox 580 2478 659 2538; x_wconf 85' lang='lat' dir='ltr'><strong>inter</strong></span> <span class='ocrx_word' id='word_1_169' title='bbox 681 2497 733 2539; x_wconf 89' lang='lat' dir='ltr'><strong>eos</strong></span> <span class='ocrx_word' id='word_1_170' title='bbox 757 2479 809 2559; x_wconf 89' lang='lat' dir='ltr'><strong>qui</strong></span> <span class='ocrx_word' id='word_1_171' title='bbox 828 2479 846 2540; x_wconf 76' lang='lat' dir='ltr'><strong>a</strong></span> <span class='ocrx_word' id='word_1_172' title='bbox 866 2479 1151 2560; x_wconf 71' lang='lat' dir='ltr'><strong>suffraganeorum</strong></span> 
     </span>
     <span class='ocr_line' id='line_1_26' title="bbox 157 2565 1151 2648; baseline 0.009 -17"><span class='ocrx_word' id='word_1_173' title='bbox 157 2570 270 2647; x_wconf 85' lang='lat' dir='ltr'><strong>judicio</strong></span> <span class='ocrx_word' id='word_1_174' title='bbox 284 2569 320 2630; x_wconf 87' lang='lat' dir='ltr'><strong>ad</strong></span> <span class='ocrx_word' id='word_1_175' title='bbox 336 2589 367 2630; x_wconf 87' lang='lat' dir='ltr'><strong>se</strong></span> <span class='ocrx_word' id='word_1_176' title='bbox 380 2573 558 2648; x_wconf 81' lang='lat' dir='ltr'><strong>provocant3</strong></span> <span class='ocrx_word' id='word_1_177' title='bbox 573 2565 704 2646; x_wconf 88' lang='lat' dir='ltr'><strong>denique</strong></span> <span class='ocrx_word' id='word_1_178' title='bbox 716 2567 748 2627; x_wconf 91' lang='lat' dir='ltr'><strong>iu</strong></span> <span class='ocrx_word' id='word_1_179' title='bbox 761 2569 823 2628; x_wconf 77' lang='lat' dir='ltr'><strong>tota</strong></span> <span class='ocrx_word' id='word_1_180' title='bbox 841 2569 996 2648; x_wconf 78' lang='lat' dir='ltr'><strong>provincia</strong></span> <span class='ocrx_word' id='word_1_181' title='bbox 1011 2589 1151 2639; x_wconf 83' lang='lat' dir='ltr'><strong>crucem</strong></span> 
     </span>
     <span class='ocr_line' id='line_1_27' title="bbox 159 2646 1151 2741; baseline 0.003 -22"><span class='ocrx_word' id='word_1_182' title='bbox 159 2677 222 2738; x_wconf 87' lang='lat' dir='ltr'><strong>pree</strong></span> <span class='ocrx_word' id='word_1_183' title='bbox 241 2676 272 2718; x_wconf 92' lang='lat' dir='ltr'><strong>se</strong></span> <span class='ocrx_word' id='word_1_184' title='bbox 294 2657 369 2733; x_wconf 86' lang='lat' dir='ltr'><strong>tert,</strong></span> <span class='ocrx_word' id='word_1_185' title='bbox 391 2657 510 2736; x_wconf 83' lang='lat' dir='ltr'><strong>insigne</strong></span> <span class='ocrx_word' id='word_1_186' title='bbox 528 2654 745 2734; x_wconf 86' lang='lat' dir='ltr'><strong>jurisdictionis</strong></span> <span class='ocrx_word' id='word_1_187' title='bbox 770 2646 848 2732; x_wconf 74' lang='lat' dir='ltr'><strong>s‘uae,</strong></span> <span class='ocrx_word' id='word_1_188' title='bbox 875 2657 966 2718; x_wconf 88' lang='lat' dir='ltr'><strong>etiam</strong></span> <span class='ocrx_word' id='word_1_189' title='bbox 995 2678 1050 2741; x_wconf 90' lang='lat' dir='ltr'><strong>per</strong></span> <span class='ocrx_word' id='word_1_190' title='bbox 1068 2662 1151 2730; x_wconf 82' lang='lat' dir='ltr'><strong>loca</strong></span> 
     </span>
     <span class='ocr_line' id='line_1_28' title="bbox 160 2743 1151 2826; baseline 0.006 -18"><span class='ocrx_word' id='word_1_191' title='bbox 160 2754 318 2826; x_wconf 82' lang='lat' dir='ltr'><strong>exempta3</strong></span> <span class='ocrx_word' id='word_1_192' title='bbox 334 2746 405 2806; x_wconf 91' lang='lat' dir='ltr'><strong>item</strong></span> <span class='ocrx_word' id='word_1_193' title='bbox 421 2749 518 2824; x_wconf 92' lang='lat' dir='ltr'><strong>potest</strong></span> <span class='ocrx_word' id='word_1_194' title='bbox 532 2743 608 2804; x_wconf 88' lang='lat' dir='ltr'><strong>ferre</strong></span> <span class='ocrx_word' id='word_1_195' title='bbox 623 2749 782 2804; x_wconf 87' lang='lat' dir='ltr'><strong>mozettam</strong></span> <span class='ocrx_word' id='word_1_196' title='bbox 795 2753 824 2806; x_wconf 87' lang='lat' dir='ltr'><strong>et</strong></span> <span class='ocrx_word' id='word_1_197' title='bbox 834 2745 1151 2826; x_wconf 79' lang='lat' dir='ltr'><strong>populobenedicere</strong></span> 
     </span>
     <span class='ocr_line' id='line_1_29' title="bbox 154 2831 1148 2917; baseline 0.008 -22"><span class='ocrx_word' id='word_1_198' title='bbox 154 2852 214 2917; x_wconf 92' lang='lat' dir='ltr'><strong>per</strong></span> <span class='ocrx_word' id='word_1_199' title='bbox 227 2841 321 2894; x_wconf 88' lang='lat' dir='ltr'><strong>totam</strong></span> <span class='ocrx_word' id='word_1_200' title='bbox 335 2831 531 2913; x_wconf 88' lang='lat' dir='ltr'><strong>provinciam,</strong></span> <span class='ocrx_word' id='word_1_201' title='bbox 542 2832 632 2892; x_wconf 88' lang='lat' dir='ltr'><strong>etiam</strong></span> <span class='ocrx_word' id='word_1_202' title='bbox 642 2832 673 2892; x_wconf 92' lang='lat' dir='ltr'><strong>in</strong></span> <span class='ocrx_word' id='word_1_203' title='bbox 684 2832 757 2894; x_wconf 89' lang='lat' dir='ltr'><strong>locis</strong></span> <span class='ocrx_word' id='word_1_204' title='bbox 770 2834 918 2914; x_wconf 87' lang='lat' dir='ltr'><strong>exernptis</strong></span> <span class='ocrx_word' id='word_1_205' title='bbox 924 2855 934 2910; x_wconf 89' lang='lat'>;</span> <span class='ocrx_word' id='word_1_206' title='bbox 948 2841 1047 2916; x_wconf 85' lang='lat' dir='ltr'><strong>potest</strong></span> <span class='ocrx_word' id='word_1_207' title='bbox 1054 2842 1148 2904; x_wconf 71' lang='lat' dir='ltr'><strong>cele</strong></span> 
     </span>
     <span class='ocr_line' id='line_1_30' title="bbox 160 2921 771 3004; baseline -0.003 -20"><span class='ocrx_word' id='word_1_208' title='bbox 160 2925 248 2985; x_wconf 87' lang='lat' dir='ltr'><strong>hrare</strong></span> <span class='ocrx_word' id='word_1_209' title='bbox 262 2921 470 3004; x_wconf 86' lang='lat' dir='ltr'><strong>pontificaliter</strong></span> <span class='ocrx_word' id='word_1_210' title='bbox 485 2921 517 2980; x_wconf 95' lang='lat' dir='ltr'><strong>in</strong></span> <span class='ocrx_word' id='word_1_211' title='bbox 528 2921 592 2982; x_wconf 73' lang='lat' dir='ltr'><strong>tota</strong></span> <span class='ocrx_word' id='word_1_212' title='bbox 605 2921 771 2984; x_wconf 77' lang='lat' dir='ltr'><strong>Provincia.</strong></span> 
     </span>
    </p>
   </div>
   <div class='ocr_carea' id='block_1_6' title="bbox 164 3018 1152 3544">
    <p class='ocr_par' dir='ltr' id='par_1_7' title="bbox 164 3018 1152 3544">
     <span class='ocr_line' id='line_1_31' title="bbox 205 3018 1147 3108; baseline 0.006 -26"><span class='ocrx_word' id='word_1_213' title='bbox 205 3045 220 3082; x_wconf 83' lang='lat' dir='ltr'>o</span> <span class='ocrx_word' id='word_1_214' title='bbox 241 3021 330 3095; x_wconf 89' lang='lat' dir='ltr'><strong>Olim,</strong></span> <span class='ocrx_word' id='word_1_215' title='bbox 346 3019 430 3083; x_wconf 81' lang='lat' dir='ltr'><strong>addit</strong></span> <span class='ocrx_word' id='word_1_216' title='bbox 443 3019 546 3080; x_wconf 88' lang='lat' dir='ltr'><strong>llevoti</strong></span> <span class='ocrx_word' id='word_1_217' title='bbox 555 3018 618 3095; x_wconf 87' lang='lat' dir='ltr'><strong>(lib.</strong></span> <span class='ocrx_word' id='word_1_218' title='bbox 637 3021 664 3095; x_wconf 89' lang='lat' dir='ltr'><strong>l,</strong></span> <span class='ocrx_word' id='word_1_219' title='bbox 676 3029 747 3080; x_wconf 89' lang='lat' dir='ltr'><strong>sect.</strong></span> <span class='ocrx_word' id='word_1_220' title='bbox 760 3023 789 3093; x_wconf 89' lang='lat'><strong>3,</strong></span> <span class='ocrx_word' id='word_1_221' title='bbox 805 3021 898 3100; x_wconf 59' lang='lat' dir='ltr'><strong>§tlt</strong></span> <span class='ocrx_word' id='word_1_222' title='bbox 919 3022 1147 3108; x_wconf 38' lang='lat' dir='ltr'><strong>Metropolitae,</strong></span> 
     </span>
     <span class='ocr_line' id='line_1_32' title="bbox 166 3107 1150 3190; baseline 0.004 -19"><span class='ocrx_word' id='word_1_223' title='bbox 166 3135 181 3171; x_wconf 82' lang='lat' dir='ltr'><strong>u</strong></span> <span class='ocrx_word' id='word_1_224' title='bbox 202 3113 326 3174; x_wconf 80' lang='lat' dir='ltr'><strong>lustrata</strong></span> <span class='ocrx_word' id='word_1_225' title='bbox 339 3109 460 3190; x_wconf 72' lang='lat' dir='ltr'><strong>proprio</strong></span> <span class='ocrx_word' id='word_1_226' title='bbox 471 3107 603 3180; x_wconf 88' lang='lat' dir='ltr'><strong>dioecesi,</strong></span> <span class='ocrx_word' id='word_1_227' title='bbox 616 3107 742 3170; x_wconf 83' lang='lat' dir='ltr'><strong>lustrare</strong></span> <span class='ocrx_word' id='word_1_228' title='bbox 758 3115 895 3188; x_wconf 89' lang='lat' dir='ltr'><strong>poterant</strong></span> <span class='ocrx_word' id='word_1_229' title='bbox 906 3109 1051 3174; x_wconf 86' lang='lat' dir='ltr'><strong>dioeceses</strong></span> <span class='ocrx_word' id='word_1_230' title='bbox 1065 3115 1150 3180; x_wconf 80' lang='lat' dir='ltr'><strong>Suf-</strong></span> 
     </span>
     <span class='ocr_line' id='line_1_33' title="bbox 167 3195 1152 3282; baseline 0.003 -23"><span class='ocrx_word' id='word_1_231' title='bbox 167 3225 182 3259; x_wconf 75' lang='grc' dir='ltr'>α</span> <span class='ocrx_word' id='word_1_232' title='bbox 202 3201 413 3282; x_wconf 86' lang='lat' dir='ltr'><strong>fraganeorum</strong></span> <span class='ocrx_word' id='word_1_233' title='bbox 427 3214 552 3259; x_wconf 90' lang='lat' dir='ltr'><strong>suorum</strong></span> <span class='ocrx_word' id='word_1_234' title='bbox 565 3195 644 3277; x_wconf 84' lang='lat' dir='ltr'><strong>(cap.</strong></span> <span class='ocrx_word' id='word_1_235' title='bbox 659 3201 687 3272; x_wconf 93' lang='grc'><strong>1,</strong></span> <span class='ocrx_word' id='word_1_236' title='bbox 702 3195 747 3258; x_wconf 85' lang='lat' dir='ltr'><strong>De</strong></span> <span class='ocrx_word' id='word_1_237' title='bbox 762 3196 914 3275; x_wconf 73' lang='lat' dir='ltr'><strong>Cantibus,</strong></span> <span class='ocrx_word' id='word_1_238' title='bbox 929 3198 960 3260; x_wconf 93' lang='lat' dir='ltr'><strong>in</strong></span> <span class='ocrx_word' id='word_1_239' title='bbox 975 3203 1029 3280; x_wconf 81' lang='lat'><strong>6⁰).</strong></span> <span class='ocrx_word' id='word_1_240' title='bbox 1046 3204 1073 3262; x_wconf 92' lang='lat' dir='ltr'>N</span> <span class='ocrx_word' id='word_1_241' title='bbox 1075 3223 1152 3273; x_wconf 67' lang='lat' dir='ltr'><strong>unp</strong></span> 
     </span>
     <span class='ocr_line' id='line_1_34' title="bbox 167 3284 1150 3369; baseline 0.006 -22"><span class='ocrx_word' id='word_1_242' title='bbox 167 3314 182 3347; x_wconf 76' lang='lat' dir='ltr'><strong>n</strong></span> <span class='ocrx_word' id='word_1_243' title='bbox 202 3309 263 3351; x_wconf 90' lang='lat' dir='ltr'><strong>nou</strong></span> <span class='ocrx_word' id='word_1_244' title='bbox 275 3294 411 3369; x_wconf 85' lang='lat' dir='ltr'><strong>possunt,</strong></span> <span class='ocrx_word' id='word_1_245' title='bbox 426 3285 484 3346; x_wconf 93' lang='lat' dir='ltr'><strong>nisi</strong></span> <span class='ocrx_word' id='word_1_246' title='bbox 498 3303 588 3346; x_wconf 84' lang='lat' dir='ltr'><strong>causa</strong></span> <span class='ocrx_word' id='word_1_247' title='bbox 604 3284 633 3344; x_wconf 93' lang='lat' dir='ltr'><strong>in</strong></span> <span class='ocrx_word' id='word_1_248' title='bbox 648 3285 826 3348; x_wconf 90' lang='lat' dir='ltr'><strong>Provinciali</strong></span> <span class='ocrx_word' id='word_1_249' title='bbox 841 3286 964 3368; x_wconf 87' lang='lat' dir='ltr'><strong>Synodo</strong></span> <span class='ocrx_word' id='word_1_250' title='bbox 975 3289 1104 3369; x_wconf 85' lang='lat' dir='ltr'><strong>cognita</strong></span> <span class='ocrx_word' id='word_1_251' title='bbox 1115 3303 1150 3356; x_wconf 86' lang='lat' dir='ltr'><strong>et</strong></span> 
     </span>
     <span class='ocr_line' id='line_1_35' title="bbox 168 3373 1144 3458; baseline -0.003 -24"><span class='ocrx_word' id='word_1_252' title='bbox 168 3402 182 3434; x_wconf 75' lang='lat' dir='ltr'><strong>u</strong></span> <span class='ocrx_word' id='word_1_253' title='bbox 202 3378 327 3458; x_wconf 85' lang='lat' dir='ltr'><strong>probata</strong></span> <span class='ocrx_word' id='word_1_254' title='bbox 341 3377 389 3438; x_wconf 91' lang='lat' dir='ltr'><strong>sit.</strong></span> <span class='ocrx_word' id='word_1_255' title='bbox 406 3397 421 3434; x_wconf 83' lang='lat' dir='ltr'><strong>e</strong></span> <span class='ocrx_word' id='word_1_256' title='bbox 440 3373 566 3456; x_wconf 85' lang='lat' dir='ltr'><strong>(Concil.</strong></span> <span class='ocrx_word' id='word_1_257' title='bbox 580 3373 676 3450; x_wconf 81' lang='lat' dir='ltr'><strong>Trid,</strong></span> <span class='ocrx_word' id='word_1_258' title='bbox 690 3391 763 3436; x_wconf 87' lang='lat' dir='ltr'><strong>sess.</strong></span> <span class='ocrx_word' id='word_1_259' title='bbox 780 3379 830 3452; x_wconf 79' lang='lat' dir='ltr'><strong>m,</strong></span> <span class='ocrx_word' id='word_1_260' title='bbox 843 3393 870 3437; x_wconf 88' lang='lat' dir='ltr'><strong>c.</strong></span> <span class='ocrx_word' id='word_1_261' title='bbox 884 3379 915 3454; x_wconf 83' lang='lat'><strong>3,</strong></span> <span class='ocrx_word' id='word_1_262' title='bbox 930 3375 975 3438; x_wconf 84' lang='lat' dir='ltr'><strong>De</strong></span> <span class='ocrx_word' id='word_1_263' title='bbox 988 3377 1059 3458; x_wconf 64' lang='lat' dir='ltr'><strong>rofi,</strong></span> <span class='ocrx_word' id='word_1_264' title='bbox 1076 3382 1144 3444; x_wconf 68' lang='lat' dir='ltr'><strong>Ur.</strong></span> 
     </span>
     <span class='ocr_line' id='line_1_36' title="bbox 164 3463 631 3544; baseline -0.013 -16"><span class='ocrx_word' id='word_1_265' title='bbox 164 3465 260 3528; x_wconf 87' lang='lat' dir='ltr'><strong>banus</strong></span> <span class='ocrx_word' id='word_1_266' title='bbox 273 3467 349 3537; x_wconf 86' lang='lat' dir='ltr'><strong>Vlll,</strong></span> <span class='ocrx_word' id='word_1_267' title='bbox 363 3466 465 3526; x_wconf 84' lang='lat' dir='ltr'><strong>Const.</strong></span> <span class='ocrx_word' id='word_1_268' title='bbox 481 3463 631 3544; x_wconf 67' lang='lat' dir='ltr'><strong>depone.)</strong></span> 
     </span>
    </p>
   </div>
   <div class='ocr_carea' id='block_1_7' title="bbox 164 3562 1147 3821">
    <p class='ocr_par' dir='ltr' id='par_1_8' title="bbox 164 3562 1147 3821">
     <span class='ocr_line' id='line_1_37' title="bbox 204 3562 1146 3644; baseline 0.007 -20"><span class='ocrx_word' id='word_1_269' title='bbox 204 3563 281 3625; x_wconf 89' lang='lat' dir='ltr'><strong>Sede</strong></span> <span class='ocrx_word' id='word_1_270' title='bbox 295 3562 491 3643; x_wconf 82' lang='lat' dir='ltr'><strong>Suffraganct</strong></span> <span class='ocrx_word' id='word_1_271' title='bbox 504 3569 642 3638; x_wconf 89' lang='lat' dir='ltr'><strong>vacante,</strong></span> <span class='ocrx_word' id='word_1_272' title='bbox 654 3563 678 3624; x_wconf 95' lang='lat' dir='ltr'><strong>si</strong></span> <span class='ocrx_word' id='word_1_273' title='bbox 692 3564 834 3626; x_wconf 85' lang='lat' dir='ltr'><strong>Canonioi</strong></span> <span class='ocrx_word' id='word_1_274' title='bbox 848 3583 903 3644; x_wconf 90' lang='lat' dir='ltr'><strong>per</strong></span> <span class='ocrx_word' id='word_1_275' title='bbox 913 3571 980 3626; x_wconf 89' lang='lat' dir='ltr'><strong>octo</strong></span> <span class='ocrx_word' id='word_1_276' title='bbox 994 3565 1060 3628; x_wconf 87' lang='lat' dir='ltr'><strong>dies</strong></span> <span class='ocrx_word' id='word_1_277' title='bbox 1074 3585 1146 3631; x_wconf 89' lang='lat' dir='ltr'><strong>non</strong></span> 
     </span>
     <span class='ocr_line' id='line_1_38' title="bbox 164 3651 1146 3731; baseline 0.002 -16"><span class='ocrx_word' id='word_1_278' title='bbox 164 3652 348 3715; x_wconf 88' lang='lat' dir='ltr'><strong>constituant</strong></span> <span class='ocrx_word' id='word_1_279' title='bbox 362 3652 514 3712; x_wconf 87' lang='lat' dir='ltr'><strong>Vicarium</strong></span> <span class='ocrx_word' id='word_1_280' title='bbox 529 3651 743 3731; x_wconf 76' lang='lat' dir='ltr'><strong>capitularem,</strong></span> <span class='ocrx_word' id='word_1_281' title='bbox 765 3652 811 3714; x_wconf 88' lang='lat' dir='ltr'><strong>vel</strong></span> <span class='ocrx_word' id='word_1_282' title='bbox 830 3653 974 3716; x_wconf 91' lang='lat' dir='ltr'><strong>idoneum</strong></span> <span class='ocrx_word' id='word_1_283' title='bbox 989 3672 1052 3714; x_wconf 90' lang='lat' dir='ltr'><strong>non</strong></span> <span class='ocrx_word' id='word_1_284' title='bbox 1074 3656 1146 3718; x_wconf 87' lang='lat' dir='ltr'><strong>ele-</strong></span> 
     </span>
     <span class='ocr_line' id='line_1_39' title="bbox 166 3737 1147 3821; baseline 0.007 -21"><span class='ocrx_word' id='word_1_285' title='bbox 166 3739 401 3820; x_wconf 77' lang='lat' dir='ltr'><strong>gerint,illorum</strong></span> <span class='ocrx_word' id='word_1_286' title='bbox 412 3739 626 3818; x_wconf 86' lang='lat' dir='ltr'><strong>negligentiam</strong></span> <span class='ocrx_word' id='word_1_287' title='bbox 634 3737 875 3821; x_wconf 54' lang='lat' dir='ltr'><strong>wtsupptere</strong></span> <span class='ocrx_word' id='word_1_288' title='bbox 889 3742 1147 3807; x_wconf 72' lang='lat' dir='ltr'><strong>Metropolitanus</strong></span> 
     </span>
    </p>
   </div>
   <div class='ocr_carea' id='block_1_8' title="bbox 0 0 1292 4210">
    <p class='ocr_par' dir='ltr' id='par_1_9' title="bbox 0 0 1292 4210">
     <span class='ocr_line' id='line_1_40' title="bbox 0 0 1292 4210; baseline 0 0"><span class='ocrx_word' id='word_1_289' title='bbox 0 0 1292 4210; x_wconf 95' lang='lat' dir='ltr'><strong> </strong></span> 
     </span>
    </p>
   </div>
  </div>
 </body>
</html>
