2526 4210
490 319 576 364 niara
598 321 716 368 earnes.
1036 313 1094 372 ‘etti

108 417 303 499 congregatis
317 417 479 496 omnibuS,
495 421 525 482 S.
543 422 680 484 Pontifex
700 424 899 487 auricularem
913 421 1094 486 audientium

108 506 231 586 praebet
242 526 332 588 super
346 508 475 588 negotiis
489 508 704 590 cardinalium,
722 513 907 594 Principum,
924 521 995 587 etc,
1008 518 1095 574 caete·

107 595 152 656 ris
174 595 285 656 deinde
309 597 442 658 remissis
462 600 752 682 remanentibusque
775 601 846 664 solis
866 601 1091 680 cardinalibus,

109 689 279 746 tractantur
293 685 421 767 Negotia
438 686 677 752 Comistorr‘ollo.

152 775 281 854 Negotia
303 776 374 836 verb
399 775 623 840 Consistorialia
646 784 716 842 sunt
739 779 920 862 imprimis:
944 797 1092 842 novorum

108 862 317 926 cardinalium
328 864 456 943 croatie,
473 865 617 930 institutio
629 869 851 951 Episcoporum
866 875 896 931 et
909 886 1015 931 eorum
1032 868 1092 929 nb-

107 951 282 1034 batumqui
291 951 673 1034 consistorialesdicuntur,
683 959 849 1021 erectiones
858 956 1091 1036 cathedralium,

102 1040 296 1102 -Dioecesium
310 1045 457 1123 uniones,
473 1051 525 1107 aut
536 1046 837 1126 dismembrationes‚
852 1054 924 1124 etc,
940 1055 996 1109 etc.

150 1131 187 1188 In
211 1131 333 1210 publico
354 1133 537 1198 consistorio
556 1136 693 1198 Pontifex
715 1137 851 1218 galerum
865 1135 1091 1199 cardinalitium

103 1217 200 1278 'novis
214 1219 422 1292 cardinalibus
442 1223 590 1304 imponit;
606 1226 644 1288 de
660 1226 874 1290 canonizandis
889 1224 1006 1287 Sanctis
1023 1229 1091 1286 vota

106 1307 256 1386 exquirit,
271 1308 400 1372 reditum
414 1313 625 1393 Legatorumd
641 1316 748 1390 latere,
764 1316 810 1377 vel
824 1315 987 1378 adventum
1000 1315 1090 1376 Nun-

106 1394 225 1456 tiorum
239 1396 257 1457 a
273 1397 459 1480 principibus
472 1402 510 1463 ad
523 1421 555 1464 se
568 1404 730 1467 missorum
741 1404 882 1467 celebrat.

567 1565 585 1644 ξ
597 1567 633 1626 ll.

151 1687 199 1750 Ile
211 1686 317 1750 Sacris
330 1688 615 1772 congregationibus
626 1699 653 1750 et
666 1664 884 1753 'Tribunatum
894 1689 1048 1756 Romanis.

151 1838 193 1899 Ut
206 1835 333 1898 celerius
352 1839 509 1918 magisque
532 1838 669 1900 ordinate
691 1838 809 1919 negotia
830 1836 1087 1919 expedirenturin

108 1925 208 1990 Curid
223 1925 367 2003 Bomond,
378 1926 467 1986 variae
478 1928 742 2007 congregationes,
758 1928 923 2009 pracsertim
938 1948 975 2004 ex
989 1927 1087 1990 Gordi-

107 2015 232 2077 nalibus
245 2014 402 2091 conflatae,
418 2015 594 2097 diversaque
605 2017 779 2080 Tribunalia
793 2020 809 2078 t
824 2018 876 2079 SS.
891 2018 1086 2081 Pontificibus

106 2103 235 2168 fuerunt
248 2105 409 2166 constituta
425 2123 432 2164 :

511 2259 658 2312 PUNCTUM
673 2259 691 2311 l.

391 2377 421 2414 nn
437 2376 675 2415 concarcnrronrnus
691 2375 804 2414 nonanis.

150 2496 221 2556 371.
245 2495 318 2565 Quae
333 2495 349 2553 a
364 2494 417 2555 SS.
434 2493 630 2554 Pontificibus
643 2493 787 2555 institutae
797 2491 1074 2572 suntCongregatio

106 2601 167 2646 nes
179 2601 235 2664 pro
249 2582 379 2662 generali
391 2582 482 2644 totius
494 2581 635 2643 Ecclesiae
649 2582 796 2662 gubernio
806 2600 934 2642 numero
947 2585 983 2642 12
996 2581 1086 2644 hodic

104 2679 326 2753 computantur
342 2691 349 2731 :
365 2671 501 2732 videlicet
524 2671 761 2744 Consistorialis,
783 2671 1007 2752 inquisitionis,
1031 2675 1084 2732 In-

105 2761 205 2839 dicis,
221 2761 334 2824 Concili
347 2759 513 2824 Tridentini
529 2760 696 2840 interpres,
712 2761 931 2841 Episcoporum
945 2768 975 2820 et
988 2763 1085 2842 Regu·

104 2849 239 2927 larium,
258 2849 401 2924 Rituum,
418 2849 617 2910 immunitatis
636 2849 863 2925 ecclesiastica,
878 2849 1083 2930 Indulgentia-

104 2957 179 3002 rum
194 2945 224 3000 et
238 2939 463 3019 Reliquiarum,
485 2938 690 3019 propagandae
704 2938 805 3015 Fidei,
822 2939 1011 3014 Studiorum,
1026 2941 1084 3002 Pro

105 3027 319 3093 examinandis
329 3026 500 3108 Episcopis,
514 3034 543 3087 et
554 3026 676 3087 tandem
690 3027 889 3108 congregatio
906 3027 1083 3091 Residentiae

103 3118 339 3200 episcoporum.
349 3118 421 3178 Duae
432 3115 553 3196 insuper
562 3115 627 3176 aliae
637 3121 840 3177 annectuntur
852 3116 1082 3196 congregationi

103 3205 233 3270 Consilii
248 3205 335 3287 cujus
349 3211 420 3267 sunt
433 3204 596 3278 sectiones,
613 3221 723 3284 nempe
737 3223 744 3264 :
758 3221 819 3264 una
835 3223 890 3282 pro
904 3206 1082 3266 examinan—

105 3295 154 3358 dis
167 3294 373 3372 Relationibus
387 3295 607 3375 Episcoporum
622 3301 804 3375 superstate
817 3292 976 3360 Ecclesiae:
992 3294 1081 3360 altera

105 3403 163 3466 pro
188 3383 352 3460 revisendis
380 3382 495 3444 actibus
520 3381 724 3444 conciliorum
757 3383 987 3463 provincialium
1014 3403 1083 3465 quac

104 3479 228 3536 vocatur
251 3471 434 3536 Conciliato.
456 3473 532 3534 ltem
553 3472 784 3553 congregationi
809 3471 1004 3553 Regularium
1023 3491 1081 3536 an-

103 3580 192 3626 nexae
202 3567 276 3625 sunt
293 3561 362 3624 duae
376 3561 442 3622 aliae
456 3560 604 3622 sectiones
618 3560 655 3622 de
669 3561 781 3642 quibus
795 3560 872 3623 intra
887 3563 979 3644 (377).

376 3683 396 3736 1.
408 3684 606 3750 -congrcgatio
624 3685 812 3740 concatenato.

140 3807 211 3865 ³72.
235 3804 373 3865 Instituta
386 3802 443 3866 fuit
456 3803 522 3866 haec
542 3805 741 3885 Congregatio
763 3805 800 3868 ad
816 3778 1011 3887 praeparanda
1026 3825 1080 3869 ne·
