2562 4224
486 291 573 334 mona
594 291 712 336 carnus.
993 259 997 266 ¹
1032 283 1089 340 les

106 409 123 445 o
147 387 237 463 latos,
263 385 429 450 abbates...
447 385 547 446 medio
567 391 704 467 tempore
727 391 827 448 actum
847 387 948 464 luerit,
969 389 1087 452 irritum

106 498 124 534 n
147 474 339 536 habeatur.»

145 563 187 622 Et
200 561 265 623 haec
279 561 403 642 quidem
422 561 524 624 locum
538 561 652 623 habent
665 559 756 623 etiam
776 562 807 623 in
827 581 899 626 casu
913 567 1089 628 necessitatis

102 649 151 712 oet
181 650 278 732 tonpoe
301 649 470 727 distantiae,
495 651 612 712 etiamsi
636 657 755 713 eertum
778 660 857 712 esset
880 653 993 716 litteras
1017 674 1088 717 casa

103 737 252 820 periisse3
269 738 314 800 sic
326 738 567 801 decisumtuitt
587 741 617 801 S.
637 740 732 818 Cong.
749 740 885 817 Consilii,
901 760 982 804 auno
998 747 1085 809 1614.

104 845 164 906 pro
177 826 312 908 quodam
325 827 475 908 Episcopo
490 825 572 888 urbis
585 827 809 907 assumptionis
824 827 855 888 in
871 830 1019 906 americo,
1035 831 1086 909 qui

104 915 136 974 in
154 914 305 977 similibus
316 915 549 977 circumstantiis
563 915 821 978 consecrationem
836 924 1018 997 susceperat.

146 1005 218 1065 243.
242 1003 434 1066 Possessionis
448 1004 619 1086 assumptio,
640 1003 789 1084 quidquid
812 1006 949 1068 nonnulli
973 1006 1077 1080 dicatu,

104 1109 172 1152 non
197 1092 315 1156 videtur
341 1093 622 1178 necessaria,ci1m
651 1092 773 1172 praelata
796 1094 913 1156 Extrav.
941 1087 1087 1174 Injonctcc

104 1179 241 1260 requirat
255 1180 447 1243 solummodo
463 1181 630 1242 litterarum
645 1181 843 1242 ostensionem

141 1271 202 1330 Per
213 1275 441 1349 procuratorem
455 1275 556 1332 autem
570 1269 633 1331 fieri
649 1278 774 1349 possunt
787 1271 952 1331 litterarum
963 1271 1085 1331 ostensio

102 1361 134 1418 et
146 1358 335 1438 possessionis
348 1359 525 1439 assumpti03
541 1365 570 1420 et
583 1357 641 1420 hoo
655 1359 745 1419 etiam
759 1366 920 1439 antequam
933 1359 1085 1420 institutus

102 1447 365 1508 consecrationem
385 1447 586 1527 episcopalem
610 1446 778 1526 acceperit,
797 1445 924 1508 ostensis
943 1448 1014 1508 verd
1034 1446 1084 1506 lit-

101 1533 196 1609 teris,
213 1534 312 1596 statim
322 1541 419 1615 potest
432 1534 487 1595 iste
498 1534 738 1612 jurisdictionem
753 1552 815 1596 suae
830 1535 972 1614 Dignilali
985 1553 1083 1595 anne-

102 1639 176 1684 xam
193 1640 345 1685 exercere.
362 1626 403 1685 lla
417 1641 535 1684 omnes

143 1712 178 1770 ln
194 1712 379 1791 Galliajuxla
392 1710 613 1774 concordatum
624 1714 714 1786 1801,
730 1710 906 1792 «Episcopi,
921 1717 1083 1792 antequam

106 1822 121 1855 o
144 1816 260 1862 munus
276 1819 366 1862 suum
381 1798 549 1882 gerendum
564 1799 750 1876 suscipiant,
766 1817 869 1860 coram
884 1799 986 1860 Primo
1001 1801 1081 1884 Con·

104 1911 122 1944 n
143 1887 210 1949 sule
232 1887 340 1968 (hodie
359 1884 560 1957 coramPcaes,
579 1875 664 1960 Reip.
675 1899 686 1969 j
705 1887 913 1970 juramentum
933 1887 1082 1950 fidelitatis

104 1998 120 2032 o
144 1975 326 2040 emittenti
584 1975 590 1986 ‘
607 2049 609 2054 Ι

141 2063 229 2124 ldem
243 2064 446 2144 praescribitur
460 2066 559 2146 quoad
574 2065 791 2128 ecclesiasticos
805 2064 930 2128 secundi
946 2065 1078 2140 ordinis;

99 2151 156 2216 sed
171 2151 231 2214 hoc
245 2152 276 2214 in
290 2153 521 2216 desuetudinem
536 2154 618 2216 abiit.

141 2244 214 2302 244.
238 2241 326 2313 Quod
347 2241 479 2304 diximus
497 2239 588 2323 supra
605 2241 700 2324 (206),
718 2242 955 2322 acceptationem
976 2241 1080 2302 saltem

101 2327 279 2409 implicitam
298 2347 363 2392 esse
388 2332 587 2393 necessariam
609 2349 663 2412 pro
683 2329 852 2392 exercenda
872 2329 1080 2406 jurisdictione

98 2416 258 2498 delegata,
274 2417 346 2480 illud
360 2424 407 2479 est
416 2419 631 2500 applicandum
646 2418 673 2479 ei
688 2419 740 2499 qui
757 2425 949 2498 promovetur
962 2415 1000 2478 ad
1014 2417 1079 2478 olil-

97 2505 185 2567 cium
209 2507 258 2568 cui
282 2507 452 2569 annectitur
472 2507 641 2586 iurisdictio
666 2505 834 2580 ordinaria,
863 2501 894 2556 et
930 2504 1078 2566 etiamad

97 2594 318 2676 quodcumque
340 2595 421 2658 aliud
443 2595 587 2658 officium.
610 2597 731 2658 Constat
748 2613 785 2656 ex
807 2613 873 2674 cap.
898 2591 936 2654 st
952 2593 1018 2665 liti,
1035 2594 1079 2654 lle

98 2683 287 2772 Proebenuis,
305 2685 336 2744 in
347 2688 391 2746 6⁰.

497 2865 645 2918 curtulum
662 2866 689 2916 11.

151 2998 184 3037 ll:
201 2996 282 3036 utalia
297 2995 369 3036 neuls
381 2996 466 3042 dumus
482 2996 596 3036 colluunt
612 2996 715 3036 cussum·
730 2996 822 3035 osclum
840 2994 1024 3036 uectuslssulca

515 3081 540 3119 tlt
554 3080 657 3120 ualuas.

136 3222 209 3374 {dipl
233 3219 278 3281 llli
297 3219 380 3284 modi
400 3227 471 3282 sunt
487 3239 495 3281 :
512 3220 641 3297 Electio,
664 3220 845 3293 Postalutio‚
867 3220 1075 3297 Proescntotio,

93 3317 125 3371 et
165 3329 183 3370 o
208 3309 281 3370 otio.

428 3487 432 3494 .
455 3444 474 3493 1.
487 3471 514 3482 -
527 3443 562 3494 lle
578 3444 710 3494 Eteclionc.

85 3585 88 3616 ³
135 3577 207 3635 246.
231 3573 351 3635 Electio
370 3572 529 3654 dupliciter
547 3573 693 3652 accipitur
711 3588 719 3632 ε
737 3573 769 3632 l⁰
784 3568 926 3630 tutissimi
943 3591 950 3629 :
967 3575 997 3630 et
1017 3569 1076 3630 hoo

93 3667 237 3742 respectu
248 3660 480 3742 comprehendit
491 3660 589 3722 varios
604 3658 710 3721 modos
719 3657 904 3738 adipiscendi
917 3657 1076 3718 ecclesias-

93 3750 155 3812 tica
174 3747 271 3811 officia
284 3795 293 3826 ,
306 3749 443 3811 videlicet
459 3768 466 3808 :
481 3747 663 3808 Electionem
682 3747 803 3827 proprie
824 3744 955 3817 dictam,
971 3746 1076 3806 Posco-
