2562 4224
454 263 541 306 creua
562 260 679 306 errrnus.
993 252 1048 310 {65

103 366 188 439 tiones,
197 383 222 426 c.
233 369 263 438 7,
276 383 306 444 q.
320 367 349 434 l,
361 362 490 425 dicitur:
505 361 939 444 rMulalionesEpiscoporum
949 362 1054 426 scitote

104 475 115 506 e
131 452 277 513 communi
289 449 425 512 utilitate
438 457 528 531 atque
541 451 708 511 necessitate
722 450 786 511 fieri
801 451 901 514 licere.
914 473 994 511 r-«
1003 453 1057 514 Ne

104 563 115 595 r
134 559 187 620 que
197 541 290 616 enirn,
302 538 621 620 inquitBellarminus,
633 557 682 620 ap.
694 539 808 600 Bened.
820 541 885 600 XlV
899 537 1055 620 (DeSyn.,

104 652 116 683 a
135 628 179 691 lib.
202 632 249 704 ta,
269 646 298 690 c.
325 631 373 700 lli,
397 637 433 688 n⁰
450 628 495 709 5),
520 627 661 690 institutae
680 634 751 689 sunt
773 627 916 689 Ecclesiae
938 634 1059 708 propter

104 743 115 771 a
136 717 303 797 Episcopus,
319 715 372 778 sed
386 715 527 796 Episcopi
542 723 664 796 propter
678 716 827 777 Ecclesias
841 734 849 776 :
864 734 946 777 nunc
959 723 1059 778 autem
1080 709 1082 714 ’

105 829 117 862 a
134 805 259 885 quotidie
272 804 483 866 translationes
497 805 561 865 lieri
576 803 715 866 videmus
732 806 768 866 et
782 804 881 865 solirm
899 803 937 866 de
951 805 1059 882 causa,

104 915 116 950 a
135 897 164 954 ut
176 893 312 974 Episcopi
328 893 374 954 rel
389 893 504 954 honore
518 892 563 954 vel
578 892 687 973 opilius
700 899 876 973 augeantur.
892 914 908 952 u

134 983 218 1063 Resp.
232 987 265 1045 2⁰
279 982 391 1044 Causas
404 981 553 1061 legitimas
566 981 770 1043 translationis
787 1000 839 1042 eas
862 999 927 1044 esse
942 981 980 1042 de
994 981 1062 1062 qui·

101 1069 150 1132 bus
162 1071 193 1132 lit
207 1069 322 1133 mentio
337 1069 368 1130 in
382 1069 507 1150 praelato
521 1088 638 1132 canone
653 1069 846 1142 lllututicnes,
865 1088 975 1152 nempe
986 1089 1063 1132 ecm-

101 1177 203 1220 mcnem
217 1159 384 1221 utilitatem
398 1164 488 1238 atquc
501 1159 708 1220 necessitatem.

133 1249 183 1309 Est
192 1247 351 1310 eommunis
363 1246 495 1318 utilitas,
512 1247 535 1308 si
551 1265 587 1308 ex
603 1245 795 1308 translatione
808 1253 945 1328 speretur
969 1247 1064 1328 majo·

101 1353 158 1397 rem
182 1338 314 1400 fructum
340 1342 521 1398 eventurum
544 1335 608 1397 fore
636 1336 797 1398 universali
819 1337 866 1398 vel
893 1336 1063 1417 particulari

101 1425 246 1502 Ecclesiae3
269 1424 330 1488 hoa
350 1423 472 1500 accidit,
495 1424 519 1486 si
538 1443 575 1485 eir
595 1425 790 1486 translatione
809 1424 923 1487 bonum
941 1425 1024 1505 pacis
1038 1431 1067 1486 et

44 1529 48 1538 ·
100 1515 261 1577 concordiae
272 1512 439 1595 proveniat,
455 1513 479 1573 si
492 1512 530 1573 ab
545 1513 581 1572 iis
595 1513 707 1593 quibus
720 1513 863 1592 competit
874 1513 924 1590 jus
937 1513 1066 1592 eligendi

101 1601 140 1662 rel
154 1601 349 1674 nominandi,
367 1609 439 1681 puta
454 1602 470 1661 a
487 1600 633 1680 principe,
646 1600 814 1680 postuletur
826 1601 917 1662 unius
928 1601 1068 1664 Ecclesiae

100 1689 262 1772 Episcopus
273 1707 328 1772 pro
340 1689 398 1750 alia
412 1688 558 1764 Ecclesia,
575 1694 628 1750 aut
641 1689 665 1749 si
681 1685 699 1749 t
714 1688 842 1750 Summo
856 1688 1013 1760 Pontilice,
1029 1690 1068 1752 cb
1182 1712 1186 1720 ·

101 1779 271 1842 meritorum
286 1777 515 1860 praerogativam
537 1783 589 1838 aut
606 1795 643 1838 err
661 1779 752 1838 causa
772 1776 908 1858 specialis
934 1779 1068 1840 necessi-

100 1865 162 1935 tatis
173 1867 381 1930 transferatur.

135 1955 184 2018 Est
197 1956 351 2019 necessitas
366 1955 409 2033 si,
424 1954 464 2017 ob
476 1954 892 2034 persecutionemhostilem‚
908 1957 1012 2021 odium
1026 1959 1068 2022 ci·

100 2042 197 2119 vium,
226 2045 305 2108 acris
333 2043 575 2118 inclementiam,
602 2050 673 2118 etc„
699 2045 866 2124 Episcopus
890 2046 922 2106 in
950 2049 1070 2129 propria

100 2131 228 2195 Ecclesia
241 2134 307 2195 tuto
319 2131 502 2195 commorari
517 2139 657 2213 nequeat.
680 2133 752 2194 Can.
772 2131 958 2214 Posterule's,
979 2155 1008 2198 c.
1030 2141 1068 2213 t,

136 2310 232 2389 Objici
258 2317 354 2390 posset
376 2327 443 2388 cap.
469 2309 553 2370 lutee
571 2309 752 2388 corporolia,
775 2308 816 2370 De
838 2310 1006 2390 Translat,
1019 2313 1070 2375 ubi

98 2401 237 2479 expresse
251 2397 381 2460 declarat
390 2397 585 2458 Innocentius
597 2399 653 2470 lll,
671 2397 754 2478 quod
765 2399 843 2461 sicut
856 2401 937 2461 Deus
947 2400 1071 2464 dissolu·

99 2485 210 2549 tionem
223 2486 353 2550 carnalis
371 2484 502 2566 conjugii
517 2484 573 2546 sibi
589 2487 762 2562 reservavit,
778 2487 821 2548 sic
834 2488 924 2549 eliam
939 2490 1071 2572 coniugii

98 2574 261 2656 spiritualis
281 2575 358 2636 inter
380 2575 562 2655 Episcopum
583 2580 612 2635 ct
630 2575 809 2638 Ecclesiam.
826 2579 863 2637 Et
882 2581 982 2640 revera
1002 2598 1071 2642 sen-

100 2665 188 2727 tentia
201 2664 425 2727 communierat
437 2680 505 2742 quae
519 2664 550 2724 S.
564 2663 706 2743 Lignorio
717 2664 834 2727 videtur
845 2667 931 2748 teupi
939 2669 1074 2748 prebebi-

98 2748 173 2835 lior(
179 2754 232 2818 lib.
250 2758 282 2831 t,
297 2763 329 2813 n⁰
347 2754 426 2828 lot),
441 2755 524 2812 tenet
543 2751 754 2814 translationes
767 2755 985 2836 Episcopcrum
1008 2776 1073 2821 esse

100 2841 199 2904 vetitas
209 2844 281 2922 jure
298 2841 412 2902 divino.

134 2931 215 2994 Huic
228 2931 391 3008 objectioni
406 2929 604 3010 respondetur
613 2948 684 2991 cum
694 2931 725 2992 S.
739 2932 860 3012 Lignea.
873 2933 980 3012 (rote),
992 2936 1074 3016 quod

102 3040 116 3074 ι
135 3019 205 3081 licet
226 3019 425 3100 Episcopatus
451 3026 643 3098 comparetur
658 3021 851 3082 matrimonio
869 3023 996 3099 carnali,
1013 3041 1074 3085 non

102 3129 115 3164 a
135 3113 241 3169 lernen
258 3107 298 3168 ita
312 3124 415 3168 verum
430 3112 489 3182 est,
505 3114 536 3169 ut
558 3124 619 3168 non
639 3108 732 3186 possit
745 3108 865 3170 dissolvi
888 3109 945 3171 hoc
965 3113 1074 3190 corrju-

100 3217 115 3251 a
134 3196 221 3276 gium
242 3194 397 3277 spirituale
414 3212 468 3274 per
487 3193 741 3275 dispensationem
762 3196 930 3275 Pontificis,
944 3199 1025 3276 justa
1047 3206 1077 3263 et

101 3304 116 3340 a
135 3283 223 3346 valde
239 3283 321 3364 gravi
335 3285 427 3344 caust
440 3283 676 3358 interveniente,
692 3291 727 3346 ut
739 3303 846 3347 ornnes
859 3286 999 3348 latentur.
1011 3309 1025 3346 r
1040 3291 1077 3351 Et

97 3371 125 3432 id
147 3372 284 3434 affirmat
302 3371 431 3452 ipsemet
451 3371 646 3434 Innocentius
665 3373 722 3449 ΠΙ,
746 3373 821 3436 dum
836 3373 961 3456 adjicit:
981 3380 1077 3440 chn

100 3461 222 3524 «enim
248 3459 383 3522 humant
404 3459 457 3523 sed
481 3461 581 3542 potins
607 3456 708 3522 divina
732 3469 875 3542 potestate
901 3467 1076 3548 coniugium

98 3571 114 3606 ι
134 3548 296 3630 spirituale
311 3547 496 3618 dissolvitur,
515 3550 586 3610 curn
602 3560 655 3630 per
669 3550 932 3616 translationem...
948 3556 1070 3618 auctari·

99 3661 114 3693 «
136 3645 197 3698 tate
208 3635 341 3697 Romani
354 3636 519 3714 Pontinus,
534 3651 626 3717 quem
638 3643 754 3700 constat
765 3656 830 3702 esse
841 3642 993 3704 Vicarium
1006 3646 1023 3706 J
1026 3662 1076 3704 eso

98 3748 114 3781 a
135 3724 271 3797 Christi,
285 3723 322 3784 ab
336 3723 470 3786 Ecclesia
482 3727 662 3786 removetur·
678 3749 693 3786 a
1078 3739 1084 3748 ’
