2590 4214
172 275 230 332 ltu
442 283 593 327 cernuum
616 281 700 326 runis
720 279 871 327 dancmar.

173 383 262 458 bello,
277 381 360 463 etc),
381 390 454 444 lunc
474 381 638 444 incurritur
658 380 877 461 irregularitas,
897 379 1039 460 quamuis
1055 381 1163 444 omnis

173 471 347 532 adhibeatur
361 470 517 550 diligentia
528 488 566 531 ne
580 487 663 545 mors
677 474 840 549 aequatum
856 487 946 531 secus
959 470 983 530 si
998 489 1080 550 opus
1089 471 1166 532 rard

172 561 210 620 sit
225 559 330 620 mortis
342 558 530 621 inductivum
541 564 571 620 et
583 557 684 619 debita
696 556 852 637 diligentia
866 556 1068 620 adhibeatur:
1085 565 1166 621 tunc

174 648 256 708 enim
270 646 468 710 homicidium
482 647 580 710 necin
595 664 628 708 se
643 665 699 708 nec
711 647 743 707 in
755 646 846 707 caust
860 653 904 706 est
919 647 1061 708 volitum.

217 735 260 796 hd
287 742 401 798 tentum
425 754 492 817 cap.
521 735 584 797 Tau
605 753 681 802 aas,
709 733 761 796 uhi
784 733 960 814 irregularis
986 735 1166 797 declaratur

175 824 362 900 monachus,
378 825 446 888 licet
462 825 585 904 peritus,
602 822 739 884 incidens
752 829 907 902 apostema
920 823 1083 902 cujusdam
1099 839 1167 884 mu·

176 911 255 974 lieris
278 933 347 990 quae
371 931 406 976 ex
435 914 490 974 sut
515 912 634 974 incuria
659 917 762 993 postea
785 908 932 985 decessit,
958 911 1168 992 respondetur

176 1021 281 1064 casum
305 1002 390 1064 illurn
412 1001 575 1083 specialem
593 1017 658 1062 esse
682 999 714 1061 in
734 998 827 1076 jure,
851 1007 881 1060 et
894 1017 958 1061 non
976 1018 1045 1062 esse
1059 1005 1167 1062 exten·

176 1089 311 1152 dendum
327 1091 365 1152 ad
380 1091 464 1152 alios.

216 1180 260 1238 Ex
287 1178 344 1240 hac
362 1180 510 1240 sententia
536 1179 671 1240 inierunt
695 1177 786 1239 Salm.
813 1195 886 1240 cum
905 1177 987 1254 aliis,
1011 1196 1077 1239 non
1098 1197 1168 1241 esse

177 1266 374 1346 irregularem
400 1267 543 1328 clericum
567 1267 610 1343 si,
637 1267 703 1348 ipso
724 1272 934 1329 torneamenta
956 1265 1003 1328 vel
1027 1267 1166 1329 terarum

177 1356 369 1415 venationem
383 1362 552 1426 exercente,
569 1373 652 1415 mors
663 1353 791 1432 alicujus
805 1355 1012 1436 contingeret;
1027 1355 1090 1416 nisi
1106 1375 1165 1417 ne-

178 1441 353 1524 gligentiam
367 1443 568 1504 committeret
577 1443 615 1504 ad
631 1443 756 1504 mortale
766 1443 980 1524 pertinentem.

219 1531 248 1592 Si
260 1530 455 1612 perterritam
468 1550 514 1592 res
528 1549 639 1611 nempe
651 1549 712 1591 non
726 1536 770 1592 est
779 1531 881 1593 illicita
895 1532 967 1612 quia
981 1537 1029 1594 est
1040 1533 1166 1614 pericu·

178 1617 253 1695 losa,
270 1619 322 1680 sed
336 1619 375 1680 ob
390 1618 479 1682 aliam
494 1637 616 1681 causam
634 1638 641 1678 :
657 1623 730 1680 lunc
743 1614 796 1702 qui
813 1619 855 1681 rei
870 1619 1046 1699 huiusmodi
1061 1630 1163 1696 vacat,

178 1715 283 1788 peccat
305 1708 452 1789 quidem,
481 1708 533 1769 sed
558 1707 643 1787 juxta
667 1726 863 1770 communem
887 1709 1071 1770 sententiam
1101 1729 1166 1772 non

179 1795 306 1858 incurrit
330 1795 601 1878 irregularitatem,
630 1796 722 1856 mcdd
748 1795 947 1858 sufficientem
970 1797 1164 1879 diligentiam

180 1883 368 1945 adhibuerit:
392 1904 420 1947 v.
437 1905 480 1964 g,
503 1884 527 1945 si
548 1885 621 1946 dum
641 1886 710 1965 quis
734 1885 822 1947 caedit
845 1885 983 1948 arborem
997 1889 1042 1948 in
1067 1886 1168 1950 tundo

180 1973 289 2049 alieno,
308 1975 390 2034 mere
405 1973 527 2035 fortuito
545 1973 637 2034 homo
655 1973 763 2055 aliquis
778 1974 942 2037 occidatur.
958 1978 1001 2036 lta
1016 1994 1166 2039 eommu-

181 2060 303 2122 nissimd
318 2062 394 2137 litt,
410 2069 438 2122 et
453 2060 604 2141 colligitur
614 2079 651 2122 ex
662 2062 808 2123 Clement.
821 2061 922 2138 unica,
934 2062 977 2124 De
988 2063 1164 2140 honricz'dio,

180 2149 231 2210 ubi
252 2151 319 2211 ided
337 2168 482 2223 exercens
505 2167 582 2230 opus
602 2149 715 2211 licitum
737 2157 920 2212 excusatur:
943 2153 1017 2231 quia
1038 2153 1166 2214 homici-

180 2237 261 2299 dium
286 2258 346 2301 non
369 2247 414 2301 est
432 2238 655 2314 voluntarium3
677 2239 758 2300 unde
777 2257 897 2320 semper
911 2258 946 2301 ae
960 2240 1166 2303 homicidium

180 2334 225 2389 est
238 2329 364 2389 omnino
375 2327 627 2404 involuntarium,
642 2328 807 2389 nonoritur
819 2329 1037 2408 irregularitas,
1055 2349 1167 2411 quarn·

180 2415 223 2478 vis
237 2417 279 2476 rei
293 2416 404 2479 illicitae
415 2422 547 2477 vacetur.

220 2509 289 2568 613.
314 2505 435 2577 Quaerit.
457 2506 488 2566 2⁰
504 2506 550 2564 dn
566 2504 738 2584 irregularis
757 2505 807 2565 lial
823 2506 876 2587 qui
898 2505 1027 2568 alterum
1045 2512 1166 2573 mutilat

181 2602 231 2656 aut
257 2595 385 2666 oceidit,
415 2592 452 2655 ad
476 2594 676 2654 necessariam
699 2595 745 2655 sul
765 2593 811 2655 vel
843 2594 967 2656 alterius
990 2597 1168 2663 innocentis

180 2683 386 2744 defensionem
402 2701 472 2744 curn
487 2681 694 2742 moderamine
709 2681 869 2763 inculpatae
883 2683 1006 2745 tutelae?

221 2774 310 2853 Resp.
335 2773 496 2852 Negalire3
523 2781 551 2831 et
575 2769 648 2831 illud
669 2777 703 2831 ut
720 2777 837 2832 certum
860 2770 989 2834 habetur
1008 2795 1066 2854 pro
1091 2797 1165 2844 casu

180 2877 242 2921 sure
257 2859 460 2921 defensionis:
478 2876 515 2920 ex
535 2877 601 2938 cap.
619 2857 811 2940 Significant
824 2863 871 2933 l8,
886 2859 904 2940 §
918 2860 985 2936 fin„
1002 2864 1050 2925 De
1063 2866 1164 2930 homi·

181 2947 259 3010 ridie
269 2969 279 3024 ;
295 2958 324 3010 et
341 2967 377 3010 ex
392 2948 485 3009 Clem.
509 2945 549 3009 Si
563 2946 714 3028 furiosus,
733 2948 841 3009 ecdem
855 2949 902 3010 tit.
918 2951 955 3010 Et
974 2970 1031 3030 prc
1055 2953 1163 3018 defen-

180 3039 264 3100 sione
279 3037 448 3101 innocentis
460 3037 654 3099 verisimilius
662 3035 822 3098 deducitur
834 3055 871 3098 ex
886 3055 953 3119 cap.
965 3039 1022 3102 Ee
1037 3041 1164 3124 titteris,

187 3128 224 3190 De
237 3127 407 3190 homicidia.
474 3153 475 3156 ¹

218 3221 282 3280 Nec
302 3217 400 3278 obstat
421 3215 534 3276 Coneil.
550 3214 632 3275 Trid.
653 3213 739 3294 (sess.
757 3218 813 3289 ll,
829 3233 856 3276 c.
870 3215 914 3296 7),
930 3217 982 3277 ubi
997 3218 1112 3284 dicitur
1125 3225 1164 3287 de

179 3326 216 3370 cc
243 3308 295 3390 qui
317 3305 473 3368 occidisset
500 3326 515 3362 o
536 3323 627 3379 cusu,
651 3303 697 3364 oet
718 3303 778 3363 cim
799 3303 830 3380 oi
842 3304 1031 3385 repellendo,
1057 3315 1163 3374 utsec'

184 3419 198 3456 a
212 3406 305 3457 morte
316 3393 495 3476 defenderet,
516 3391 670 3474 quddjure
683 3391 894 3473 quodammodo
914 3393 1099 3476 dispensatio
1112 3399 1161 3462 de-

183 3485 318 3547 «beatur
329 3504 359 3561 n;
379 3501 449 3546 nam
474 3481 678 3544 communiter
701 3480 876 3562 intelligitur
890 3482 939 3544 hic
961 3492 1059 3547 textus
1072 3488 1112 3550 de
1126 3508 1166 3553 ec

179 3574 229 3643 ‘rui
244 3573 439 3634 moderamen
452 3573 482 3633 in
497 3573 544 3632 sul
556 3569 731 3632 defensione
747 3588 808 3630 non
823 3578 980 3633 servasset.

219 3673 281 3732 llrtc
295 3678 396 3730 lamen
412 3669 618 3743 occurrentia,
642 3666 841 3730 homicidium
856 3677 1012 3750 reputatur
1030 3677 1162 3757 casuale,

183 3769 207 3827 rt
221 3758 289 3818 ided
309 3757 493 3834 Episcopus.
513 3757 538 3817 si
560 3756 678 3818 crimen
698 3755 734 3816 sit
756 3757 925 3832 occultum,
943 3767 1040 3839 potest
1055 3765 1087 3823 in
1103 3765 1161 3830 htlc
