2562 4224
386 295 388 298 ’
463 296 550 342 claun
571 278 708 344 narniis.
1010 261 1063 348 l0't

84 411 102 450 a
125 389 180 453 siae
194 391 233 452 ad
252 395 397 458 saeculunn
416 396 455 460 VI
474 399 542 461 novi
561 397 754 478 erigebantur
774 397 997 479 episcopatust
1016 411 1066 482 spu

85 498 102 537 a
125 478 215 541 nodis
238 483 480 564 provincialibus,
501 486 708 551 consentiente
728 485 972 566 Metropolitum,
995 505 1065 569 pos-

86 567 242 631 atulante
273 573 422 654 Episcopo
452 575 498 638 vel
525 581 702 649 annuente,
732 573 769 635 ad
796 574 882 652 cujus
912 573 1065 638 dioecesim

86 676 103 714 a
125 656 294 736 pertinebat
304 662 437 724 Ecclesia
448 662 479 726 in
489 666 551 746 qut
563 663 649 725 sedes
661 661 839 744 episcopalis
850 662 1064 728 collocabatur.

87 765 103 802 a
123 742 158 805 ld
173 762 212 807 ex
225 765 341 812 canone
355 751 480 814 Concilii
500 756 537 816 lt
559 751 688 813 africani
707 755 897 830 compertum
912 756 971 828 est,
988 757 1017 812 et
1029 767 1065 814 et

86 853 103 891 a
124 831 204 896 lacto
219 836 250 896 S.
269 839 445 918 Augustini,
461 841 525 921 qui,
541 839 709 902 Fussalensi
726 838 864 912 castello,
881 837 1013 902 millibus
1026 844 1065 904 10

86 943 102 980 u
124 921 164 983 ab
177 923 318 1004 Hippone
330 929 477 1006 seJuncto,
492 929 675 1008 Episcopum
694 926 826 989 ordinari
841 927 956 988 curavit
969 929 987 989 a
1002 928 1065 990 Pri·

85 1032 102 1068 a
125 1015 208 1072 mate
221 1013 383 1091 Numidiae,
399 1017 537 1078 Romano
556 1015 699 1078 Pontifice
712 1015 894 1090 inconsulto,
906 1021 939 1076 ut
951 1024 1080 1096 constat*

85 1121 101 1156 a
125 1099 279 1180 exipsius
300 1103 460 1184 Augustini
484 1103 608 1185 epistola
627 1107 733 1166 261.»
760 1101 848 1184 (lust.
873 1103 940 1166 Jur.
961 1105 1064 1186 publ„

82 1207 113 1268 p.
149 1191 243 1267 223.)
265 1190 304 1250 Et
326 1194 427 1252 revera
451 1193 485 1254 P.
512 1191 727 1253 'thomassinus
752 1191 841 1252 sentit
871 1209 940 1252 cum
968 1194 1063 1256 Natali

83 1275 281 1339 Alexandro:
302 1300 317 1336 a
330 1279 463 1342 Maxime
484 1277 551 1342 dcte
581 1279 719 1342 seculum
738 1289 851 1340 sectum
872 1283 929 1341 cort
954 1301 1059 1364 semper

86 1365 275 1428 «accessisse
301 1367 430 1430 [tornaci
456 1369 613 1450 Pontificio
641 1387 805 1450 cupressum
829 1387 1013 1432 consensum
1033 1372 1065 1433 in

85 1475 101 1510 u
124 1470 275 1514 novorum
289 1457 504 1536 Episcopatum
517 1457 679 1518 erectione.
691 1457 811 1519 Deuov.
827 1463 856 1517 et
866 1465 922 1518 cet.
931 1457 1063 1541 discrpl„

86 1546 239 1621 «paral,
254 1542 274 1604 l.
292 1547 321 1620 1,
336 1562 364 1606 c.
380 1546 462 1608 aa.»

124 1633 198 1692 111.
223 1632 363 1693 Poterant
376 1651 449 1715 ergo
466 1635 535 1697 novi
553 1635 752 1718 Episcopatus
763 1632 856 1692 creari
879 1630 1061 1706 dGonciliis,

81 1719 294 1799 Metropolitis,
306 1721 398 1784 modo
408 1728 598 1785 servarentur
606 1723 687 1802 leges
696 1719 905 1782 ecclesiasticae
915 1723 933 1782 a
944 1723 974 1784 S.
988 1722 1065 1784 Pon-

82 1804 166 1867 tifice
185 1807 307 1870 sancitae
324 1809 370 1870 vel
394 1811 565 1892 approbatae
587 1829 594 1872 :
614 1811 686 1872 ciam
706 1809 777 1870 vero
798 1807 830 1868 in
850 1807 888 1870 iis
912 1811 1064 1874 servandis

82 1895 190 1956 minus
199 1895 329 1977 religiosi
340 1897 466 1960 tuissent
480 1899 632 1962 Antistltes
643 1897 785 1973 Africani,
799 1897 965 1978 Episcopos
974 1898 1064 1962 etiam

83 1982 117 2042 in
137 1982 257 2063 exiguis
276 1985 360 2066 pagis
379 1986 521 2065 creando,
537 1987 602 2049 illos
619 1986 659 2050 de
681 1987 740 2050 hoc
760 1985 914 2066 redarguit
934 1988 964 2050 S.
991 1988 1063 2068 Leo,

83 2069 214 2150 epistola
235 2074 286 2151 81,
301 2073 449 2156 jussitque
468 2065 633 2139 minutulos
654 2073 829 2154 hujusmodi
853 2075 1063 2158 Episcopatus,

82 2160 159 2222 ciam
174 2159 315 2241 deinceps
328 2169 479 2241 vacarent,
494 2164 621 2227 omnino
635 2165 796 2245 supprimi.

123 2250 160 2310 ln
180 2249 314 2311 Ecclesia
337 2251 479 2314 Orientali
503 2252 719 2334 erigendorum
745 2251 980 2340 Episcopatuum
1004 2259 1064 2321 tota

80 2355 160 2400 cura
169 2355 205 2400 ac
216 2339 385 2401 sollicitudo
399 2340 569 2403 concredita
583 2340 640 2404 tuit
652 2338 842 2402 Paniarahis.
957 2329 967 2346 ⁴

122 2429 197 2490 215.
223 2428 247 2487 Α
264 2435 348 2490 sexto
362 2428 433 2490 verd
456 2429 588 2506 saeculo,
612 2429 642 2490 in
658 2428 792 2492 Ecclesia
807 2426 927 2503 Latine,
942 2427 1063 2508 Episco

81 2520 174 2595 patus
194 2533 257 2577 non
276 2515 396 2579 luerunt
420 2519 511 2580 erecti
529 2519 595 2580 sine
614 2518 701 2580 Sedis
722 2515 898 2596 Apostolicae
921 2517 1062 2598 expresse

81 2603 272 2666 auctoritate.
970 2605 971 2608 ’

121 2692 194 2770 Sic,
213 2699 317 2754 octavo
334 2695 462 2770 saeculo,
482 2694 513 2758 S.
537 2695 698 2776 Gregorius
716 2697 742 2756 ll
762 2692 800 2754 a'd
816 2695 848 2757 S.
872 2693 1060 2774 Bonilacium

79 2781 256 2845 rcribebat:
277 2782 576 2866 aPraecipimus,ut,
587 2783 754 2846 secundum
769 2800 923 2845 canonum
937 2788 1057 2857 statuta,
1115 2791 1119 2798 '

4 2919 5 2922 ,
83 2895 98 2928 u
119 2870 174 2934 ubi
197 2870 359 2934 multitudo
382 2872 511 2954 excrevit
529 2871 684 2949 fidelium,
708 2890 746 2932 ea
767 2870 866 2951 cipere
881 2870 1058 2954 apostolico

82 2983 97 3019 a
119 2957 222 3034 Sedes,
238 2958 372 3023 debeatis
385 2960 524 3024 ordinare
537 2961 713 3044 Episcopus.
729 2979 744 3018 u

124 3069 141 3109 a
164 3049 324 3110 Plenitudo
339 3049 506 3129 potestatis,
524 3068 614 3132 super
628 3050 782 3112 universas
798 3048 880 3121 orbis
890 3047 1056 3126 Ecclesias,

82 3167 89 3192 ‹
119 3137 221 3220 inquit
235 3139 267 3200 S.
285 3138 455 3202 Bernardus
469 3138 575 3221 (Epist.
596 3141 681 3218 131),
691 3137 835 3218 singulari
850 3136 1056 3220 praerogative,

81 3250 97 3287 u
121 3228 302 3309 Apostolicae
318 3227 387 3290 Sedi
400 3227 509 3290 donata
521 3235 603 3294 est...
620 3230 731 3303 Potest,
747 3227 771 3288 si
786 3227 858 3288 utile
866 3223 1055 3305 judicaverit,

81 3337 98 3376 r
120 3336 218 3380 novos
232 3317 372 3380 ordinare
385 3317 600 3399 Episcopatus,
620 3316 672 3380 ubi
696 3315 841 3378 hactenus
856 3331 918 3375 non
932 3311 1053 3378 luerint.

83 3430 100 3466 n
121 3409 224 3470 Potest
238 3425 290 3468 eos
310 3408 465 3488 quisunt,
487 3406 560 3469 alios
582 3404 769 3487 deprimere,
785 3402 859 3464 alios
873 3400 1053 3476 sublimare,

83 3519 99 3557 a
120 3503 213 3579 prout
225 3497 301 3557 ratio
315 3495 370 3556 sibi
381 3495 550 3568 dictaverit;
565 3493 606 3556 ita
620 3500 654 3556 ut
667 3493 704 3554 de
716 3489 872 3572 Episcopis
884 3507 987 3554 creare
997 3491 1054 3552 Ar·

83 3585 331 3665 achiepiscopus
356 3585 464 3663 liceat,
487 3591 518 3647 et
539 3585 557 3648 e
579 3601 744 3660 converso,
768 3581 793 3643 si
817 3597 938 3643 necesse
958 3580 1053 3644 visum

83 3674 253 3738 aluerit.»
691 3730 694 3736 .

122 3764 168 3829 Ad
183 3765 346 3826 Summum
360 3780 432 3844 ergo
450 3760 628 3826 Pontificem
644 3760 788 3824 duntaxat
801 3758 889 3822 hodie
903 3756 1051 3839 pertinet,
