2548 4216
199 249 256 306 ³76
479 250 629 297 recusum
649 249 731 294 suuis
750 247 896 294 sanemur.

199 409 201 414 .
243 375 258 411 o
279 354 301 413 l.
328 354 374 411 An
391 347 556 430 parochus,
572 348 624 430 qui
636 348 712 410 duas
723 344 881 428 parochias
892 345 984 426 regit,
1001 349 1031 406 et
1046 344 1116 407 ideo
1130 345 1172 406 bis

202 463 217 500 ι
250 440 340 501 indie
351 436 621 518 celebratumque
632 436 875 518 parochiaesuam
889 435 1012 496 missam
1023 435 1173 516 applicare
1263 461 1264 466 ¹

203 550 218 590 α
240 535 390 604 teneatur,
408 545 469 588 non
484 524 621 588 obstante
635 524 809 588 reddituum
824 524 999 606 exiguitate.

239 621 275 679 ll.
302 621 347 678 An
369 614 529 697 parochus
545 615 598 696 qui
621 614 651 676 in
681 616 742 677 unt
765 613 935 694 eidemque
961 613 1112 693 parochia
1134 612 1175 674 his

204 730 220 768 o
240 707 348 769 eodem
363 705 411 766 dic
427 703 568 778 celebrat,
585 710 746 785 utramque
760 703 884 764 missam
900 701 1014 782 populo
1028 702 1086 762 sihi
1102 719 1176 763 com

206 819 222 858 o
242 797 334 858 misso
345 794 436 874 gratis
448 792 599 872 applicare
611 793 738 854 omnino
752 796 891 853 teneatur
903 791 935 851 in
947 808 1034 866 casu,
1050 797 1110 851 etc.

245 907 259 943 r
281 887 329 945 lll.
354 886 401 942 An
417 879 537 956 vicarii,
558 887 609 942 aut
623 881 673 942 alii
689 879 860 942 sacerdotes
876 896 984 942 curam
1004 879 1177 941 animarum

205 995 220 1033 o
243 991 302 1034 non
318 970 473 1042 hahentes
486 969 510 1030 si
520 968 642 1048 quando
657 969 703 1031 bis
713 970 744 1030 in
754 967 1001 1041 diecclehrant,..
1011 968 1177 1030 secundam

110 1062 112 1067 ’
207 1083 222 1122 r
241 1068 271 1123 et
294 1059 350 1140 ipsi
363 1059 485 1120 missam
501 1058 612 1138 populo
627 1061 718 1139 gratis
738 1057 889 1139 applicare
904 1063 1079 1131 tencantur,
1095 1063 1176 1118 etc...

245 1171 261 1208 c
282 1149 336 1209 Die
351 1151 389 1209 25
405 1152 480 1227 sept.
497 1149 586 1224 1858,
599 1149 629 1210 S.
641 1147 841 1228 congregatio
853 1145 890 1207 ad
903 1145 1081 1225 supradicta
1092 1145 1177 1207 dubia

206 1260 222 1300 c
242 1237 414 1316 rescripsit:

247 1347 262 1384 r
284 1326 329 1386 Ad
341 1330 379 1386 lm
396 1323 578 1406 affirmative*
593 1327 613 1387 ¹.

247 1437 263 1474 a
284 1415 329 1476 ad
344 1419 383 1476 2¹¹³
399 1414 542 1495 repetire,
559 1415 645 1476 lirina
655 1413 858 1496 prohibitione
866 1411 1037 1494 recipiendi
1053 1413 1179 1474 eleemo

212 1530 225 1563 r
243 1523 348 1586 synam
367 1522 422 1584 pro
437 1503 569 1566 secundet
584 1505 685 1565 misse.

248 1615 264 1654 o
286 1593 330 1653 Ad
345 1595 383 1654 3¹¹¹
397 1593 542 1672 repetire,
560 1599 710 1673 quatenus
724 1609 831 1654 curam
851 1590 1026 1652 animarum
1046 1609 1110 1652 non
1128 1589 1176 1650 he-

208 1703 223 1740 o
243 1680 354 1759 beant,
374 1681 461 1742 lirmt
476 1699 595 1761 semper
617 1681 819 1762 prohibitione
833 1679 1000 1760 recipiendi
1018 1679 1178 1758 eleemosy-

209 1793 224 1828 α
244 1789 315 1830 nam
339 1787 394 1850 pro
409 1769 540 1831 secundat
554 1769 716 1832 missa...»
740 1767 883 1831 Videalia
903 1767 996 1830 dubia
1018 1767 1052 1828 in
1078 1776 1177 1829 nostro

203 1857 345 1919 Moeuoli
357 1907 364 1931 ‚
377 1871 410 1918 n⁰
426 1862 514 1920 isca.

245 1950 313 2008 517.
339 1948 457 2015 tluaerit.
471 1951 503 2008 2⁰
520 1949 566 2006 dn
582 1947 612 2009 in
630 1946 761 2028 praelatis
771 1946 891 2010 casibus
904 1945 1175 2026 requiraturlicen·

106 2093 113 2104 ,
206 2035 244 2097 tia
258 2036 423 2117 Episcopi?

245 2127 335 2206 Resp.
348 2124 533 2205 Regulariter
544 2123 708 2205 loquendo,
719 2123 769 2186 die
779 2123 892 2185 Natalis
901 2121 1026 2184 Domini
1043 2128 1174 2204 excepto²

205 2213 244 2274 ad
268 2214 455 2275 iterationem
477 2213 577 2274 missae
600 2213 766 2294 requiritur
789 2211 909 2273 licentia
928 2211 1096 2292 Episcopi;
1112 2217 1141 2273 et
1156 2211 1176 2272 si

206 2303 296 2364 missa
319 2307 351 2365 in
372 2302 487 2363 duabus
509 2301 644 2363 ecclesiis
667 2301 856 2378 celebretur,
883 2298 993 2362 sufficit
1014 2301 1101 2362 certe
1120 2300 1177 2362 hec

206 2389 336 2453 licentia.
354 2392 484 2462 Quaestio
498 2389 623 2469 quidem
638 2389 712 2451 olim
728 2394 791 2451 erat
802 2395 993 2451 controversa
1009 2407 1050 2448 an
1063 2388 1176 2451 licentia

206 2482 346 2562 Episcopi
363 2479 529 2543 necessaria
551 2478 645 2549 loret;
663 2478 716 2540 scd
734 2477 823 2540 hodie
842 2476 998 2538 sententiae
1018 2476 1177 2539 affirmanti

207 2587 272 2630 esse
293 2569 435 2631 standum
450 2575 483 2630 ut
497 2566 825 2645 conrmuniori,-sentit
840 2565 1021 2628 Benedictus
1038 2567 1125 2642 XlV,
1139 2565 1178 2628 De

207 2655 363 2738 Sacrificio
381 2658 487 2718 misso.
513 2650 649 2718 Testatur
669 2656 793 2737 insuper
816 2653 971 2717 Verricelli
989 2653 1034 2716 sic
1058 2655 1178 2718 aSecrt

207 2746 444 2826 congregatione
455 2745 545 2807 luisse
558 2745 736 2807 resolutum.

247 2835 367 2896 Dictum
382 2832 437 2894 fuit
451 2833 633 2914 reputoriter
647 2831 798 2916 loquenda
815 2831 886 2912 quia
898 2831 929 2893 in
944 2850 1008 2893 uno
1020 2838 1076 2895 aut
1091 2834 1177 2896 alters

208 2939 299 2997 casu,
317 2922 482 3003 praesertim
497 2922 672 3004 repentino,
684 2929 714 2983 et
732 2923 764 2982 in
781 2939 842 3002 quo
859 2938 921 2983 non
937 2919 1035 2982 facilis
1050 2929 1134 3003 patet
1147 2912 1178 2982 al

210 3012 391 3094 Episcopum
406 3030 559 3086 recursus,
571 3010 595 3072 si
609 3009 730 3073 aliunde
744 3007 827 3072 certd
838 3009 941 3071 adesse
955 3009 1098 3074 videatur
1107 3009 1171 3074 suffi

208 3101 289 3164 ciens
302 3099 461 3162 necessitas
473 3101 565 3181 ajuro
579 3099 733 3180 requisita,
745 3097 865 3162 crimini
875 3103 991 3159 nonest
1001 3099 1173 3162 vertendus

208 3189 338 3270 parocho
352 3189 434 3269 quod
446 3188 556 3250 dictam
568 3188 718 3250 licentiam
732 3205 793 3249 non
808 3185 955 3267 exquirat.

247 3279 277 3340 Si
287 3279 361 3339 verd
372 3277 439 3338 duae
453 3276 582 3357 praelatae
598 3277 697 3337 missae
708 3277 739 3336 in
750 3275 856 3337 ehdem
866 3275 993 3336 ecclesia
1002 3277 1182 3353 recitentur,

207 3368 261 3429 istc
283 3384 370 3428 casus
392 3363 488 3426 eodem
500 3365 573 3448 jure
597 3373 637 3426 est
660 3363 814 3425 censendus
833 3381 867 3424 oc
880 3364 1069 3445 procedens,
1094 3373 1128 3429 ut
1147 3367 1185 3428 cit
1219 3411 1222 3416 ,

238 3539 246 3566 ¹
261 3533 308 3583 Pro
327 3533 436 3583 secunda
454 3533 527 3583 missal
540 3538 621 3582 tamen
634 3537 716 3598 potest
727 3531 757 3582 ab
771 3531 892 3598 Episcopo
904 3531 1015 3597 permitti
1034 3541 1064 3584 ut
1076 3535 1184 3586 solvatur

207 3603 309 3669 aliquod
325 3604 463 3654 subsidium
478 3603 880 3654 intuitulaborisautincommodi
889 3605 1009 3668 suscepti.
1022 3605 1061 3656 lta
1073 3607 1183 3658 decisum

209 3673 222 3726 l
242 3673 378 3792 {battoma
403 3673 506 3725 concilii
525 3675 629 3726 retertur
650 3674 715 3742 apud
732 3676 789 3729 Rev.
806 3677 848 3726 des
863 3676 969 3726 sdencea
985 3679 1092 3740 ecelis,
1105 3691 1135 3729 rr
1146 3677 1181 3740 ll¹

207 3758 230 3804 p.
292 3777 299 3792 .
