2562 4224
195 277 256 336 150
472 282 624 334 rsauanru
643 285 725 332 sums
744 283 895 331 ornemur.
988 245 996 256 ⁸

199 405 264 448 euna
281 388 458 468 importante
472 387 586 467 absque
595 387 652 448 alia
664 384 823 446 verborum
838 381 1006 463 prolatione
1012 401 1022 458 ;
1040 385 1078 462 si,
1095 405 1124 447 v.
1141 405 1171 466 g.

194 475 325 537 alericus
341 475 560 548 beneficiarius,
576 475 607 534 in
623 471 789 534 minoribus
801 471 998 544 constitutus,
1014 473 1175 535 contrahat

196 564 438 638 matrimonium,
454 563 548 643 ipsius
561 561 743 624 beneficium
757 559 822 639 ipso
834 559 902 637 jure
915 566 1002 620 vacat
1016 559 1058 641 (aa
1072 565 1088 622 1
1103 569 1133 624 et
1143 565 1175 639 3,

205 651 246 713 De
260 649 456 733 Cle·.Cooj.).
473 653 546 712 ltem
560 658 700 712 consetur
709 665 799 709 suum
811 647 994 709 beneficium
1007 649 1141 728 abjicere
1153 653 1176 710 si

184 739 297 802 ¹laetus
311 741 348 801 sit
363 740 462 811 miles;
478 741 502 799 si
518 738 693 819 religionem
713 735 887 797 solemniter
902 735 1080 816 profiteatur
1095 737 1176 820 (eap.

137 873 140 882 ,
203 828 382 909 Beneficium
396 833 426 900 1,
441 827 485 889 lle
498 828 620 903 Requi,
636 826 665 892 in
678 825 734 906 6⁰),
749 823 795 885 vel
807 823 830 884 si
845 824 970 904 recipiat
983 825 1067 887 aliud
1081 827 1178 889 bene-

200 911 1177 996 tioiumincompossibileeumpriore,oep.Multo28,DePraeda

200 1012 234 1065 et
250 1007 367 1064 Extrav.
384 1003 587 1079 Eaeeradilis,
603 1002 669 1065 eod.
687 1003 764 1064 inter
779 1003 974 1064 Communes.

246 1094 397 1172 Eupressa
411 1111 445 1154 ea
459 1093 567 1154 dicitnr
579 1111 647 1173 qnae
661 1091 694 1151 dt
706 1091 854 1172 expressis
866 1089 964 1152 verbis
976 1100 1029 1154 aut
1042 1095 1178 1174 seriptis;

201 1199 274 1261 quea
287 1183 394 1242 iterum
407 1181 519 1261 duplex
532 1189 594 1241 est:
609 1199 685 1260 pura
700 1197 768 1259 qnae
783 1177 897 1258 absquo
912 1179 973 1240 utta
987 1179 1178 1257 conditione3

202 1276 237 1328 et
245 1269 452 1330 conditionalis
465 1287 532 1349 quae
547 1269 580 1329 lit
594 1270 649 1328 sub
667 1268 767 1347 aliquia
779 1265 952 1328 conditione
965 1287 972 1326 :
985 1277 1033 1344 ut,
1050 1290 1078 1332 v.
1097 1291 1142 1352 g.,
1157 1274 1179 1334 si

202 1356 373 1418 dimittatur
384 1357 563 1418 beneficium
574 1359 609 1417 eit
623 1357 738 1416 tantbm
749 1353 922 1416 conditione
932 1356 1181 1422 uideterminatae

205 1461 345 1524 personae
355 1446 536 1520 conteratur,
548 1443 629 1525 quod
642 1440 763 1523 proprie
773 1448 818 1503 est
827 1443 989 1522 resignatio
999 1445 1030 1505 in
1039 1445 1178 1527 savorem,

189 1541 238 1595 'et
251 1533 315 1595 lieri
334 1534 438 1614 nequiit
451 1531 564 1613 absque
579 1534 611 1594 S.
630 1531 785 1593 Pontitieis
799 1533 988 1607 0001001010,
1005 1535 1051 1596 001
1067 1537 1093 1598 si
1113 1555 1181 1618 per-

191 1669 192 1672 *
207 1629 342 1686 mutetur
355 1622 536 1683 boneiioium
550 1639 620 1682 0010
635 1620 704 1696 0110,
721 1639 782 1701 quo
796 1619 827 1679 in
842 1639 913 1682 casu
928 1631 1108 1701 permutans
1122 1643 1180 1688 nen

206 1713 332 1772 dimittit
352 1711 407 1771 nisi
424 1711 482 1771 sub
497 1709 669 1770 conditione
685 1707 767 1790 qudd
784 1709 921 1788 superior
939 1714 1123 1788 consentiat,
1138 1717 1181 1776 nel

205 1800 341 1879 deniqne
357 1799 381 1860 si
399 1798 575 1860 renuntians
592 1798 648 1858 sibi
666 1805 796 1859 reservat
808 1797 863 1876 jus
885 1798 1087 1879 regrediendi,
1109 1804 1183 1866 laeta

198 1887 340 1966 auidam
354 1885 522 1966 hypothesi,
535 1893 585 1946 aut
594 1885 650 1947 sibi
661 1885 783 1966 stipulat
789 1885 840 1965 jus
852 1885 890 1947 ad
904 1895 1021 1966 partem
1032 1889 1181 1955 fruetuum

213 1974 349 2037 benetieii
371 1975 416 2036 vel
439 1975 625 2056 pensionem.
648 1977 692 2036 De
713 1973 845 2036 bis·vide
868 1985 1007 2038 nestrum
1031 1980 1180 2062 Manuale,

214 2064 250 2124 0ἰε
264 2069 333 2137 503,
350 2067 526 2140 5150010,
542 2068 573 2123 et
584 2066 673 2133 0165,
690 2070 747 2124 eto.

251 2158 319 2216 290.
336 2153 455 2224 Orraerit.
473 2156 504 2213 1⁰
519 2151 589 2222 Quis
606 2151 698 2232 possit
711 2151 810 2213 officio
825 2170 880 2213 suo
901 2155 1105 2218 renuntiare?

251 2245 339 2323 Resp.
368 2241 553 2322 Regulariter
574 2238 724 2320 loquendo
750 2239 876 2321 quilibet
892 2239 1021 2304 elerieus
1042 2251 1138 2326 petest
1153 2249 1180 2309 in

214 2350 320 2393 arianus
337 2329 460 2410 legitimi
476 2325 638 2408 superioris
652 2329 824 2388 renuntiare
839 2347 893 2389 suo
904 2327 1027 2405 0111010,
1045 2352 1083 2394 ex
1097 2342 1181 2398 eausa

206 2423 221 2500 j
237 2424 298 2481 istri.
315 2423 358 2480 lta
371 2416 573 2480 cummuniter
585 2434 621 2477 ex
636 2433 703 2496 cap.
724 2413 795 2478 Nisi
807 2417 870 2476 eam
880 2417 998 2498 pridem
1015 2424 1065 2500 10,
1080 2423 1125 2486 De
1135 2446 1180 2487 re-

214 2508 407 2569 nuntiatione.
795 2585 798 2592 ,
1081 2527 1085 2534 ’

254 2599 371 2656 Dictum
386 2595 440 2655 luit
451 2593 684 2674 l⁰repulariterz
699 2595 774 2654 Nam
785 2597 815 2654 l⁰
826 2612 861 2655 ex
876 2595 977 2658 Consi.
990 2596 1022 2660 S.
1038 2601 1084 2662 Pii
1098 2605 1132 2680 V,
1145 2608 1180 2666 58

214 2689 335 2760 ¹(treanta
348 2683 379 2744 Ε
380 2684 506 2759 eclesiae,
518 2685 536 2762 ς’
550 2686 567 2743 3
582 2708 596 2744 :-
609 2683 744 2744 «Nullus
758 2701 842 2744 sacro
862 2683 959 2745 ordini
977 2689 1178 2772 mancipatus,

220 2799 233 2829 e
255 2773 311 2834 nisi
322 2772 497 2852 religionem
511 2771 726 2852 ingressurus»
744 2772 918 2852 (ingressuri
935 2774 1114 2854 religionem
1125 2800 1178 2844 non

211 2863 311 2924 rulent
333 2869 433 2923 tamen
457 2879 510 2922 sua
533 2858 678 2920 beneficia
697 2859 848 2940 resignare
870 2861 927 2922 nisi
946 2862 1022 2924 intre'
1045 2865 1172 2931 bimestri

218 2951 431 3035 professionem
454 2948 627 3031 praecedens
644 2966 650 3008 :
669 2949 781 3009 Cenoil.
805 2949 900 3025 Trio,
916 2948 989 3012 ses's.
1009 2957 1047 3015 25
1061 3003 1070 3030 ,
1083 2975 1110 3019 o.
1127 2962 1177 3037 16,

219 3043 259 3104 ne
278 3039 431 3122 nepetae.)
451 3060 467 3098 <r
487 3037 581 3100 valeat
596 3036 657 3098 ulle
677 3037 766 3097 modo
784 3037 965 3100 beneficium
984 3041 1030 3102 vel
1052 3045 1178 3108 officinm

222 3154 236 3190 r
255 3128 486 3193 ecclesiasticum
506 3125 670 3206 resignare,
694 3123 748 3186 nisi
769 3126 890 3186 aliunde
908 3127 935 3189 ei
949 3128 1062 3210 sitque
1082 3133 1113 3194 in
1128 3136 1172 3197 vill

222 3242 236 3277 r
256 3219 348 3299 possit
357 3215 516 3280 commode
524 3213 692 3275 sustentari.
704 3234 719 3271 n
733 3213 804 3275 Vide
814 3214 902 3275 etiam
913 3217 1026 3279 Concil.
1036 3221 1176 3298 Trident,

219 3328 289 3370 sess.
308 3310 357 3381 01,
373 3324 400 3366 0.
418 3310 447 3380 1,
464 3304 508 3366 De
521 3302 640 3382 resana.
655 3333 691 3348 ·-
706 3305 739 3363 2⁰
752 3305 795 3363 Ex
808 3304 912 3383 regula
926 3308 962 3366 10
981 3306 1176 3383 Cancellariae,

214 3396 345 3456 -clerious
360 3393 498 3454 infirmus
517 3391 623 3470 nequit
636 3407 690 3451 sno
712 3390 858 3452 beneficio
871 3392 1043 3456 renuntiare
1058 3397 1178 3463 100010

211 3483 282 3544 dies
307 3500 376 3562 quae
400 3498 486 3542 suern
509 3485 636 3539 mortem
664 3477 854 3558 praecedunt,
872 3479 932 3541 sive
956 3488 1177 3561 permutationis

220 3573 328 3646 eausa,
346 3569 452 3630 sivein
475 3566 607 3628 favorem
627 3564 831 3627 determinatae
849 3586 994 3646 personae.
1013 3571 1081 3636 Vld.
1098 3575 1175 3638 Gard.

216 3657 331 3738 Soglia,
345 3657 419 3718 last.
434 3654 517 3714 luris
527 3654 620 3735 priv„
637 3652 712 3733 §aa

257 3746 375 3804 ntorum
391 3741 446 3800 tuit
460 3745 492 3800 2⁰
507 3740 650 3810 najarae
664 3743 764 3808 eumd.
782 3759 851 3800 nam
868 3743 892 3802 si
907 3743 1017 3810 anione
1036 3767 1092 3814 pre
1106 3750 1172 3810 arbi
