2526 4210
218 253 288 328 :2¹⁵
500 264 655 310 crunnum
674 263 756 310 Junrs
777 259 924 342 canuntur.

218 427 221 437 .
236 375 261 432 ι’
274 375 448 457 l’ontifieem
463 394 524 448 non
539 394 605 454 csse
618 376 655 456 Β.
670 376 750 438 Petri
764 376 794 437 in
810 373 917 437 eodem
934 371 1067 454 primatu
1084 385 1191 431 succee

217 475 251 524 Ιἰι
270 483 382 540 sorem,
396 465 555 527 anathema
569 467 615 526 sit.
635 487 650 523 u

267 558 336 618 340.
362 557 483 625 Ouaerit.
502 559 534 616 1⁰
548 553 613 629 Quo
623 553 693 636 jure
707 552 857 615 Primatus
870 550 1008 614 adnexus
1024 549 1119 613 luerit
1130 547 1183 612 Sed

228 643 399 706 ltonranae‘l

260 725 349 802 Hesp.
369 717 459 782 Modd
480 717 610 780 diximus
624 717 699 799 quid
716 718 754 781 de
767 717 824 782 hto
844 737 877 781 re
898 724 1029 781 senserit
1050 720 1184 796 Melchior
1249 753 1250 758 ι

213 811 302 884 ,Cano
327 829 336 872 ε
362 808 405 870 sic
429 811 529 868 autem
555 807 752 885 quaestionem
777 807 920 888 expendit
946 807 1072 871 Cardin.
1098 809 1188 889 Soglia

220 898 308 978 (lust.
318 897 387 977 jur.
401 895 501 976 pult,
517 893 532 976 3
548 895 622 974 id):
644 897 853 976 «Quanquam
876 896 1033 957 catholicis
1052 898 1185 959 omnibu,

226 1010 240 1045 ι
260 994 376 1048 certum
402 981 652 1064 exploratumque
668 984 707 1044 sit
723 985 876 1046 Romanos
894 985 1078 1061 Pontifices,
1095 986 1187 1047 divino

226 1100 238 1130 ιι
259 1077 337 1152 jure,
349 1075 385 1138 in
396 1073 604 1134 PrimatumS.
621 1072 699 1132 Petri
715 1072 887 1144 succedere,
898 1073 968 1152 quia
983 1072 1125 1136 Christus
1133 1075 1187 1136 ru

226 1187 238 1216 ιι
261 1169 375 1224 matum
393 1161 492 1240 ipsum
506 1159 653 1240 perpetuo
667 1159 698 1219 in
713 1160 942 1222 Successorihus
959 1160 1037 1221 Petri
1059 1181 1189 1242 perman-

226 1275 238 1306 ιι
260 1268 365 1311 surum
377 1248 515 1323 instituit,
527 1247 654 1327 quaestio
667 1254 768 1309 tamen
784 1254 829 1310 est
845 1266 978 1328 quonam
995 1249 1080 1327 jure,
1097 1251 1189 1312 diuino

226 1363 239 1393 ιι
261 1346 311 1399 aut
325 1337 477 1408 humano,
499 1337 666 1415 Supremos
684 1335 879 1398 Pontificatus
894 1340 1039 1398 itomanae
1055 1340 1127 1400 Sedi
1144 1339 1188 1402 ad·

226 1449 240 1484 ι
262 1444 356 1487 noxus
377 1425 426 1499 sit,
440 1431 469 1485 et
487 1423 582 1485 idircd
602 1442 641 1485 an
668 1425 864 1504 praerogativa
886 1424 1037 1487 Primatds
1061 1428 1157 1508 ipsius
1176 1431 1190 1490 d

226 1538 240 1573 ι
260 1516 395 1576 Romana
410 1512 486 1574 Sede
497 1511 594 1587 evelli,
610 1511 683 1572 etin
700 1512 789 1574 aliam
799 1513 901 1574 sedem
912 1513 1069 1575 transferri
1083 1517 1190 1596 possiti

227 1626 239 1660 ι
260 1637 298 1650 -
313 1599 421 1663 Putant
435 1601 564 1681 aliqui...
577 1599 608 1660 in
623 1599 700 1661 Petri
716 1605 859 1680 potestate
873 1600 966 1663 fuisse
985 1619 1079 1682 quam
1095 1606 1191 1668 mallet
1251 1657 1252 1660 ,

227 1716 239 1748 ιι
260 1692 362 1752 sedem
376 1691 523 1770 eligere...
544 1687 806 1760 Quemadmodum
825 1707 934 1769 erge...
955 1707 994 1751 ex
1011 1690 1094 1754 sacto
1120 1695 1189 1756 Petri

208 1771 210 1778 '
226 1804 240 1836 ιι
261 1779 341 1859 qnod
356 1779 524 1840 humanum
538 1783 598 1852 cst,
613 1777 764 1838 Primatns
783 1778 812 1838 in
828 1779 965 1839 Romana
981 1779 1060 1840 Sede
1075 1783 1192 1845 relictus

226 1893 239 1924 ιι
261 1869 329 1941 luit,
345 1869 388 1928 sic
403 1866 510 1947 poterit
520 1884 557 1926 ex
571 1864 794 1945 dispensatione
809 1865 942 1927 humana
959 1874 1071 1949 nempe
1090 1871 1190 1934 Eccle-

227 1981 239 2012 ιι
261 1956 324 2032 siae,
341 1957 449 2017 iterum
465 1955 502 2016 ab
516 1956 553 2014 aa
567 1953 644 2014 Sede
658 1955 799 2034 separari.

264 2064 279 2102 ιι
301 2043 402 2125 Aliqui
418 2047 523 2107 contra
541 2041 690 2102 affirmant
704 2043 871 2104 Romanam
890 2043 999 2106 Sedem
1018 2045 1147 2111 electam
1166 2059 1191 2113 et

227 2156 241 2190 ιι
261 2131 486 2195 successoribus
508 2129 586 2191 Petri
609 2129 801 2192 constitutam
828 2130 938 2206 luisse,
962 2151 1026 2194 nun
1045 2153 1084 2197 ex
1104 2139 1191 2202 unius

227 2246 240 2277 ιι
264 2222 358 2296 Petri,
372 2221 424 2282 sed
440 2219 529 2280 etiam
545 2217 640 2298 ipsius
651 2217 759 2279 Christi
774 2219 924 2280 voluntate
940 2239 947 2280 :
964 2238 999 2281 ex
1010 2241 1073 2302 quo
1086 2242 1190 2290 conse·

227 2333 240 2366 ιι
262 2310 363 2389 quitur
385 2309 550 2370 Primatum
564 2305 663 2367 eidem
678 2306 747 2367 Sedi
768 2307 869 2369 divino
887 2307 956 2387 jure
979 2310 1017 2370 ita
1039 2312 1189 2378 adnexum

227 2422 240 2454 ιι
261 2416 336 2472 esse,
353 2397 483 2459 utnulla
498 2395 672 2458 auctoritate
688 2392 821 2457 humana
836 2397 927 2477 possit
940 2397 978 2458 ab
992 2399 1102 2463 eddom
1112 2422 1164 2488 sep

226 2509 240 2544 u
262 2505 329 2546 rari.
346 2507 361 2544 l)

260 2581 389 2643 Tertiam
404 2586 503 2642 autem
516 2579 695 2642 sententiam
705 2580 861 2661 amplexus
872 2580 927 2643 fuit
936 2581 1120 2651 Benedictus
1128 2593 1188 2655 XlV

224 2669 277 2750 (lle
292 2669 381 2750 Spu,
397 2668 447 2728 lib.
465 2673 495 2744 2,
506 2687 572 2747 cap.
587 2672 616 2746 l,
633 2677 668 2728 n⁰
684 2668 726 2750 l).
750 2671 936 2744 «Quamuis,
953 2671 1064 2754 inquit,
1081 2690 1187 2758 posset,

227 2782 240 2817 ιι
261 2761 292 2819 in
306 2759 407 2838 aliquo
426 2775 532 2834 sensu,
547 2756 606 2818 dici
624 2775 798 2838 supremam
810 2759 951 2821 Ecclesiae
964 2765 1187 2846 monarchiam,
1253 2799 1254 2842 ι

227 2870 241 2906 ιι
258 2849 326 2925 jure
335 2847 452 2907 tantirm
466 2844 617 2921 humana,
627 2863 692 2906 esse
702 2863 852 2908 annexam
867 2849 935 2909 Sedi
950 2852 1107 2925 honranae‚
1123 2858 1187 2939 quia
1253 2851 1254 2916 Ϊ

228 2958 240 2993 ιι
262 2935 406 2996 nimirum
420 2934 577 3013 utriusque
593 2933 703 2996 unio..
716 2940 817 2997 ortum
830 2935 935 2998 hahuit
948 2955 983 3000 cx
1000 2938 1081 3004 facto
1095 2945 1184 3022 Petri,
1253 2931 1254 2976 ³

227 3047 240 3082 ιι
260 3027 391 3085 attamen
403 3041 464 3084 non
478 3022 596 3084 videtur
609 3040 696 3102 posse
711 3023 849 3085 sustineri
864 3023 985 3087 illorum
999 3029 1125 3112 opinio,
1141 3036 1183 3116 qul
1253 3027 1254 3036 ’

227 3136 240 3169 ι
261 3117 452 3174 asseruerunt
466 3109 619 3192 praelatam
633 3112 834 3172 annexionem
847 3112 886 3174 ita
906 3132 971 3176 csse
991 3115 1030 3177 dc
1048 3117 1119 3199 jure
1136 3122 1183 3185 hu·
1253 3111 1254 3162 3

226 3224 240 3259 ιι
261 3219 370 3274 mano,
383 3205 418 3262 ut
436 3199 530 3279 possit
542 3199 580 3260 ab
598 3199 732 3261 Ecclesia
748 3199 886 3275 dissolvi,
907 3209 937 3263 et
959 3223 1019 3265 una
1043 3207 1083 3267 ah
1103 3209 1185 3272 altcrt

225 3312 240 3348 ιι
260 3287 402 3370 separari.
420 3309 435 3345 n
453 3289 490 3348 Et
506 3289 607 3348 revera
627 3287 744 3349 videtur
761 3290 860 3369 qudd,
887 3309 948 3353 non
970 3293 1036 3356 sine
1061 3299 1183 3360 maxima

223 3378 355 3457 periculo
371 3375 556 3450 schismatis,
574 3375 639 3436 talis
657 3377 805 3458 separatio
826 3377 889 3441 deri
915 3389 1013 3461 posset
1028 3403 1036 3458 ;
1062 3385 1182 3470 huicque

223 3465 356 3546 periculo
370 3463 585 3525 verisimillime
594 3463 714 3526 obviare
723 3465 828 3527 debuit
837 3475 950 3531 aeterna
959 3471 1182 3552 Sapientia‚uor

223 3553 421 3633 permittendo
443 3551 584 3614 Ecclesioe
612 3553 765 3633 praelatam
788 3557 1005 3637 separationem
1033 3567 1176 3626 attentare

222 3642 308 3702 Juxta
323 3639 590 3702 hanosententiam
601 3641 718 3703 videtur
731 3646 940 3722 pronuntiasse
960 3649 1032 3708 Pius
1041 3651 1095 3724 IX,
1106 3652 1183 3715 dam·

223 3727 321 3788 nando
353 3727 556 3788 institutiones
581 3727 656 3802 juris
688 3731 877 3792 ecclesiastici
905 3735 937 3794 [l.
967 3737 1184 3814 Nepomuceun
