2590 4214
496 220 583 264 oraru
604 219 721 264 ramus.
1037 207 1102 267 tle

122 319 263 396 dotium,
293 319 475 382 Diaconatus
502 329 531 381 et
558 319 816 395 Subdiaconalus3
845 318 944 381 caeteri
972 320 1042 382 rerd
1066 337 1103 387 ut

123 407 257 470 minores
271 412 459 488 reputentur.

162 497 348 558 Praeseutem
360 496 527 558 sectionem
539 495 748 560 dividemusin
760 493 814 556 tria
827 496 924 576 capita
936 516 944 558 ε
956 497 986 560 in
1002 499 1102 580 primo
1183 487 1188 497 ’

123 603 250 665 agemus
273 584 311 645 de
333 584 452 663 objecto
477 591 508 648 et
531 586 721 648 facultatibus
744 583 934 664 singulorum
956 587 1102 649 ordinum

123 672 250 736 seorsim
263 679 456 754 sumptorum
468 695 476 750 ;
490 675 521 736 in
533 675 679 752 secundo,
690 673 728 735 de
741 673 893 754 requisitis
907 674 945 740 ad
958 676 1103 756 receptio·

123 779 195 824 nem
209 761 255 824 vel
269 763 447 824 exercitium
460 764 619 840 ordinum;
636 765 669 826 in
689 763 793 839 tertio,
808 761 847 824 de
866 761 1102 845 obligationibus

123 868 230 913 eorum
245 851 298 932 qui
313 849 470 914 ordinibus
485 859 557 914 sunt
571 851 688 914 initiati.

494 1047 660 1114 CAPUT
692 1049 721 1116 Ι.

125 1190 171 1236 DE
185 1189 334 1236 OBJECTO
354 1189 397 1234 ΕΤ
415 1189 670 1237 FACULTATIBUS
697 1191 916 1238 SINGULORUM
941 1193 1102 1239 ortulum}

416 1287 563 1334 SEORSIM
589 1289 810 1336 SUMM'ORUM.

546 1443 632 1502 ART.
654 1443 676 1502 1.

486 1553 528 1597 ru
561 1552 735 1601 rousonn.

164 1663 234 1723 570.
253 1659 310 1721 Per
328 1663 497 1722 Tonsorem
512 1659 689 1740 intelligitur
711 1661 826 1722 «Ritus
840 1659 983 1723 solemnis
1002 1663 1097 1736 eccle-

130 1771 144 1809 α
166 1749 315 1824 sissimus,
330 1749 498 1810 consistens
516 1748 547 1809 in
565 1748 622 1809 levi
641 1748 818 1810 detonsione
837 1749 1014 1830 capillorum
1028 1770 1103 1813 cum

130 1862 145 1898 o
167 1839 258 1900 certis
280 1836 390 1913 verbis,
415 1854 468 1916 per
490 1836 663 1898 ministrum
680 1837 829 1900 'idoneum
852 1837 1038 1916 celebratus,
1062 1859 1099 1902 er-

132 1950 147 1986 u
167 1927 356 1988 institutione
371 1925 528 2001 Ecclesiae,
544 1925 718 2005 significans
735 1926 904 1988 masculum
918 1926 1097 2006 baptizatum

132 2019 184 2078 ce
209 2021 288 2077 statu
309 2013 406 2076 laicali
428 2014 459 2075 in
484 2021 594 2075 sortem
615 2014 737 2077 Domini
754 2022 784 2077 et
802 2022 910 2078 statum
930 2016 1102 2078 clericalem

132 2128 147 2165 u
168 2103 324 2166 transferri
338 2125 369 2164 n.
385 2105 428 2165 lla
441 2105 472 2164 S.
489 2104 624 2184 Liguon,
640 2103 693 2166 lib.
710 2109 740 2174 6,
756 2113 790 2164 n⁰
804 2108 873 2166 735.

168 2193 343 2274 Disputatur
358 2198 460 2254 utrum
475 2193 573 2272 prima
587 2197 711 2254 tonsura
731 2192 769 2254 sit
788 2193 863 2254 ordo
878 2213 884 2253 :
901 2198 946 2254 sat
958 2211 1100 2255 commu-

128 2282 208 2342 nitor
235 2281 386 2342 affirmant
404 2281 573 2342 Canouistae
596 2299 667 2343 cum
691 2283 869 2344 Covarruvia
893 2288 923 2343 et
944 2283 1104 2362 Fagnano,.

129 2377 188 2432 etc.
213 2371 332 2450 Negant
351 2377 474 2431 econtra
496 2370 699 2432 communiter
717 2370 860 2452 Theologi
879 2377 945 2450 post
969 2372 999 2432 S.
1022 2370 1100 2432 Tho·

129 2475 225 2536 mam,
251 2465 280 2519 et
302 2457 437 2539 quidem,
457 2463 490 2519 ut
513 2458 641 2536 ridetur,
666 2459 761 2522 multo
783 2459 984 2540 probabilius,
1007 2458 1104 2520 innixi

129 2547 308 2611 auctoritate
324 2545 448 2608 Concilii
468 2545 602 2607 Trident.
620 2549 702 2623 (sess.
719 2550 769 2624 23,
785 2566 812 2610 c.
834 2547 882 2629 2),
898 2547 949 2608 ubi
968 2546 1102 2608 dieitur:

133 2660 149 2696 α
171 2637 212 2701 Ut
225 2635 278 2716 qui
293 2636 363 2716 jam
380 2635 498 2696 tonsurrl
513 2635 653 2716 insigniti
663 2645 762 2706 essent,
782 2655 837 2718 per
849 2636 976 2698 minores
988 2636 1028 2698 ud
1039 2656 1100 2697 ma·

133 2748 149 2786 c
166 2725 250 2807 jures
264 2723 382 2786 ordines
395 2724 593 2789 ascenderent
608 2746 637 2786 n.
655 2725 804 2787 Praeterea
818 2743 845 2788 c.
863 2729 898 2788 l'l
914 2725 1009 2806 ejusd.
1027 2744 1099 2788 sess.

129 2813 187 2894 (De
199 2813 336 2895 reform.)
352 2819 475 2875 testatur
489 2812 544 2874 bos
558 2812 638 2875 solos
650 2813 772 2875 ordines
789 2813 828 2876 ab
849 2813 934 2874 initio
956 2813 1047 2876 luisse
1070 2815 1100 2875 ir<

129 2901 267 2967 Ecclesia
286 2907 422 2981 receptos
442 2902 459 2962 a
478 2900 646 2962 Diaronutu
663 2901 703 2962 ad
721 2901 913 2964 Ostiorutum.
934 2903 1013 2982 Ergo
1031 2909 1084 2963 ton

132 3007 205 3054 sura
219 3007 281 3050 non
296 2989 436 3052 estoldo.

173 3079 263 3140 Juxta
277 3077 357 3140 hanc
370 3082 568 3159 posteriorem
585 3079 781 3154 sententiam,
797 3078 964 3159 Episcopus
982 3077 1059 3138 valet
1071 3079 1105 3139 in

131 3166 233 3230 aliena
247 3165 372 3228 Dioecesi
386 3174 541 3230 tonsuram
555 3167 713 3244 conferre,
728 3167 794 3230 sine
808 3165 955 3229 Ordiuarii
971 3167 1101 3241 licentia,

132 3253 205 3338 quia
223 3259 347 3318 tonsura
365 3256 431 3318 sine
452 3254 676 3319 pontificalibus
695 3256 832 3337 privatim
850 3253 979 3317 conferri
994 3261 1100 3333 potest.

173 3343 263 3405 Juxta
278 3343 391 3406 Concil.
406 3343 503 3421 trid„
518 3362 591 3408 sess.
608 3347 658 3418 23,
673 3362 701 3407 o.
712 3349 743 3420 t,
756 3344 793 3405 ad
805 3344 934 3424 primam
948 3348 1105 3403 tonsuram

131 3448 197 3494 nou
205 3431 420 3494 suntinitiandi
430 3434 483 3514 qui
495 3431 945 3514 accrumertumconfirmutiom's
954 3450 1103 3491 norzsuscc

128 3519 242 3602 periet.
254 3520 312 3582 Sed
321 3520 504 3602 probabilius
513 3521 637 3585 hocnon
647 3519 871 3602 requiritursub
881 3520 1099 3600 graripecoato.

174 3610 246 3671 571.
268 3609 391 3671 Materia
409 3618 522 3672 remota
535 3610 641 3692 primae
662 3615 809 3687 tonsurae,
822 3608 989 3671 secundum
1006 3609 1101 3669 Cano-

133 3697 241 3771 nistus‚
256 3703 301 3758 est
319 3698 571 3778 superpelliceum
582 3717 590 3774 ;
603 3697 743 3780 prosimu
762 3703 863 3760 autom
881 3703 926 3758 est
943 3695 1060 3758 traditio
1074 3703 1103 3755 et

994 3792 1051 3842 terr
