2562 4224
447 311 534 354 arnan
556 309 673 354 rnrlrus.
990 298 1046 360 101

66 407 133 468 uta
150 409 182 471 in
198 409 378 491 quibusdam
393 413 549 473 tanturn...
574 411 686 471 Praeter
700 408 871 484 solertiam,
886 410 1048 474 discretio-

68 509 140 564 tent
155 545 164 568 ,
180 507 252 575 etc,
266 500 328 576 jam
343 499 475 561 diximus
490 518 528 561 ex
540 497 660 560 laudato
674 515 740 577 cap.
760 497 948 580 Decernimus
966 499 1050 581 qubd

68 587 173 650 omnis
187 587 372 667 delegandus
389 591 405 649 a
420 589 528 650 iudice
546 586 747 649 ecclesiastico
761 584 868 646 debeat
883 607 931 649 ess
943 588 1054 650 *clera

72 697 120 738 :us
134 696 146 736 .·
160 677 325 756 «Episcopi
341 676 453 756 aliique
465 675 581 737 Praelati
593 675 673 754 Papa
687 672 842 734 interiores
853 693 913 735 non
925 684 1051 757 possunt

73 789 89 824 u
112 765 191 825 laico
205 763 344 843 delegare
358 783 481 827 causam
495 765 628 844 aliquam
644 762 831 843 spiritualem
844 764 891 824 acl
912 765 1052 826 crimina-

74 875 89 911 e
112 852 175 914 lem
190 851 422 916 clericorum...
442 855 495 914 Est
514 851 696 914 eommunis.
714 871 733 908 a.
752 848 935 930 (lleidenst.,
952 852 1003 913 lib.
1020 857 1049 932 l,

72 942 118 1002 tit.
136 945 194 1014 09,
212 945 245 1000 n⁰
259 944 324 1020 88.)

115 1033 186 1092 199.
213 1032 258 1090 An
279 1037 380 1090 autem
395 1030 470 1092 laico
491 1029 584 1110 possit
600 1028 769 1110 Episcopus
787 1047 911 1091 causam
933 1036 1053 1114 tempo·

72 1117 172 1179 ralem
185 1118 311 1195 alicujus
325 1119 423 1179 clerici
441 1118 621 1197 judicialiter
635 1117 877 1196 cognoscendam
894 1119 1033 1202 delegare

73 1207 334 1268 controvertitur:
352 1208 454 1267 Glossa
468 1207 500 1267 in
520 1225 587 1286 cap.
604 1205 793 1266 Decernimus
807 1206 936 1269 affirmat
953 1228 960 1270 :
977 1227 1053 1271 con-

74 1293 205 1355 trarium
215 1295 285 1355 verb
298 1302 381 1373 putat
391 1294 575 1374 probabilius
587 1293 780 1355 Reiffensluel
792 1313 862 1356 curn
875 1297 1055 1376 quibusdam

74 1381 144 1444 aliis
161 1380 229 1462 (ila,
244 1383 295 1463 80)
310 1403 318 1456 ;
344 1389 374 1442 ct
387 1382 443 1443 boc
457 1381 643 1444 conformius
658 1382 776 1444 videtur
787 1401 854 1464 cap.
872 1388 901 1456 1,
919 1384 1055 1466 Sr'pnifi·

75 1471 218 1542 castita,
233 1469 269 1532 de
282 1471 360 1531 Foro
376 1479 510 1552 compet,
525 1472 557 1532 in
572 1489 633 1551 quo
648 1472 770 1550 Gregor.
789 1474 828 1533 lx
843 1472 916 1534 dicit
932 1493 940 1534 :
961 1475 1055 1535 «Cle-

79 1583 95 1620 c
116 1559 172 1621 rici
187 1559 361 1637 iniurlicrrn
378 1578 437 1618 nnn
454 1577 542 1620 suurn
562 1557 633 1639 <nisi
659 1558 734 1619 torte
755 1559 793 1620 sit
814 1579 941 1638 persona
958 1562 1056 1622 eccle-

80 1672 95 1707 α
117 1648 251 1723 siastica,
266 1655 297 1710 ot
310 1648 449 1728 Episcopi
462 1647 624 1708 dioecesani
638 1647 774 1707 voluntas
786 1648 920 1730 accedat)
932 1667 1057 1710 consen·

80 1760 97 1798 a
117 1738 178 1798 lire
192 1755 255 1798 uon
270 1743 405 1817 possunt.
424 1758 439 1794 a
464 1735 522 1797 Sed
535 1753 601 1816 cap.
617 1735 809 1798 Decernimus
829 1734 928 1798 farere
942 1737 1058 1799 videtur

77 1825 240 1888 sententia
268 1826 379 1886 Glossae
411 1824 539 1886 dicendo
566 1843 572 1885 :
602 1825 816 1904 cEpiscopi...
854 1825 891 1888 de
928 1827 1058 1908 negotiis

81 1938 97 1975 u
119 1913 329 1976 ecclesiasticis
347 1913 489 1994 (marinii
502 1913 541 1976 de
554 1913 612 1974 illis
626 1933 694 1993 quae
708 1913 887 1994 spiritualia
906 1933 971 1978 esse
986 1933 1056 1978 nos·

82 2025 98 2063 c
120 2001 247 2082 cuntur)
263 2001 409 2064 laicorum
422 2001 535 2082 Judicio
549 2021 610 2064 non
625 2001 796 2082 disponant.
812 2024 828 2062 u

120 2092 284 2154 00011011
310 2091 407 2151 sollrm
432 2108 536 2151 causas
556 2090 735 2172 temporales
756 2091 934 2154 clericorum
960 2097 1055 2173 potest

78 2184 111 2245 S.
129 2178 268 2242 Pontifex
283 2179 421 2258 delegare
433 2179 533 2253 laicis,
549 2178 704 2240 sedetiam
718 2179 863 2260 quasdam
877 2181 1056 2261 spirituales,

80 2274 207 2350 propter
222 2267 440 2347 plenitudinem
456 2267 607 2346 potestatis
622 2267 653 2327 in
672 2285 708 2328 eo
722 2267 881 2328 residentis
894 2268 973 2348 (vide
988 2289 1055 2349 cap.

78 2356 272 2426 Hadrianus,
285 2364 314 2416 el
327 2375 394 2416 can.
410 2356 446 2417 In
459 2354 570 2436 synode
591 2355 658 2416 dist.
670 2359 720 2430 63,
733 2373 769 2416 ac
778 2374 845 2416 can.
858 2355 955 2429 Illud,
967 2376 997 2436 q.
1010 2357 1055 2438 3).

82 2470 98 2507 a
121 2447 191 2518 Oua
214 2444 328 2506 ratione
350 2443 553 2506 defenduntur
575 2446 592 2506 d
615 2443 769 2504 nonnullis
793 2443 946 2525 privilegia
969 2445 1058 2527 Regis

15 2581 18 2594 .
82 2559 98 2595 o
121 2537 311 2597 Francorum
326 2551 381 2612 pro
394 2532 584 2594 conferendis
598 2531 753 2594 beneliciis
767 2534 851 2612 regni
865 2535 928 2606 sui,
950 2540 980 2596 et
994 2535 1059 2616 pri·

82 2621 269 2702 «vilegium
297 2621 478 2701 lteipublieae
502 2623 625 2683 Venetae
649 2621 831 2700 procedendi
854 2621 885 2683 in
909 2622 1059 2703 aliquibus

84 2736 100 2773 r
121 2711 247 2775 casibus
260 2719 362 2772 eontra
373 2710 549 2786 clericos...‚
564 2709 588 2772 si
607 2715 708 2770 tamen
723 2710 788 2772 haec
802 2710 955 2792 privilegia
977 2713 1057 2775 enis-

84 2825 99 2863 1
121 2805 200 2864 tant.
217 2820 233 2858 u
250 2799 292 2860 lta
305 2798 470 2872 llelllonst.,
486 2797 540 2869 it,
558 2809 591 2858 n⁰
605 2801 655 2860 90.

120 2889 280 2967 Rescripta
289 2907 358 2967 quse
372 2887 522 2968 privilegia
535 2885 709 2966 huiusmodi
722 2887 890 2964 continent,
902 2909 958 2970 pro
969 2891 1059 2954 nullis

24 3029 26 3062 ,
81 2985 155 3042 sunt
168 2975 317 3046 habendi,
337 2976 391 3036 nisi
406 2978 581 3037 contineant
593 2975 758 3038 clausulam
776 2995 814 3038 ec
827 2978 904 3038 certet
920 2978 1057 3055 scientt'ri,

25 3065 26 3076 ³
82 3069 127 3132 rel
140 3064 307 3142 aliemjuri
321 3072 465 3126 consueto
478 3064 684 3146 derogantem.
711 3064 827 3144 Bouix,
852 3065 888 3128 de
907 3066 1056 3146 ludicris,

27 3179 30 3232 t
82 3165 103 3220 t.
123 3162 153 3232 l,
170 3174 202 3234 p.
222 3157 289 3216 119.

122 3247 197 3308 001.
220 3244 260 3304 Ut
282 3241 350 3322 quis
372 3248 516 3321 tanquam
540 3241 636 3304 ludex
658 3242 753 3305 valeat
779 3243 910 3322 delegari
937 3246 953 3304 a
983 3245 1058 3308 Sede

82 3330 260 3415 Apostolict
274 3330 436 3411 requiritur
450 3337 483 3392 ut
505 3330 543 3392 sil
562 3330 742 3392 constitutus
756 3332 788 3391 in
803 3331 953 3410 Dignitate
967 3334 1058 3397 eccle-

83 3421 204 3485 siastica
219 3418 314 3480 autin
329 3418 507 3494 Personam,
523 3437 551 3481 v.
569 3437 599 3499 g.
623 3417 661 3479 sit
673 3433 718 3478 ser
734 3418 867 3480 vicarius
888 3421 1056 3498 Generalis,

83 3511 131 3574 vel
144 3507 314 3572 canonieus
327 3506 468 3568 Ecclesiae
480 3506 675 3584 cathedralis,
685 3521 730 3567 ret
742 3507 825 3568 Prior
836 3508 1055 3576 Conventualis.

84 3601 210 3666 Constat
232 3613 270 3659 ex
293 3613 359 3669 cap.
386 3593 538 3656 Stutumm
560 3600 596 3669 2,
623 3593 659 3656 de
680 3595 857 3676 descriptis,
883 3597 913 3658 in
934 3602 984 3674 6⁰,
1007 3600 1057 3662 ubi

84 3687 196 3750 dicitur
211 3704 220 3746 :
241 3706 257 3744 a
273 3681 448 3756 Sancimus,
466 3693 499 3745 ut
514 3683 605 3745 nullis
621 3683 677 3746 nisi
691 3683 835 3763 dignitate
850 3686 992 3766 praeditis,
1007 3695 1058 3750 aut

85 3777 285 3837 Personatum
298 3771 521 3848 obtinentibus,
540 3790 595 3834 scu
617 3773 817 3836 Ecclesiarum
840 3774 1058 3836 cathedralium
