2590 4214
499 275 584 319 nom
606 277 723 321 rnruus
1048 261 1104 319 435

126 380 162 432 n·
176 370 251 450 170)
271 371 309 434 de
326 371 611 447 excommunicato,
627 371 717 434 etiam
745 371 902 452 irregulari
927 370 1107 454 applicanda

125 459 315 523 videantur:
345 461 670 523 «Exoommunicatus
690 461 850 534 vitandus,
874 462 990 543 inquit,
1014 461 1106 522 etiam

130 569 146 607 o
166 547 248 612 licite
270 557 457 614 sacramenta
476 549 627 611 ministrat.
643 550 766 630 quando
782 549 855 611 alias
876 569 964 630 grave
983 551 1103 611 incom-

129 659 146 697 ι(
166 638 303 714 modum,
320 648 391 722 puta
403 639 548 720 jacturam
564 638 706 700 lamaevel
717 637 869 700 bonorum
883 639 1002 700 timeret
1012 658 1020 698 ι
1032 640 1105 718 quia

129 748 145 785 u
165 736 313 807 praecepta
326 728 467 790 Ecclesiae
477 745 536 788 non
552 727 765 807 obligantoum
779 727 974 789 incommodo
989 726 1099 806 gravi.»

164 819 196 875 2⁰
220 817 302 877 Alter
316 817 439 879 effectus
454 815 707 896 irregularitatum
725 821 770 877 est
793 815 981 877 inhabilitare
997 814 1034 876 ad
1049 813 1102 874 be·

125 904 235 966 noticia
255 912 284 966 et
302 907 417 980 officia,
434 905 471 966 ad
486 923 617 986 quorum
632 903 802 966 functiones
815 903 955 965 inhabilis
972 911 1015 965 est
1030 903 1101 964 irre·

125 994 259 1073 gularis:
276 995 319 1056 sic
339 995 427 1056 habet
450 993 639 1075 Conc'Trid.
657 993 741 1070 (sess.
759 997 815 1069 ll,
831 1011 858 1054 c.
875 998 905 1070 7,
921 992 966 1054 De
979 989 1050 1073 res.)
1065 991 1106 1054 de

123 1081 292 1144 homicidio
302 1083 487 1146 voluntario:
505 1084 586 1156 oQui
599 1084 654 1144 sut
664 1083 815 1143 voluntate
830 1081 1028 1143 homicidium
1039 1099 1103 1162 per·

129 1191 145 1228 a
165 1173 357 1252 patraverit...
382 1172 465 1234 omni
488 1171 613 1250 ordine,
629 1189 664 1233 ac
679 1169 827 1234 beneficio
850 1175 879 1232 et
896 1171 990 1251 officio
1003 1171 1104 1233 eccle·

128 1281 145 1319 o
161 1261 281 1322 siaslico
292 1263 437 1342 perpetud
451 1268 560 1323 careat.
583 1282 599 1318 o

164 1349 248 1412 Circa
260 1349 342 1412 hunc
356 1350 524 1412 secundum
539 1349 701 1423 ellectum,
717 1349 863 1428 quaeritur
877 1367 916 1409 an
931 1348 1105 1428 irregularis

122 1437 191 1518 ipso
201 1437 279 1500 facto
289 1438 443 1500 beneficiis
458 1445 528 1500 ante
542 1437 790 1518 irregularitatem
801 1437 933 1498 obtentis
947 1437 1103 1516 privetur?

163 1527 254 1606 Resp.
266 1528 320 1588 Vel
331 1527 533 1608 irregularitas
543 1526 681 1607 provenit
694 1543 731 1586 ex
741 1523 915 1586 infirmitate
928 1525 1100 1605 sineculpt,

122 1613 170 1676 vel
186 1631 223 1675 ex
237 1615 357 1678 delicto.

162 1705 197 1784 ln
214 1705 312 1784 primo
325 1724 413 1780 casu,
429 1723 491 1766 non
507 1704 607 1766 sollum
622 1701 795 1781 irregularis
809 1719 864 1764 sua
878 1701 1024 1765 beneficia
1039 1722 1102 1766 non

121 1792 232 1852 amittit
246 1793 310 1874 ipso
326 1793 421 1870 iacto,
439 1794 490 1856 sed
505 1813 563 1856 nec
577 1793 614 1854 iis
627 1790 737 1874 privari
751 1790 839 1853 debet
858 1792 875 1852 t
896 1791 997 1870 judice
1016 1794 1088 1875 (Cap

120 1881 178 1942 Ea
186 1892 293 1963 porte,
311 1885 353 1944 De
366 1883 471 1945 clera'co
485 1884 612 1964 opaca).

161 1972 196 2030 ln
218 1972 351 2033 secundo
377 1991 464 2044 casu,
490 1989 551 2033 non
577 1971 707 2056 privetur
729 1969 853 2051 quidem
873 1969 938 2050 ipso
959 1970 1087 2046 facto,u

119 2064 239 2121 constat
253 2078 290 2122 ex
304 2079 370 2142 cap.
387 2062 442 2123 Eo
457 2062 587 2134 litteris,
602 2059 647 2122 De
663 2079 796 2120 coccos...
814 2058 956 2135 Prodat,
982 2059 1033 2121 sed
1046 2079 1102 2142 per

118 2148 255 2228 judicem
268 2150 376 2230 privari
390 2150 478 2212 debet
492 2200 500 2226 ,
516 2158 544 2212 et
558 2150 679 2211 interim
699 2153 817 2209 tenetur
832 2154 933 2228 petere
944 2148 1098 2228 dispensa-

118 2237 234 2298 tionem
243 2257 252 2312 ;
267 2247 307 2313 et,
321 2238 345 2299 si
360 2257 421 2299 non
437 2245 534 2319 petat,
555 2245 678 2300 autnon
701 2235 794 2316 possit
807 2235 961 2313 obtinere,
982 2243 1100 2300 tenetur

116 2325 234 2403 statim,
249 2327 432 2407 nisi-magna
445 2328 559 2390 laboret
573 2327 761 2398 necessitate,
774 2323 921 2386 beneficia
932 2324 1097 2403 dimittere,

117 2420 174 2476 out
193 2415 297 2477 saltem
319 2416 508 2478 in-lavorem
531 2416 609 2478 tertii
631 2415 794 2494 resignare.
821 2415 864 2474 lta
884 2416 1096 2480 communiter.

116 2505 188 2565 Non
204 2510 363 2566 esttamen
383 2505 529 2568 fructibus
545 2506 590 2567 sui
603 2503 743 2566 beneficii
759 2500 937 2584 privandus,
954 2503 979 2564 si
995 2506 1100 2567 munia

116 2591 216 2673 ipsius
229 2593 386 2674 paralium
406 2595 588 2675 impleveri13
602 2593 684 2668 imd,
700 2593 756 2653 nisi
776 2593 892 2654 crimen
907 2591 994 2654 valde
1010 2592 1098 2655 luerit

117 2699 229 2762 grave,
245 2699 307 2744 non
322 2690 368 2744 est
380 2683 544 2765 privandus
558 2681 756 2765 pensionibus
771 2699 846 2761 quas
860 2680 1002 2762 possidet.

160 2768 220 2831 Sed
234 2771 308 2850 quid
325 2772 363 2833 de
383 2772 543 2846 collatione
570 2769 707 2834 beneficii
731 2769 809 2832 lacta
831 2769 863 2830 in
884 2770 1011 2851 gratiam
1032 2773 1101 2852 eius

158 2949 250 3029 Rcsp.
267 2949 297 3010 Si
313 2959 418 3032 agatur
430 2952 469 3013 de
486 2952 703 3032 irregularitate
718 2950 852 3030 partiali,
870 2966 978 3029 nempe
992 2949 1099 3030 siquis

115 3035 158 3096 ob
171 3036 305 3117 aliquem
326 3038 478 3102 deiectum
500 3040 688 3120 corporalem
709 3044 840 3118 nequeat
854 3037 918 3096 fieri
934 3037 1091 3108 sacerdos,

114 3133 192 3186 tunc
205 3116 410 3190 communiter
423 3136 542 3190 tenetur
556 3128 748 3189 collationem
763 3125 835 3187 huic
846 3123 956 3186 factam
967 3125 1097 3188 validam

114 3230 184 3275 esse
198 3220 228 3274 et
238 3215 360 3279 licitam.
378 3220 421 3280 lta
433 3219 463 3280 S.
480 3208 603 3298 Liguor.
617 3217 681 3295 (lib.
697 3221 727 3290 7,
742 3223 776 3276 n·
790 3213 874 3295 ato).

158 3311 189 3372 Si
210 3314 279 3374 vend
299 3322 405 3395 agatur
427 3316 465 3379 de
488 3315 707 3398 irregularitate
729 3311 831 3387 totali,
847 3310 892 3372 vel
913 3309 1094 3373 beneficium

113 3400 292 3478 huiusmodi
308 3406 464 3486 irregulari
474 3406 617 3468 collatum
631 3410 677 3464 est
688 3401 815 3481 simplex
826 3398 964 3478 obligans
978 3401 1095 3462 tantlxm

113 3488 155 3551 ad
172 3492 379 3555 recitationem
404 3496 572 3570 Horarum,
589 3500 640 3555 aut
658 3492 695 3552 ad
718 3489 800 3551 aliud
823 3487 961 3551 Ollicium
982 3489 1095 3569 quode

114 3576 201 3640 laicis
215 3580 260 3640 vel
276 3581 394 3646 clericis
409 3584 578 3646 minoribus
592 3581 725 3644 exerceri
740 3585 857 3661 potest;
872 3585 902 3640 et
915 3583 990 3641 tuno
1002 3578 1093 3642 collo-

114 3666 159 3728 tio
170 3673 215 3728 est
228 3671 309 3734 certe
320 3672 430 3736 valido.
446 3673 478 3736 Si
491 3672 565 3735 verd
577 3671 710 3734 officium
726 3669 772 3732 vel
782 3667 966 3731 beneficium
981 3686 1041 3730 non
1056 3670 1095 3730 sit

114 3754 264 3838 simplex,
280 3767 331 3821 aut
343 3760 368 3821 si
382 3761 481 3840 exigat
493 3761 670 3824 exercitium
685 3757 800 3820 ord²nis
814 3758 908 3827 sacri.
923 3764 1097 3818 controver-
