2616 4228
460 261 465 270 ·
510 254 604 300 curor
624 254 808 302 rnomuracu.
1108 249 1146 314 27

206 359 284 419 Nota
294 356 376 438 quud
391 354 648 418 «constitutiones
661 355 842 434 apostolice,
856 359 961 419 Romae
972 356 1147 420 solemniter

168 467 187 506 α
208 445 380 528 publicatae,
396 444 465 530 licet
477 443 626 524 quantum
638 461 675 504 ex
689 450 772 523 parte
785 445 844 522 sul,
856 463 892 507 ac
906 445 938 507 in
951 451 1020 508 actu
1033 447 1145 528 primo,

167 556 186 596 ι
208 553 333 597 omnem
346 532 500 616 obligandi
512 533 574 596 vim
590 531 720 594 habeant
734 551 789 613 pro
803 538 867 595 toto
878 534 951 598 orbe
969 535 1143 614 christiano,

168 647 186 684 a
207 624 357 687 tamenin
372 629 440 686 actu
454 621 589 684 secundo
604 639 665 682 non
680 621 817 702 obligant
836 624 934 704 quoad
954 625 1074 706 culpam
1093 634 1146 690 aut

169 735 187 772 ι
208 731 342 796 poenam,
357 713 415 774 nisi
425 718 587 794 postquam
596 710 749 772 sufficiens
759 713 935 774 earumdem
943 713 1046 776 notitia
1058 715 1145 780 tuerit

169 824 188 862 o
209 802 321 878 habita,
335 801 383 865 vel
390 801 496 864 saltem
510 799 612 861 haberi
625 801 766 880 potuerit.
780 822 796 860 a
811 799 854 863 lta
869 801 1037 893 Reiffenst.,
1045 803 1098 866 lib.
1114 809 1144 884 l,
1256 876 1261 884 ,

166 900 204 954 n·
218 896 290 956 123.

208 1000 306 1081 Objic.
326 1004 369 1064 1⁰.
384 1000 510 1080 Semper
523 995 589 1060 tleri
604 996 694 1058 debet
711 997 812 1080 aliqua
831 991 995 1062 notificatio
1012 1000 1142 1064 authen«
1256 1015 1259 1020 '

164 1089 227 1240 goa
238 1090 270 1152 in
280 1089 459 1171 provinciis;
471 1086 524 1149 sed
533 1085 600 1148 talis
611 1084 776 1149 notificatio
790 1093 835 1150 est
847 1107 917 1150 uera
929 1089 1133 1170 promulgatio

194 1198 261 1260 rgo,
277 1187 334 1243 eto.

208 1291 300 1370 Resp.
317 1291 392 1368 Neg.
414 1286 523 1348 Minor.
544 1283 715 1347 Notilicatio
733 1285 907 1348 authentica
925 1287 999 1368 legis
1017 1307 1079 1351 non
1100 1297 1146 1354 cst

166 1379 339 1441 necessaria
354 1377 448 1458 ipsius
461 1373 674 1456 promulgatio.
690 1374 810 1436 Etenim
824 1375 848 1436 si
864 1393 919 1457 per
935 1376 1030 1440 diaria
1043 1377 1143 1442 divul-

166 1472 257 1548 getur
282 1467 414 1550 aliquam
443 1465 541 1545 legem
569 1465 674 1526 Romae
702 1462 794 1525 fuisse
821 1465 1061 1546 promulgatam,
1093 1475 1141 1544 et,

165 1555 310 1620 adeundo
323 1554 463 1618 nuntium
476 1553 521 1615 vel
533 1551 729 1634 Episcopum,
745 1558 861 1614 certum
876 1551 927 1614 liat
939 1558 1040 1616 revera
1053 1556 1146 1620 talem

166 1645 269 1726 legem
283 1645 374 1707 luisse
392 1645 497 1704 Romae
517 1640 752 1722 promulgatam,
773 1639 901 1703 habetur
919 1641 963 1704 sic
981 1643 1147 1709 notificatio

166 1733 244 1814 legis
265 1733 356 1812 hujus
378 1730 562 1794 sufficienter
584 1727 776 1806 authentica3
800 1735 953 1793 ettamen
975 1736 1049 1794 tunc
1074 1752 1144 1798 vera

166 1822 372 1906 promulgatio
386 1838 448 1882 non
459 1819 491 1880 tit
504 1819 536 1880 in
547 1817 680 1880 dioecesi.
696 1817 836 1880 Pluribus
849 1825 953 1881 autem
961 1820 1027 1883 aliis
1036 1823 1142 1886 mediis

166 1912 302 1992 cognitio
315 1909 486 1972 authentica
501 1907 578 1988 legis
592 1906 721 1968 obtineri
738 1913 835 1988 potest
848 1909 923 1990 quin
938 1908 991 1972 liat
1004 1911 1140 1992 promul-

167 2001 249 2080 gatio
263 1999 293 2061 in
309 1998 436 2080 singulis
450 1997 623 2078 provinciis.
640 1998 732 2078 Ergo,
744 2004 802 2060 etc.

207 2106 304 2186 Objic.
319 2111 365 2170 2⁰.
381 2105 443 2168 Nisi
458 2103 509 2166 fiat
523 2102 724 2184 promulgatio
738 2103 770 2165 in
785 2104 966 2186 provinciis,
980 2107 1031 2170 ulii
1045 2109 1146 2192 legem

165 2201 385 2277 cognoscentes
402 2194 591 2275 obligantur,
614 2191 688 2254 dum
711 2192 760 2255 alii
784 2193 867 2255 illam
890 2195 1084 2276 ignorantes,
1105 2199 1148 2260 ab*

166 2285 248 2348 illius
259 2284 442 2367 obligatione
451 2288 541 2346 erunt
551 2282 717 2358 immunes,
731 2288 761 2344 et
773 2282 897 2364 quidem
912 2286 943 2344 in
954 2285 1060 2348 eadem
1074 2287 1145 2349 dim

165 2374 228 2438 cesi
238 2380 269 2436 et
282 2372 410 2437 civitate.
424 2373 518 2454 Ergo,
533 2377 591 2432 etc.

205 2481 298 2560 Resp.
318 2477 403 2540 idem
420 2476 543 2540 euenire
561 2491 665 2556 posse,
681 2473 772 2535 etiam
790 2481 858 2556 post
872 2477 1151 2561 promulgationem

165 2571 197 2633 ln
211 2567 374 2650 prouinciis
386 2585 393 2627 :
406 2582 489 2643 nam,
503 2564 588 2646 Juxta
600 2563 724 2650 Suarez,
740 2563 936 2627 manifestum
949 2573 994 2628 est
1006 2567 1148 2632 sufficere

164 2679 222 2742 pro
235 2661 300 2726 tota
312 2655 437 2719 dioeccsi
451 2653 687 2736 publicationem
697 2671 766 2734 quae
780 2651 813 2714 tit
823 2653 854 2716 in
869 2655 1004 2718 Ecclesia
1018 2659 1106 2720 matri
1112 2673 1147 2717 cu

164 2749 221 2826 (De
236 2748 310 2830 Lag.
330 2745 383 2808 lib.
399 2747 431 2823 t,
450 2761 517 2824 cap.
537 2745 591 2818 15,
612 2750 645 2802 n⁰
662 2745 704 2820 8).
726 2743 764 2802 Et
782 2741 868 2821 juxta
886 2745 951 2804 Van
965 2746 1066 2827 Espen
1085 2762 1139 2808 nor

164 2837 287 2900 dubium
300 2835 375 2917 quin
395 2831 598 2915 promulgatio
616 2831 738 2912 legum,
754 2849 823 2912 quae
839 2831 871 2892 ῆι
893 2834 998 2895 Rome
1012 2837 1138 2916 tantum,

164 2925 319 2990 sufficiens
331 2923 369 2985 sit
381 2926 519 3004 respectu
530 2919 632 3002 populi
646 2921 786 2992 Romani,
800 2918 991 3003 aliorumque
1005 2923 1137 3004 adjacen·

164 3015 243 3079 tium
257 3013 312 3094 (De
327 3010 491 3092 Promulg„
508 3027 578 3090 pars
589 3013 619 3084 t,
632 3027 699 3090 cap.
708 3010 740 3084 3,
751 3007 767 3090 5
780 3011 822 3087 2).
838 3009 931 3072 Porro
945 3029 999 3092 per
1011 3013 1131 3094 promul

164 3104 319 3186 gationem
334 3097 527 3164 solummodo
536 3097 646 3162 tactam
659 3097 690 3158 in
706 3097 842 3158 Ecclesia
854 3100 990 3176 matrice,
1007 3100 1130 3182 impossi

165 3193 226 3256 bile
243 3198 300 3269 cst,
324 3196 358 3253 ut
380 3189 482 3251 statim
503 3187 534 3248 in
556 3185 687 3267 siugulis
705 3186 790 3268 pagis
811 3187 892 3269 leges
909 3199 1140 3269 cognoscantur.

164 3283 233 3346 Non
246 3283 291 3343 est
310 3296 383 3360 ergo
398 3275 602 3340 necessarium
622 3282 656 3338 ut
670 3277 770 3337 statim
790 3276 933 3338 omnibus
951 3277 1033 3356 leges
1049 3277 1143 3342 inno⁴

164 3376 292 3448 teneant,
302 3366 413 3431 sufficit
422 3371 456 3428 ut
464 3383 568 3428 earum
581 3363 684 3426 notitia
694 3363 732 3425 ad
746 3382 854 3425 omnes
867 3367 1024 3445 pervenire
1037 3369 1139 3449 possit.

165 3459 270 3538 Porro,
286 3475 341 3540 per
354 3454 629 3539 promulgationem
645 3452 838 3514 solummodo
850 3455 956 3518 Romae
969 3455 1091 3536 factam,
1104 3459 1144 3520 ad

165 3565 274 3613 omnes
293 3545 451 3630 pervenire
469 3549 566 3625 potest
587 3540 692 3604 notitia
715 3541 817 3623 legum
842 3544 1085 3624 pontificiarum,
1109 3554 1143 3609 ut

165 3655 257 3719 supra
284 3635 526 3699 demonstratum
548 3636 605 3694 est.
638 3633 746 3693 Nonne
777 3633 1053 3696 excommunicatio
1084 3633 1143 3695 lata

166 3726 271 3789 contro
288 3721 494 3804 Napoleonem
514 3721 540 3795 l,
557 3719 674 3782 etiamsi
692 3720 798 3784 Itomae¹
814 3722 932 3782 tantum
953 3719 1140 3793 denuntiata,
