2562 4224
462 341 549 385 ursan
569 341 686 386 narnus.
755 364 759 380 ι
987 327 1063 384 ibt
1153 367 1156 372 -

100 437 347 519 consanguineis,
379 437 519 501 affinibus
547 441 591 502 vel
620 439 815 502 familiaribus
843 437 1061 518 resignantium

99 525 264 588 conferre..

137 615 201 677 296.
224 616 345 688 Quaerit.
360 622 395 679 l⁰
408 617 515 682 litrum
531 625 652 699 propter
669 617 735 678 illas
749 634 855 678 omnes
870 633 991 690 causas,
1009 614 1062 675 ha·

104 704 170 764 bens
182 703 312 767 cilicium
325 711 460 769 teneatur
475 707 506 766 in
522 705 706 768 conscientia
720 705 762 766 illi
774 703 971 766 renuntiare?

135 793 219 873 Resp.
232 795 311 856 Raro
324 813 395 856 eum
410 793 447 856 ad
462 793 492 856 id
506 795 600 856 teneri
615 794 647 856 in
660 793 844 856 conscientia
858 798 927 854 ante
941 795 1062 853 senten·

103 897 165 939 ram
176 899 360 961 superioris

138 970 165 1028 l⁰
179 971 243 1030 Non
259 977 378 1033 tenetur
395 971 430 1032 od
445 949 676 1033 imbecillitatem
691 964 840 1052 corperis3
859 971 922 1032 imb
937 987 993 1032 neo
1012 988 1062 1032 su-

104 1059 192 1130 perior
205 1057 244 1119 cb
264 1061 343 1122 banc
356 1079 478 1122 causam
497 1067 594 1141 potest
612 1059 744 1141 aliquem
763 1079 817 1122 suo
839 1059 987 1121 beneficio
1000 1059 1063 1139 pri·

102 1161 162 1206 rnre
175 1153 206 1208 ut
219 1155 346 1210 constat.
363 1167 399 1210 ex
414 1167 480 1230 cap,
498 1151 551 1211 Ee
560 1169 619 1231 par
621 1153 691 1224 tel,
711 1149 752 1210 ne
762 1149 877 1212 Clerico
890 1157 1061 1228 nunciante,

102 1232 538 1316 ΜΜΜΜΜ,Μ

137 1325 166 1382 2⁰
179 1327 244 1387 Non
259 1331 379 1388 tenetur
392 1327 427 1388 ob
440 1327 585 1409 defectum
598 1327 751 1389 scientiae:
768 1346 838 1388 nam
852 1327 897 1390 vel
913 1334 957 1388 est
970 1346 1064 1407 capax

102 1408 264 1475 addiscendi
279 1415 435 1476 scientiam
450 1423 683 1517 competentem,
695 1415 768 1476 etad
782 1417 863 1477 boct
852 1418 969 1477 tantiam
983 1423 1064 1478 tene-

102 1509 155 1570 tur,
168 1503 372 1603 providendo
366 1511 478 1566 interca
488 1523 543 1568 suo
556 1505 674 1566 muneri
685 1523 739 1585 per
749 1505 928 1566 idoneum
901 1505 1061 1606 vicarium,

103 1587 142 1648 rel
155 1591 216 1652 est
210 1610 337 1672 incapax
355 1592 547 1668 addiscendi,
563 1601 592 1654 et
615 1593 713 1654 adhuc
733 1592 841 1653 suflicit
861 1592 944 1673 qudd
963 1593 1064 1672 provi·

102 1673 199 1740 deatur
216 1679 316 1742 officio
337 1699 390 1761 per
404 1681 630 1760 coadjutorem:
653 1702 667 1738 a
681 1681 756 1752 Quia
771 1681 898 1742 illiterati
917 1686 947 1742 et
964 1681 1064 1762 impc-

105 1785 119 1821 a
137 1765 199 1841 riti,
223 1769 321 1849 inquit
339 1769 471 1832 Trident.
487 1770 571 1848 (sess.
588 1773 638 1846 nl,
653 1788 680 1830 c.
697 1773 727 1845 6,
743 1769 788 1832 De
803 1770 960 1851 Reform),
975 1789 1063 1852 paro-

107 1875 119 1908 r
137 1854 277 1919 chialium
300 1858 497 1920 ecclesiarum
519 1865 649 1920 rectores
673 1858 765 1920 sacris
788 1859 889 1921 minus
914 1861 974 1941 apti
994 1867 1066 1922 sunt

107 1943 275 2010 rollioiis...
301 1947 461 2030 Episcopi,
488 1949 579 2009 etiam
601 1953 745 2028 tanquam
775 1948 952 2028 Apostolicae
980 1952 1065 2013 Sedis

106 2055 119 2086 a
138 2032 281 2116 delegati,
297 2035 405 2098 iisdem
420 2037 564 2098 illiteratis
583 2044 613 2098 et
627 2037 790 2118 imperitis,
807 2039 831 2098 si
846 2037 918 2100 aliis
931 2039 1065 2103 honestae

108 2142 120 2175 r
139 2119 201 2184 vilae
215 2125 273 2186 sint
283 2171 292 2200 ,
304 2125 485 2205 coadjutores
500 2126 623 2187 vicarios
635 2145 691 2208 pro
704 2133 828 2206 tempore
836 2125 986 2208 deputare,
1000 2148 1066 2209 par·

107 2231 120 2267 r
138 2218 258 2294 temque
271 2212 426 2277 fructuum
440 2215 554 2276 eisdem
568 2235 623 2296 pro
636 2213 795 2296 sufficienti
808 2214 886 2277 victu
900 2217 1057 2298 assignare,

108 2321 120 2354 a
140 2301 181 2362 rel
194 2304 280 2364 aliter
294 2303 447 2384 providere
462 2305 595 2386 possint,
612 2307 804 2385 quacumque
822 2305 1020 2385 appellatione
1029 2315 1059 2372 et

108 2411 122 2446 u
139 2393 329 2473 exemptione
344 2395 469 2454 remoti.
484 2415 500 2451 a

139 2489 168 2548 3⁰
183 2487 287 2560 Quoad
306 2488 378 2550 alias
400 2507 520 2564 causas,
536 2485 581 2548 rel
601 2495 698 2569 potest
720 2487 853 2566 provisus
869 2490 987 2551 muneri
1011 2509 1066 2554 suo

104 2577 253 2652 providere
275 2595 328 2658 per
349 2577 492 2639 idoneum
512 2575 732 2656 coadjutorem,
750 2574 794 2636 vel
811 2593 871 2636 non
888 2595 896 2636 ι
915 2577 946 2638 in
967 2580 1066 2660 primo

105 2682 189 2742 casu,
210 2685 272 2728 non
294 2665 409 2728 videtur
429 2665 525 2726 teneri
547 2665 584 2726 ad
605 2664 815 2726 dimittendum
845 2664 977 2728 officium
997 2677 1066 2732 ante

105 2757 278 2816 senteutiam
296 2755 480 2816 definitivam
496 2755 673 2834 superioris;
688 2754 718 2814 in
733 2754 866 2816 secondo
878 2773 968 2834 casu,
984 2759 1065 2821 solu-

105 2841 142 2902 tio
164 2845 274 2925 pendet
289 2843 404 2906 averiis
416 2845 649 2906 circumstantiis
668 2861 847 2905 causarum:
864 2849 1066 2928 namquando
1105 2883 1108 2891 ,

105 2947 188 2994 causa
202 2932 338 3014 procedit
351 2951 389 2994 en
401 2933 462 2992 sold
476 2931 592 2992 molitiei
605 2931 695 3014 plebis
715 2951 767 2994 seu
781 2950 817 2992 ex
838 2935 979 2998 scandalo
993 2939 1065 3018 plra-

106 3021 222 3099 risaico,
240 3042 298 3084 non
321 3029 366 3083 est
384 3021 525 3102 obligatio
543 3021 711 3082 dimittendi
726 3020 878 3084 cilicium:
896 3025 973 3100 imo,
990 3045 1066 3106 prae·

46 3105 49 3112 ’
104 3112 200 3171 sertim
220 3119 289 3192 post
313 3109 510 3172 sufficientem
533 3111 751 3186 monitionem,
778 3129 839 3172 non
862 3113 979 3174 videtur
1002 3133 1067 3178 esse

77 3199 81 3212 '
106 3197 314 3280 obligationem
335 3199 505 3262 dimittendi
529 3201 568 3262 ob
589 3201 764 3262 scandalum
792 3200 986 3278 pusillorum,
1009 3205 1066 3266 nisi

108 3291 200 3351 lamen
219 3291 299 3353 banc
322 3289 541 3364 dimissionem,
560 3292 640 3369 justat
658 3291 748 3351 causa
764 3289 995 3369 interveniente,
1013 3311 1067 3373 pc-

107 3383 175 3439 leret
189 3382 218 3442 S.
236 3377 384 3442 Pontifex.
400 3379 430 3440 Si
446 3397 536 3440 causa
556 3380 595 3440 sit
616 3377 843 3458 r‘rrepuluritus,
858 3383 978 3440 tenetur
995 3401 1067 3462 pro·

106 3465 179 3529 risus
197 3468 453 3548 dispensationem
469 3468 606 3528 obtinere
626 3475 677 3527 aut
698 3465 847 3528 dimittere
868 3467 1023 3550 officium,
1043 3475 1066 3536 sl

106 3573 155 3633 per
166 3557 362 3619 substitutum
377 3574 438 3618 non
453 3556 549 3636 voleat
563 3555 744 3633 adimplere;
758 3554 831 3618 ratio
846 3563 938 3638 patet.
